ts_et,ticker,price,count,taker_side
2026-04-18 04:08:02 PM,KXATPCHALLENGERMATCH-26APR18TABMMO-TAB,60,2,yes
2026-04-18 04:08:02 PM,KXATPCHALLENGERMATCH-26APR18TABMMO-TAB,60,4,yes
2026-04-18 04:08:02 PM,KXATPCHALLENGERMATCH-26APR18TABMMO-TAB,60,4,yes
2026-04-18 04:08:02 PM,KXATPCHALLENGERMATCH-26APR18TABMMO-TAB,60,4,yes
2026-04-18 04:08:02 PM,KXATPCHALLENGERMATCH-26APR18TABMMO-TAB,60,4,yes
2026-04-18 04:08:02 PM,KXATPCHALLENGERMATCH-26APR18TABMMO-TAB,60,4,yes
2026-04-18 04:08:02 PM,KXATPCHALLENGERMATCH-26APR18TABMMO-TAB,60,4,yes
2026-04-18 04:08:02 PM,KXATPCHALLENGERMATCH-26APR18TABMMO-TAB,60,4,yes
2026-04-18 04:08:02 PM,KXATPCHALLENGERMATCH-26APR18TABMMO-TAB,61,1,yes
2026-04-18 04:08:24 PM,KXATPCHALLENGERMATCH-26APR18TABMMO-TAB,60,4,yes
2026-04-18 04:08:24 PM,KXATPCHALLENGERMATCH-26APR18TABMMO-TAB,60,4,yes
2026-04-18 04:08:24 PM,KXATPCHALLENGERMATCH-26APR18TABMMO-TAB,60,4,yes
2026-04-18 04:08:24 PM,KXATPCHALLENGERMATCH-26APR18TABMMO-TAB,60,4,yes
2026-04-18 04:08:24 PM,KXATPCHALLENGERMATCH-26APR18TABMMO-TAB,61,46,yes
2026-04-18 04:10:04 PM,KXATPCHALLENGERMATCH-26APR18TABMMO-TAB,60,4,yes
2026-04-18 04:10:04 PM,KXATPCHALLENGERMATCH-26APR18TABMMO-TAB,60,4,yes
2026-04-18 04:10:04 PM,KXATPCHALLENGERMATCH-26APR18TABMMO-TAB,60,4,yes
2026-04-18 04:10:04 PM,KXATPCHALLENGERMATCH-26APR18TABMMO-TAB,60,4,yes
2026-04-18 04:10:04 PM,KXATPCHALLENGERMATCH-26APR18TABMMO-TAB,60,4,yes
2026-04-18 04:10:04 PM,KXATPCHALLENGERMATCH-26APR18TABMMO-TAB,60,4,yes
2026-04-18 04:10:04 PM,KXATPCHALLENGERMATCH-26APR18TABMMO-TAB,60,0,yes
2026-04-18 04:10:17 PM,KXATPCHALLENGERMATCH-26APR18TABMMO-TAB,60,3,yes
2026-04-18 04:10:17 PM,KXATPCHALLENGERMATCH-26APR18TABMMO-TAB,60,4,yes
2026-04-18 04:10:17 PM,KXATPCHALLENGERMATCH-26APR18TABMMO-TAB,60,4,yes
2026-04-18 04:10:17 PM,KXATPCHALLENGERMATCH-26APR18TABMMO-TAB,60,4,yes
2026-04-18 04:10:17 PM,KXATPCHALLENGERMATCH-26APR18TABMMO-TAB,61,16,yes
2026-04-18 04:18:45 PM,KXATPCHALLENGERMATCH-26APR18TABMMO-TAB,58,4,no
2026-04-18 04:18:45 PM,KXATPCHALLENGERMATCH-26APR18TABMMO-TAB,58,58,no
2026-04-18 04:20:29 PM,KXATPCHALLENGERMATCH-26APR18TABMMO-TAB,60,4,yes
2026-04-18 04:20:29 PM,KXATPCHALLENGERMATCH-26APR18TABMMO-TAB,60,4,yes
2026-04-18 04:20:29 PM,KXATPCHALLENGERMATCH-26APR18TABMMO-TAB,60,4,yes
2026-04-18 04:20:29 PM,KXATPCHALLENGERMATCH-26APR18TABMMO-TAB,60,4,yes
2026-04-18 04:20:29 PM,KXATPCHALLENGERMATCH-26APR18TABMMO-TAB,60,4,yes
2026-04-18 04:20:29 PM,KXATPCHALLENGERMATCH-26APR18TABMMO-TAB,60,4,yes
2026-04-18 04:20:29 PM,KXATPCHALLENGERMATCH-26APR18TABMMO-TAB,60,1,yes
2026-04-18 04:20:51 PM,KXATPCHALLENGERMATCH-26APR18TABMMO-TAB,60,3,yes
2026-04-18 04:20:51 PM,KXATPCHALLENGERMATCH-26APR18TABMMO-TAB,60,4,yes
2026-04-18 04:20:51 PM,KXATPCHALLENGERMATCH-26APR18TABMMO-TAB,60,155,yes
2026-04-18 04:21:00 PM,KXATPCHALLENGERMATCH-26APR18TABMMO-TAB,60,322,yes
2026-04-18 04:21:01 PM,KXATPCHALLENGERMATCH-26APR18TABMMO-TAB,60,22,yes
2026-04-18 04:21:01 PM,KXATPCHALLENGERMATCH-26APR18TABMMO-TAB,60,4,yes
2026-04-18 04:21:01 PM,KXATPCHALLENGERMATCH-26APR18TABMMO-TAB,60,0,yes
2026-04-18 04:21:18 PM,KXATPCHALLENGERMATCH-26APR18TABMMO-TAB,60,3,yes
2026-04-18 04:21:18 PM,KXATPCHALLENGERMATCH-26APR18TABMMO-TAB,60,4,yes
2026-04-18 04:21:18 PM,KXATPCHALLENGERMATCH-26APR18TABMMO-TAB,60,4,yes
2026-04-18 04:21:18 PM,KXATPCHALLENGERMATCH-26APR18TABMMO-TAB,60,4,yes
2026-04-18 04:21:18 PM,KXATPCHALLENGERMATCH-26APR18TABMMO-TAB,60,4,yes
2026-04-18 04:21:18 PM,KXATPCHALLENGERMATCH-26APR18TABMMO-TAB,60,4,yes
2026-04-18 04:21:18 PM,KXATPCHALLENGERMATCH-26APR18TABMMO-TAB,60,7,yes
2026-04-18 04:21:18 PM,KXATPCHALLENGERMATCH-26APR18TABMMO-TAB,60,4,yes
2026-04-18 04:21:18 PM,KXATPCHALLENGERMATCH-26APR18TABMMO-TAB,61,125,yes
2026-04-18 04:21:21 PM,KXATPCHALLENGERMATCH-26APR18TABMMO-TAB,60,4,yes
2026-04-18 04:21:21 PM,KXATPCHALLENGERMATCH-26APR18TABMMO-TAB,60,4,yes
2026-04-18 04:21:21 PM,KXATPCHALLENGERMATCH-26APR18TABMMO-TAB,60,4,yes
2026-04-18 04:21:21 PM,KXATPCHALLENGERMATCH-26APR18TABMMO-TAB,60,4,yes
2026-04-18 04:21:21 PM,KXATPCHALLENGERMATCH-26APR18TABMMO-TAB,60,4,yes
2026-04-18 04:21:21 PM,KXATPCHALLENGERMATCH-26APR18TABMMO-TAB,60,4,yes
2026-04-18 04:21:25 PM,KXATPCHALLENGERMATCH-26APR18TABMMO-TAB,61,16,yes
2026-04-18 04:21:26 PM,KXATPCHALLENGERMATCH-26APR18TABMMO-TAB,61,1,yes
2026-04-18 04:21:30 PM,KXATPCHALLENGERMATCH-26APR18TABMMO-TAB,61,15,yes
2026-04-18 04:21:39 PM,KXATPCHALLENGERMATCH-26APR18TABMMO-TAB,61,20,yes
2026-04-18 04:21:41 PM,KXATPCHALLENGERMATCH-26APR18TABMMO-TAB,61,74,yes
2026-04-18 04:21:41 PM,KXATPCHALLENGERMATCH-26APR18TABMMO-TAB,61,103,yes
2026-04-18 04:21:45 PM,KXATPCHALLENGERMATCH-26APR18TABMMO-TAB,60,4,no
2026-04-18 04:21:45 PM,KXATPCHALLENGERMATCH-26APR18TABMMO-TAB,60,4,no
2026-04-18 04:21:45 PM,KXATPCHALLENGERMATCH-26APR18TABMMO-TAB,60,4,no
2026-04-18 04:21:45 PM,KXATPCHALLENGERMATCH-26APR18TABMMO-TAB,60,4,no
2026-04-18 04:21:45 PM,KXATPCHALLENGERMATCH-26APR18TABMMO-TAB,60,4,no
2026-04-18 04:21:45 PM,KXATPCHALLENGERMATCH-26APR18TABMMO-TAB,60,4,no
2026-04-18 04:21:45 PM,KXATPCHALLENGERMATCH-26APR18TABMMO-TAB,60,2,no
2026-04-18 04:21:49 PM,KXATPCHALLENGERMATCH-26APR18TABMMO-TAB,60,2,yes
2026-04-18 04:21:49 PM,KXATPCHALLENGERMATCH-26APR18TABMMO-TAB,60,4,yes
2026-04-18 04:21:49 PM,KXATPCHALLENGERMATCH-26APR18TABMMO-TAB,61,25,yes
2026-04-18 04:21:55 PM,KXATPCHALLENGERMATCH-26APR18TABMMO-TAB,60,1,yes
2026-04-18 04:22:05 PM,KXATPCHALLENGERMATCH-26APR18TABMMO-TAB,60,3,yes
2026-04-18 04:22:05 PM,KXATPCHALLENGERMATCH-26APR18TABMMO-TAB,60,4,yes
2026-04-18 04:22:05 PM,KXATPCHALLENGERMATCH-26APR18TABMMO-TAB,60,1,yes
2026-04-18 04:22:08 PM,KXATPCHALLENGERMATCH-26APR18TABMMO-TAB,60,7,yes
2026-04-18 04:22:08 PM,KXATPCHALLENGERMATCH-26APR18TABMMO-TAB,60,4,yes
2026-04-18 04:22:08 PM,KXATPCHALLENGERMATCH-26APR18TABMMO-TAB,60,1,yes
2026-04-18 04:22:08 PM,KXATPCHALLENGERMATCH-26APR18TABMMO-TAB,61,2,yes
2026-04-18 04:22:13 PM,KXATPCHALLENGERMATCH-26APR18TABMMO-TAB,60,4,yes
2026-04-18 04:22:13 PM,KXATPCHALLENGERMATCH-26APR18TABMMO-TAB,60,28,yes
2026-04-18 04:22:19 PM,KXATPCHALLENGERMATCH-26APR18TABMMO-TAB,60,10,yes
2026-04-18 04:22:19 PM,KXATPCHALLENGERMATCH-26APR18TABMMO-TAB,60,4,yes
2026-04-18 04:22:20 PM,KXATPCHALLENGERMATCH-26APR18TABMMO-TAB,60,4,no
2026-04-18 04:22:34 PM,KXATPCHALLENGERMATCH-26APR18TABMMO-TAB,61,43,yes
2026-04-18 04:22:36 PM,KXATPCHALLENGERMATCH-26APR18TABMMO-TAB,61,258,yes
2026-04-18 04:22:36 PM,KXATPCHALLENGERMATCH-26APR18TABMMO-TAB,61,786,yes
2026-04-18 04:22:43 PM,KXATPCHALLENGERMATCH-26APR18TABMMO-TAB,61,146,yes
2026-04-18 04:22:43 PM,KXATPCHALLENGERMATCH-26APR18TABMMO-TAB,61,1,yes
2026-04-18 04:22:43 PM,KXATPCHALLENGERMATCH-26APR18TABMMO-TAB,61,4,yes
2026-04-18 04:22:43 PM,KXATPCHALLENGERMATCH-26APR18TABMMO-TAB,61,4,yes
2026-04-18 04:22:43 PM,KXATPCHALLENGERMATCH-26APR18TABMMO-TAB,61,1,yes
2026-04-18 04:22:55 PM,KXATPCHALLENGERMATCH-26APR18TABMMO-TAB,61,2,yes
2026-04-18 04:22:55 PM,KXATPCHALLENGERMATCH-26APR18TABMMO-TAB,61,4,yes
2026-04-18 04:22:55 PM,KXATPCHALLENGERMATCH-26APR18TABMMO-TAB,61,500,yes
2026-04-18 04:22:55 PM,KXATPCHALLENGERMATCH-26APR18TABMMO-TAB,61,291,yes
2026-04-18 04:22:56 PM,KXATPCHALLENGERMATCH-26APR18TABMMO-TAB,60,4,no
2026-04-18 04:22:56 PM,KXATPCHALLENGERMATCH-26APR18TABMMO-TAB,60,4,no
2026-04-18 04:22:56 PM,KXATPCHALLENGERMATCH-26APR18TABMMO-TAB,60,2,no
2026-04-18 04:22:56 PM,KXATPCHALLENGERMATCH-26APR18TABMMO-TAB,60,2,yes
2026-04-18 04:22:56 PM,KXATPCHALLENGERMATCH-26APR18TABMMO-TAB,60,4,yes
2026-04-18 04:22:56 PM,KXATPCHALLENGERMATCH-26APR18TABMMO-TAB,60,4,yes
2026-04-18 04:22:56 PM,KXATPCHALLENGERMATCH-26APR18TABMMO-TAB,60,4,yes
2026-04-18 04:22:56 PM,KXATPCHALLENGERMATCH-26APR18TABMMO-TAB,60,4,yes
2026-04-18 04:22:56 PM,KXATPCHALLENGERMATCH-26APR18TABMMO-TAB,60,4,yes
2026-04-18 04:22:56 PM,KXATPCHALLENGERMATCH-26APR18TABMMO-TAB,61,136,yes
2026-04-18 04:22:57 PM,KXATPCHALLENGERMATCH-26APR18TABMMO-TAB,61,269,yes
2026-04-18 04:22:57 PM,KXATPCHALLENGERMATCH-26APR18TABMMO-TAB,61,10,yes
2026-04-18 04:22:57 PM,KXATPCHALLENGERMATCH-26APR18TABMMO-TAB,61,10,yes
2026-04-18 04:22:57 PM,KXATPCHALLENGERMATCH-26APR18TABMMO-TAB,61,7,yes
2026-04-18 04:22:57 PM,KXATPCHALLENGERMATCH-26APR18TABMMO-TAB,61,35,yes
2026-04-18 04:23:14 PM,KXATPCHALLENGERMATCH-26APR18TABMMO-TAB,60,4,yes
2026-04-18 04:23:14 PM,KXATPCHALLENGERMATCH-26APR18TABMMO-TAB,60,4,yes
2026-04-18 04:23:14 PM,KXATPCHALLENGERMATCH-26APR18TABMMO-TAB,60,4,yes
2026-04-18 04:23:14 PM,KXATPCHALLENGERMATCH-26APR18TABMMO-TAB,60,4,yes
2026-04-18 04:23:14 PM,KXATPCHALLENGERMATCH-26APR18TABMMO-TAB,60,4,yes
2026-04-18 04:23:14 PM,KXATPCHALLENGERMATCH-26APR18TABMMO-TAB,60,4,yes
2026-04-18 04:23:14 PM,KXATPCHALLENGERMATCH-26APR18TABMMO-TAB,60,14,yes
2026-04-18 04:23:14 PM,KXATPCHALLENGERMATCH-26APR18TABMMO-TAB,60,12,yes
2026-04-18 04:23:14 PM,KXATPCHALLENGERMATCH-26APR18TABMMO-TAB,60,36,yes
2026-04-18 04:23:14 PM,KXATPCHALLENGERMATCH-26APR18TABMMO-TAB,61,314,yes
2026-04-18 04:23:28 PM,KXATPCHALLENGERMATCH-26APR18TABMMO-TAB,59,98,yes
2026-04-18 04:23:34 PM,KXATPCHALLENGERMATCH-26APR18TABMMO-TAB,59,201,yes
2026-04-18 04:23:51 PM,KXATPCHALLENGERMATCH-26APR18TABMMO-TAB,60,3,yes
2026-04-18 04:23:56 PM,KXATPCHALLENGERMATCH-26APR18TABMMO-TAB,60,11,yes
2026-04-18 04:23:56 PM,KXATPCHALLENGERMATCH-26APR18TABMMO-TAB,60,4,yes
2026-04-18 04:23:56 PM,KXATPCHALLENGERMATCH-26APR18TABMMO-TAB,60,4,yes
2026-04-18 04:23:56 PM,KXATPCHALLENGERMATCH-26APR18TABMMO-TAB,60,4,yes
2026-04-18 04:23:56 PM,KXATPCHALLENGERMATCH-26APR18TABMMO-TAB,60,4,yes
2026-04-18 04:23:56 PM,KXATPCHALLENGERMATCH-26APR18TABMMO-TAB,60,8,yes
2026-04-18 04:24:02 PM,KXATPCHALLENGERMATCH-26APR18TABMMO-TAB,60,7,yes
2026-04-18 04:24:02 PM,KXATPCHALLENGERMATCH-26APR18TABMMO-TAB,60,4,yes
2026-04-18 04:24:02 PM,KXATPCHALLENGERMATCH-26APR18TABMMO-TAB,60,4,yes
2026-04-18 04:24:02 PM,KXATPCHALLENGERMATCH-26APR18TABMMO-TAB,60,4,yes
2026-04-18 04:24:04 PM,KXATPCHALLENGERMATCH-26APR18TABMMO-TAB,60,7,yes
2026-04-18 04:24:04 PM,KXATPCHALLENGERMATCH-26APR18TABMMO-TAB,60,4,yes
2026-04-18 04:24:04 PM,KXATPCHALLENGERMATCH-26APR18TABMMO-TAB,60,4,yes
2026-04-18 04:24:04 PM,KXATPCHALLENGERMATCH-26APR18TABMMO-TAB,60,4,yes
2026-04-18 04:24:04 PM,KXATPCHALLENGERMATCH-26APR18TABMMO-TAB,61,116,yes
2026-04-18 04:24:11 PM,KXATPCHALLENGERMATCH-26APR18TABMMO-TAB,60,4,yes
2026-04-18 04:24:15 PM,KXATPCHALLENGERMATCH-26APR18TABMMO-TAB,60,4,yes
2026-04-18 04:24:19 PM,KXATPCHALLENGERMATCH-26APR18TABMMO-TAB,60,4,yes
2026-04-18 04:24:27 PM,KXATPCHALLENGERMATCH-26APR18TABMMO-TAB,60,3,yes
2026-04-18 04:24:28 PM,KXATPCHALLENGERMATCH-26APR18TABMMO-TAB,60,1,yes
2026-04-18 04:24:28 PM,KXATPCHALLENGERMATCH-26APR18TABMMO-TAB,60,7,yes
2026-04-18 04:24:29 PM,KXATPCHALLENGERMATCH-26APR18TABMMO-TAB,60,4,yes
2026-04-18 04:24:29 PM,KXATPCHALLENGERMATCH-26APR18TABMMO-TAB,61,15,yes
2026-04-18 04:24:38 PM,KXATPCHALLENGERMATCH-26APR18TABMMO-TAB,60,3,yes
2026-04-18 04:24:42 PM,KXATPCHALLENGERMATCH-26APR18TABMMO-TAB,60,1,yes
2026-04-18 04:24:42 PM,KXATPCHALLENGERMATCH-26APR18TABMMO-TAB,60,5,yes
2026-04-18 04:24:42 PM,KXATPCHALLENGERMATCH-26APR18TABMMO-TAB,60,6,yes
2026-04-18 04:24:48 PM,KXATPCHALLENGERMATCH-26APR18TABMMO-TAB,60,0,yes
2026-04-18 04:24:48 PM,KXATPCHALLENGERMATCH-26APR18TABMMO-TAB,60,4,yes
2026-04-18 04:24:51 PM,KXATPCHALLENGERMATCH-26APR18TABMMO-TAB,60,403,yes
2026-04-18 04:24:53 PM,KXATPCHALLENGERMATCH-26APR18TABMMO-TAB,60,1,yes
2026-04-18 04:25:01 PM,KXATPCHALLENGERMATCH-26APR18TABMMO-TAB,60,6,yes
2026-04-18 04:25:08 PM,KXATPCHALLENGERMATCH-26APR18TABMMO-TAB,60,4,yes
2026-04-18 04:25:29 PM,KXATPCHALLENGERMATCH-26APR18TABMMO-TAB,60,7,yes
2026-04-18 04:25:29 PM,KXATPCHALLENGERMATCH-26APR18TABMMO-TAB,60,4,yes
2026-04-18 04:25:29 PM,KXATPCHALLENGERMATCH-26APR18TABMMO-TAB,60,31,yes
2026-04-18 04:25:29 PM,KXATPCHALLENGERMATCH-26APR18TABMMO-TAB,60,54,yes
2026-04-18 04:26:22 PM,KXATPCHALLENGERMATCH-26APR18TABMMO-TAB,60,69,yes
2026-04-18 04:27:12 PM,KXATPCHALLENGERMATCH-26APR18TABMMO-TAB,60,1141,yes
2026-04-18 04:27:12 PM,KXATPCHALLENGERMATCH-26APR18TABMMO-TAB,60,4,yes
2026-04-18 04:27:12 PM,KXATPCHALLENGERMATCH-26APR18TABMMO-TAB,60,7,yes
2026-04-18 04:27:12 PM,KXATPCHALLENGERMATCH-26APR18TABMMO-TAB,60,198,yes
2026-04-18 04:27:57 PM,KXATPCHALLENGERMATCH-26APR18TABMMO-TAB,60,64,yes
2026-04-18 04:28:13 PM,KXATPCHALLENGERMATCH-26APR18TABMMO-TAB,60,48,yes
2026-04-18 04:29:03 PM,KXATPCHALLENGERMATCH-26APR18TABMMO-TAB,60,40,yes
2026-04-18 04:29:40 PM,KXATPCHALLENGERMATCH-26APR18TABMMO-TAB,60,10,yes
2026-04-18 04:29:42 PM,KXATPCHALLENGERMATCH-26APR18TABMMO-TAB,60,21,yes
2026-04-18 04:29:44 PM,KXATPCHALLENGERMATCH-26APR18TABMMO-TAB,60,418,yes
2026-04-18 04:29:52 PM,KXATPCHALLENGERMATCH-26APR18TABMMO-TAB,60,141,yes
2026-04-18 04:29:59 PM,KXATPCHALLENGERMATCH-26APR18TABMMO-TAB,60,1,yes
2026-04-18 04:30:00 PM,KXATPCHALLENGERMATCH-26APR18TABMMO-TAB,59,11,no
2026-04-18 04:30:11 PM,KXATPCHALLENGERMATCH-26APR18TABMMO-TAB,60,403,yes
2026-04-18 04:30:11 PM,KXATPCHALLENGERMATCH-26APR18TABMMO-TAB,60,53,yes
2026-04-18 04:30:11 PM,KXATPCHALLENGERMATCH-26APR18TABMMO-TAB,60,3,yes
2026-04-18 04:30:11 PM,KXATPCHALLENGERMATCH-26APR18TABMMO-TAB,60,96,yes
2026-04-18 04:30:11 PM,KXATPCHALLENGERMATCH-26APR18TABMMO-TAB,60,7,yes
2026-04-18 04:30:11 PM,KXATPCHALLENGERMATCH-26APR18TABMMO-TAB,60,33,yes
2026-04-18 04:31:27 PM,KXATPCHALLENGERMATCH-26APR18TABMMO-TAB,60,1,yes
2026-04-18 04:31:30 PM,KXATPCHALLENGERMATCH-26APR18TABMMO-TAB,59,239,no
2026-04-18 04:31:30 PM,KXATPCHALLENGERMATCH-26APR18TABMMO-TAB,59,48,no
2026-04-18 04:31:53 PM,KXATPCHALLENGERMATCH-26APR18TABMMO-TAB,60,6,yes
2026-04-18 04:31:53 PM,KXATPCHALLENGERMATCH-26APR18TABMMO-TAB,60,5,yes
2026-04-18 04:31:53 PM,KXATPCHALLENGERMATCH-26APR18TABMMO-TAB,60,188,yes
2026-04-18 04:32:16 PM,KXATPCHALLENGERMATCH-26APR18TABMMO-TAB,60,24,yes
2026-04-18 04:32:35 PM,KXATPCHALLENGERMATCH-26APR18TABMMO-TAB,60,69,yes
2026-04-18 04:32:36 PM,KXATPCHALLENGERMATCH-26APR18TABMMO-TAB,59,405,yes
2026-04-18 04:32:37 PM,KXATPCHALLENGERMATCH-26APR18TABMMO-TAB,59,111,yes
2026-04-18 04:32:37 PM,KXATPCHALLENGERMATCH-26APR18TABMMO-TAB,59,40,yes
2026-04-18 04:32:37 PM,KXATPCHALLENGERMATCH-26APR18TABMMO-TAB,60,11,yes
2026-04-18 04:32:42 PM,KXATPCHALLENGERMATCH-26APR18TABMMO-TAB,59,49,yes
2026-04-18 04:33:00 PM,KXATPCHALLENGERMATCH-26APR18TABMMO-TAB,59,478,yes
2026-04-18 04:33:00 PM,KXATPCHALLENGERMATCH-26APR18TABMMO-TAB,59,57,yes
2026-04-18 04:33:02 PM,KXATPCHALLENGERMATCH-26APR18TABMMO-TAB,59,329,yes
2026-04-18 04:33:05 PM,KXATPCHALLENGERMATCH-26APR18TABMMO-TAB,59,16,yes
2026-04-18 04:33:11 PM,KXATPCHALLENGERMATCH-26APR18TABMMO-TAB,59,14,yes
2026-04-18 04:33:19 PM,KXATPCHALLENGERMATCH-26APR18TABMMO-TAB,59,21,yes
2026-04-18 04:33:38 PM,KXATPCHALLENGERMATCH-26APR18TABMMO-TAB,59,124,yes
2026-04-18 04:33:43 PM,KXATPCHALLENGERMATCH-26APR18TABMMO-TAB,59,97,yes
2026-04-18 04:33:56 PM,KXATPCHALLENGERMATCH-26APR18TABMMO-TAB,59,88,yes
2026-04-18 04:33:58 PM,KXATPCHALLENGERMATCH-26APR18TABMMO-TAB,59,41,yes
2026-04-18 04:34:02 PM,KXATPCHALLENGERMATCH-26APR18TABMMO-TAB,59,16,yes
2026-04-18 04:34:20 PM,KXATPCHALLENGERMATCH-26APR18TABMMO-TAB,59,41,yes
2026-04-18 04:34:21 PM,KXATPCHALLENGERMATCH-26APR18TABMMO-TAB,59,12,yes
2026-04-18 04:34:33 PM,KXATPCHALLENGERMATCH-26APR18TABMMO-TAB,59,8,yes
2026-04-18 04:34:36 PM,KXATPCHALLENGERMATCH-26APR18TABMMO-TAB,59,82,yes
2026-04-18 04:34:45 PM,KXATPCHALLENGERMATCH-26APR18TABMMO-TAB,59,41,yes
2026-04-18 04:34:50 PM,KXATPCHALLENGERMATCH-26APR18TABMMO-TAB,59,1,yes
2026-04-18 04:34:58 PM,KXATPCHALLENGERMATCH-26APR18TABMMO-TAB,59,205,yes
2026-04-18 04:34:58 PM,KXATPCHALLENGERMATCH-26APR18TABMMO-TAB,59,12,yes
2026-04-18 04:34:58 PM,KXATPCHALLENGERMATCH-26APR18TABMMO-TAB,59,400,yes
2026-04-18 04:34:58 PM,KXATPCHALLENGERMATCH-26APR18TABMMO-TAB,59,206,yes
2026-04-18 04:35:03 PM,KXATPCHALLENGERMATCH-26APR18TABMMO-TAB,59,164,yes
2026-04-18 04:35:08 PM,KXATPCHALLENGERMATCH-26APR18TABMMO-TAB,59,29,yes
2026-04-18 04:35:08 PM,KXATPCHALLENGERMATCH-26APR18TABMMO-TAB,59,50,yes
2026-04-18 04:35:08 PM,KXATPCHALLENGERMATCH-26APR18TABMMO-TAB,59,85,yes
2026-04-18 04:35:14 PM,KXATPCHALLENGERMATCH-26APR18TABMMO-TAB,59,314,yes
2026-04-18 04:35:14 PM,KXATPCHALLENGERMATCH-26APR18TABMMO-TAB,59,50,yes
2026-04-18 04:35:14 PM,KXATPCHALLENGERMATCH-26APR18TABMMO-TAB,59,25,yes
2026-04-18 04:35:14 PM,KXATPCHALLENGERMATCH-26APR18TABMMO-TAB,59,400,yes
2026-04-18 04:35:14 PM,KXATPCHALLENGERMATCH-26APR18TABMMO-TAB,60,491,yes
2026-04-18 04:35:14 PM,KXATPCHALLENGERMATCH-26APR18TABMMO-TAB,60,8,yes
2026-04-18 04:35:14 PM,KXATPCHALLENGERMATCH-26APR18TABMMO-TAB,60,4,yes
2026-04-18 04:35:14 PM,KXATPCHALLENGERMATCH-26APR18TABMMO-TAB,60,4,yes
2026-04-18 04:35:14 PM,KXATPCHALLENGERMATCH-26APR18TABMMO-TAB,60,4,yes
2026-04-18 04:35:14 PM,KXATPCHALLENGERMATCH-26APR18TABMMO-TAB,60,333,yes
2026-04-18 04:35:27 PM,KXATPCHALLENGERMATCH-26APR18TABMMO-TAB,59,14,yes
2026-04-18 04:35:27 PM,KXATPCHALLENGERMATCH-26APR18TABMMO-TAB,59,38,yes
2026-04-18 04:35:27 PM,KXATPCHALLENGERMATCH-26APR18TABMMO-TAB,59,30,yes
2026-04-18 04:35:40 PM,KXATPCHALLENGERMATCH-26APR18TABMMO-TAB,59,1,yes
2026-04-18 04:35:46 PM,KXATPCHALLENGERMATCH-26APR18TABMMO-TAB,59,7,yes
2026-04-18 04:35:46 PM,KXATPCHALLENGERMATCH-26APR18TABMMO-TAB,59,14,yes
2026-04-18 04:35:46 PM,KXATPCHALLENGERMATCH-26APR18TABMMO-TAB,59,10,yes
2026-04-18 04:35:46 PM,KXATPCHALLENGERMATCH-26APR18TABMMO-TAB,59,10,yes
2026-04-18 04:35:46 PM,KXATPCHALLENGERMATCH-26APR18TABMMO-TAB,59,41,yes
2026-04-18 04:35:59 PM,KXATPCHALLENGERMATCH-26APR18TABMMO-TAB,59,400,yes
2026-04-18 04:35:59 PM,KXATPCHALLENGERMATCH-26APR18TABMMO-TAB,59,9,yes
2026-04-18 04:36:06 PM,KXATPCHALLENGERMATCH-26APR18TABMMO-TAB,59,32,yes
2026-04-18 04:36:12 PM,KXATPCHALLENGERMATCH-26APR18TABMMO-TAB,59,322,yes
2026-04-18 04:36:12 PM,KXATPCHALLENGERMATCH-26APR18TABMMO-TAB,58,88,no
2026-04-18 04:36:15 PM,KXATPCHALLENGERMATCH-26APR18TABMMO-TAB,59,49,yes
2026-04-18 04:36:28 PM,KXATPCHALLENGERMATCH-26APR18TABMMO-TAB,59,140,yes
2026-04-18 04:36:28 PM,KXATPCHALLENGERMATCH-26APR18TABMMO-TAB,59,385,yes
2026-04-18 04:36:28 PM,KXATPCHALLENGERMATCH-26APR18TABMMO-TAB,59,50,yes
2026-04-18 04:36:28 PM,KXATPCHALLENGERMATCH-26APR18TABMMO-TAB,59,2,yes
2026-04-18 04:36:40 PM,KXATPCHALLENGERMATCH-26APR18TABMMO-TAB,59,10,yes
2026-04-18 04:36:40 PM,KXATPCHALLENGERMATCH-26APR18TABMMO-TAB,59,6,yes
2026-04-18 04:36:44 PM,KXATPCHALLENGERMATCH-26APR18TABMMO-TAB,59,65,yes
2026-04-18 04:36:44 PM,KXATPCHALLENGERMATCH-26APR18TABMMO-TAB,59,107,yes
2026-04-18 04:36:51 PM,KXATPCHALLENGERMATCH-26APR18TABMMO-TAB,59,98,yes
2026-04-18 04:36:56 PM,KXATPCHALLENGERMATCH-26APR18TABMMO-TAB,59,164,yes
2026-04-18 04:37:02 PM,KXATPCHALLENGERMATCH-26APR18TABMMO-TAB,59,11,yes
2026-04-18 04:37:12 PM,KXATPCHALLENGERMATCH-26APR18TABMMO-TAB,59,10,yes
2026-04-18 04:37:12 PM,KXATPCHALLENGERMATCH-26APR18TABMMO-TAB,59,100,yes
2026-04-18 04:37:12 PM,KXATPCHALLENGERMATCH-26APR18TABMMO-TAB,59,400,yes
2026-04-18 04:37:12 PM,KXATPCHALLENGERMATCH-26APR18TABMMO-TAB,60,300,yes
2026-04-18 04:37:12 PM,KXATPCHALLENGERMATCH-26APR18TABMMO-TAB,60,5,yes
2026-04-18 04:37:12 PM,KXATPCHALLENGERMATCH-26APR18TABMMO-TAB,60,35,yes
2026-04-18 04:37:12 PM,KXATPCHALLENGERMATCH-26APR18TABMMO-TAB,60,25,yes
2026-04-18 04:37:16 PM,KXATPCHALLENGERMATCH-26APR18TABMMO-TAB,59,50,yes
2026-04-18 04:37:16 PM,KXATPCHALLENGERMATCH-26APR18TABMMO-TAB,59,7,yes
2026-04-18 04:37:28 PM,KXATPCHALLENGERMATCH-26APR18TABMMO-TAB,59,10,yes
2026-04-18 04:37:28 PM,KXATPCHALLENGERMATCH-26APR18TABMMO-TAB,60,24,yes
2026-04-18 04:37:28 PM,KXATPCHALLENGERMATCH-26APR18TABMMO-TAB,60,50,yes
2026-04-18 04:37:28 PM,KXATPCHALLENGERMATCH-26APR18TABMMO-TAB,61,0,yes
2026-04-18 04:37:33 PM,KXATPCHALLENGERMATCH-26APR18TABMMO-TAB,59,40,yes
2026-04-18 04:37:33 PM,KXATPCHALLENGERMATCH-26APR18TABMMO-TAB,59,124,yes
2026-04-18 04:37:34 PM,KXATPCHALLENGERMATCH-26APR18TABMMO-TAB,58,209,no
2026-04-18 04:37:34 PM,KXATPCHALLENGERMATCH-26APR18TABMMO-TAB,58,235,no
2026-04-18 04:37:34 PM,KXATPCHALLENGERMATCH-26APR18TABMMO-TAB,59,375,yes
2026-04-18 04:37:34 PM,KXATPCHALLENGERMATCH-26APR18TABMMO-TAB,59,400,yes
2026-04-18 04:37:34 PM,KXATPCHALLENGERMATCH-26APR18TABMMO-TAB,59,653,yes
2026-04-18 04:37:34 PM,KXATPCHALLENGERMATCH-26APR18TABMMO-TAB,59,400,yes
2026-04-18 04:37:34 PM,KXATPCHALLENGERMATCH-26APR18TABMMO-TAB,59,697,yes
2026-04-18 04:37:34 PM,KXATPCHALLENGERMATCH-26APR18TABMMO-TAB,59,400,yes
2026-04-18 04:37:34 PM,KXATPCHALLENGERMATCH-26APR18TABMMO-TAB,59,371,yes
2026-04-18 04:37:35 PM,KXATPCHALLENGERMATCH-26APR18TABMMO-TAB,59,16,yes
2026-04-18 04:37:41 PM,KXATPCHALLENGERMATCH-26APR18TABMMO-TAB,59,12,yes
2026-04-18 04:37:41 PM,KXATPCHALLENGERMATCH-26APR18TABMMO-TAB,59,50,yes
2026-04-18 04:37:41 PM,KXATPCHALLENGERMATCH-26APR18TABMMO-TAB,59,22,yes
2026-04-18 04:37:41 PM,KXATPCHALLENGERMATCH-26APR18TABMMO-TAB,59,10,yes
2026-04-18 04:37:41 PM,KXATPCHALLENGERMATCH-26APR18TABMMO-TAB,59,400,yes
2026-04-18 04:37:41 PM,KXATPCHALLENGERMATCH-26APR18TABMMO-TAB,59,317,yes
2026-04-18 04:37:59 PM,KXATPCHALLENGERMATCH-26APR18TABMMO-TAB,59,30,yes
2026-04-18 04:37:59 PM,KXATPCHALLENGERMATCH-26APR18TABMMO-TAB,59,6,yes
2026-04-18 04:37:59 PM,KXATPCHALLENGERMATCH-26APR18TABMMO-TAB,59,45,yes
2026-04-18 04:38:09 PM,KXATPCHALLENGERMATCH-26APR18TABMMO-TAB,59,4,yes
2026-04-18 04:38:09 PM,KXATPCHALLENGERMATCH-26APR18TABMMO-TAB,59,10,yes
2026-04-18 04:38:09 PM,KXATPCHALLENGERMATCH-26APR18TABMMO-TAB,59,51,yes
2026-04-18 04:38:14 PM,KXATPCHALLENGERMATCH-26APR18TABMMO-TAB,59,9,yes
2026-04-18 04:38:19 PM,KXATPCHALLENGERMATCH-26APR18TABMMO-TAB,59,3,yes
2026-04-18 04:38:24 PM,KXATPCHALLENGERMATCH-26APR18TABMMO-TAB,59,16,yes
2026-04-18 04:38:30 PM,KXATPCHALLENGERMATCH-26APR18TABMMO-TAB,58,32,no
2026-04-18 04:38:33 PM,KXATPCHALLENGERMATCH-26APR18TABMMO-TAB,59,908,yes
2026-04-18 04:38:33 PM,KXATPCHALLENGERMATCH-26APR18TABMMO-TAB,60,400,yes
2026-04-18 04:38:33 PM,KXATPCHALLENGERMATCH-26APR18TABMMO-TAB,60,327,yes
2026-04-18 04:38:37 PM,KXATPCHALLENGERMATCH-26APR18TABMMO-TAB,59,40,no
2026-04-18 04:38:37 PM,KXATPCHALLENGERMATCH-26APR18TABMMO-TAB,58,2231,no
2026-04-18 04:38:37 PM,KXATPCHALLENGERMATCH-26APR18TABMMO-TAB,58,601,no
2026-04-18 04:38:37 PM,KXATPCHALLENGERMATCH-26APR18TABMMO-TAB,58,10,no
2026-04-18 04:38:39 PM,KXATPCHALLENGERMATCH-26APR18TABMMO-TAB,59,40,yes
2026-04-18 04:38:44 PM,KXATPCHALLENGERMATCH-26APR18TABMMO-TAB,59,360,no
2026-04-18 04:38:44 PM,KXATPCHALLENGERMATCH-26APR18TABMMO-TAB,59,440,no
2026-04-18 04:38:44 PM,KXATPCHALLENGERMATCH-26APR18TABMMO-TAB,59,60,no
2026-04-18 04:38:46 PM,KXATPCHALLENGERMATCH-26APR18TABMMO-TAB,59,1,yes
2026-04-18 04:38:53 PM,KXATPCHALLENGERMATCH-26APR18TABMMO-TAB,59,338,yes
2026-04-18 04:38:53 PM,KXATPCHALLENGERMATCH-26APR18TABMMO-TAB,59,400,yes
2026-04-18 04:38:53 PM,KXATPCHALLENGERMATCH-26APR18TABMMO-TAB,59,400,yes
2026-04-18 04:38:53 PM,KXATPCHALLENGERMATCH-26APR18TABMMO-TAB,59,400,yes
2026-04-18 04:38:53 PM,KXATPCHALLENGERMATCH-26APR18TABMMO-TAB,59,73,yes
2026-04-18 04:38:55 PM,KXATPCHALLENGERMATCH-26APR18TABMMO-TAB,59,16,yes
2026-04-18 04:39:05 PM,KXATPCHALLENGERMATCH-26APR18TABMMO-TAB,59,20,yes
2026-04-18 04:39:09 PM,KXATPCHALLENGERMATCH-26APR18TABMMO-TAB,59,16,yes
2026-04-18 04:39:12 PM,KXATPCHALLENGERMATCH-26APR18TABMMO-TAB,59,50,yes
2026-04-18 04:39:12 PM,KXATPCHALLENGERMATCH-26APR18TABMMO-TAB,59,73,yes
2026-04-18 04:39:13 PM,KXATPCHALLENGERMATCH-26APR18TABMMO-TAB,59,240,yes
2026-04-18 04:39:14 PM,KXATPCHALLENGERMATCH-26APR18TABMMO-TAB,59,40,yes
2026-04-18 04:39:18 PM,KXATPCHALLENGERMATCH-26APR18TABMMO-TAB,59,3,yes
2026-04-18 04:39:19 PM,KXATPCHALLENGERMATCH-26APR18TABMMO-TAB,59,43,yes
2026-04-18 04:39:19 PM,KXATPCHALLENGERMATCH-26APR18TABMMO-TAB,59,29,yes
2026-04-18 04:39:24 PM,KXATPCHALLENGERMATCH-26APR18TABMMO-TAB,59,82,yes
2026-04-18 04:39:41 PM,KXATPCHALLENGERMATCH-26APR18TABMMO-TAB,59,17,yes
2026-04-18 04:39:56 PM,KXATPCHALLENGERMATCH-26APR18TABMMO-TAB,59,40,yes
2026-04-18 04:39:56 PM,KXATPCHALLENGERMATCH-26APR18TABMMO-TAB,59,14,yes
2026-04-18 04:39:56 PM,KXATPCHALLENGERMATCH-26APR18TABMMO-TAB,59,690,yes
2026-04-18 04:39:59 PM,KXATPCHALLENGERMATCH-26APR18TABMMO-TAB,59,20,yes
2026-04-18 04:40:00 PM,KXATPCHALLENGERMATCH-26APR18TABMMO-TAB,59,286,yes
2026-04-18 04:40:01 PM,KXATPCHALLENGERMATCH-26APR18TABMMO-TAB,59,770,yes
2026-04-18 04:40:01 PM,KXATPCHALLENGERMATCH-26APR18TABMMO-TAB,59,53,yes
2026-04-18 04:40:01 PM,KXATPCHALLENGERMATCH-26APR18TABMMO-TAB,59,10,yes
2026-04-18 04:40:04 PM,KXATPCHALLENGERMATCH-26APR18TABMMO-TAB,59,282,yes
2026-04-18 04:40:05 PM,KXATPCHALLENGERMATCH-26APR18TABMMO-TAB,59,164,yes
2026-04-18 04:40:07 PM,KXATPCHALLENGERMATCH-26APR18TABMMO-TAB,59,164,yes
2026-04-18 04:40:08 PM,KXATPCHALLENGERMATCH-26APR18TABMMO-TAB,59,164,yes
2026-04-18 04:40:14 PM,KXATPCHALLENGERMATCH-26APR18TABMMO-TAB,59,36,yes
2026-04-18 04:40:14 PM,KXATPCHALLENGERMATCH-26APR18TABMMO-TAB,58,800,no
2026-04-18 04:40:17 PM,KXATPCHALLENGERMATCH-26APR18TABMMO-TAB,59,189,yes
2026-04-18 04:40:23 PM,KXATPCHALLENGERMATCH-26APR18TABMMO-TAB,59,322,yes
2026-04-18 04:40:37 PM,KXATPCHALLENGERMATCH-26APR18TABMMO-TAB,59,8,yes
2026-04-18 04:40:54 PM,KXATPCHALLENGERMATCH-26APR18TABMMO-TAB,59,8,yes
2026-04-18 04:40:55 PM,KXATPCHALLENGERMATCH-26APR18TABMMO-TAB,59,191,yes
2026-04-18 04:40:56 PM,KXATPCHALLENGERMATCH-26APR18TABMMO-TAB,58,6,no
2026-04-18 04:41:02 PM,KXATPCHALLENGERMATCH-26APR18TABMMO-TAB,59,209,yes
2026-04-18 04:41:03 PM,KXATPCHALLENGERMATCH-26APR18TABMMO-TAB,59,1420,yes
2026-04-18 04:41:23 PM,KXATPCHALLENGERMATCH-26APR18TABMMO-TAB,59,163,yes
2026-04-18 04:41:23 PM,KXATPCHALLENGERMATCH-26APR18TABMMO-TAB,59,24,yes
2026-04-18 04:41:24 PM,KXATPCHALLENGERMATCH-26APR18TABMMO-TAB,59,112,yes
2026-04-18 04:41:29 PM,KXATPCHALLENGERMATCH-26APR18TABMMO-TAB,60,400,yes
2026-04-18 04:41:29 PM,KXATPCHALLENGERMATCH-26APR18TABMMO-TAB,60,46,yes
2026-04-18 04:41:29 PM,KXATPCHALLENGERMATCH-26APR18TABMMO-TAB,60,35,yes
2026-04-18 04:41:29 PM,KXATPCHALLENGERMATCH-26APR18TABMMO-TAB,60,1229,yes
2026-04-18 04:41:29 PM,KXATPCHALLENGERMATCH-26APR18TABMMO-TAB,60,267,yes
2026-04-18 04:41:32 PM,KXATPCHALLENGERMATCH-26APR18TABMMO-TAB,61,499,yes
2026-04-18 04:41:32 PM,KXATPCHALLENGERMATCH-26APR18TABMMO-TAB,62,1000,yes
2026-04-18 04:41:32 PM,KXATPCHALLENGERMATCH-26APR18TABMMO-TAB,62,35,yes
2026-04-18 04:41:32 PM,KXATPCHALLENGERMATCH-26APR18TABMMO-TAB,62,1,yes
2026-04-18 04:41:34 PM,KXATPCHALLENGERMATCH-26APR18TABMMO-TAB,63,7,yes
2026-04-18 04:41:35 PM,KXATPCHALLENGERMATCH-26APR18TABMMO-TAB,63,1,yes
2026-04-18 04:41:38 PM,KXATPCHALLENGERMATCH-26APR18TABMMO-TAB,63,111,yes
2026-04-18 04:41:41 PM,KXATPCHALLENGERMATCH-26APR18TABMMO-TAB,63,379,yes
2026-04-18 04:41:41 PM,KXATPCHALLENGERMATCH-26APR18TABMMO-TAB,64,78,yes
2026-04-18 04:41:41 PM,KXATPCHALLENGERMATCH-26APR18TABMMO-TAB,64,125,yes
2026-04-18 04:41:41 PM,KXATPCHALLENGERMATCH-26APR18TABMMO-TAB,64,80,yes
2026-04-18 04:41:41 PM,KXATPCHALLENGERMATCH-26APR18TABMMO-TAB,64,1,yes
2026-04-18 04:41:41 PM,KXATPCHALLENGERMATCH-26APR18TABMMO-TAB,64,697,yes
2026-04-18 04:41:41 PM,KXATPCHALLENGERMATCH-26APR18TABMMO-TAB,64,1747,yes
2026-04-18 04:41:41 PM,KXATPCHALLENGERMATCH-26APR18TABMMO-TAB,64,1592,yes
2026-04-18 04:41:44 PM,KXATPCHALLENGERMATCH-26APR18TABMMO-TAB,64,80,yes
2026-04-18 04:41:44 PM,KXATPCHALLENGERMATCH-26APR18TABMMO-TAB,64,125,yes
2026-04-18 04:41:44 PM,KXATPCHALLENGERMATCH-26APR18TABMMO-TAB,65,248,yes
2026-04-18 04:41:45 PM,KXATPCHALLENGERMATCH-26APR18TABMMO-TAB,64,38,yes
2026-04-18 04:41:47 PM,KXATPCHALLENGERMATCH-26APR18TABMMO-TAB,65,222,yes
2026-04-18 04:41:52 PM,KXATPCHALLENGERMATCH-26APR18TABMMO-TAB,65,34,yes
2026-04-18 04:41:55 PM,KXATPCHALLENGERMATCH-26APR18TABMMO-TAB,64,53,yes
2026-04-18 04:42:01 PM,KXATPCHALLENGERMATCH-26APR18TABMMO-TAB,65,1,yes
2026-04-18 04:42:01 PM,KXATPCHALLENGERMATCH-26APR18TABMMO-TAB,65,19,yes
2026-04-18 04:42:03 PM,KXATPCHALLENGERMATCH-26APR18TABMMO-TAB,65,211,yes
2026-04-18 04:42:03 PM,KXATPCHALLENGERMATCH-26APR18TABMMO-TAB,65,23,yes
2026-04-18 04:42:03 PM,KXATPCHALLENGERMATCH-26APR18TABMMO-TAB,65,50,yes
2026-04-18 04:42:03 PM,KXATPCHALLENGERMATCH-26APR18TABMMO-TAB,66,15,yes
2026-04-18 04:42:09 PM,KXATPCHALLENGERMATCH-26APR18TABMMO-TAB,65,1,yes
2026-04-18 04:42:09 PM,KXATPCHALLENGERMATCH-26APR18TABMMO-TAB,65,21,yes
2026-04-18 04:42:09 PM,KXATPCHALLENGERMATCH-26APR18TABMMO-TAB,65,50,yes
2026-04-18 04:42:09 PM,KXATPCHALLENGERMATCH-26APR18TABMMO-TAB,65,23,yes
2026-04-18 04:42:09 PM,KXATPCHALLENGERMATCH-26APR18TABMMO-TAB,66,5,yes
2026-04-18 04:42:12 PM,KXATPCHALLENGERMATCH-26APR18TABMMO-TAB,65,1,yes
2026-04-18 04:42:12 PM,KXATPCHALLENGERMATCH-26APR18TABMMO-TAB,65,35,yes
2026-04-18 04:42:12 PM,KXATPCHALLENGERMATCH-26APR18TABMMO-TAB,66,371,yes
2026-04-18 04:42:13 PM,KXATPCHALLENGERMATCH-26APR18TABMMO-TAB,62,50,no
2026-04-18 04:42:13 PM,KXATPCHALLENGERMATCH-26APR18TABMMO-TAB,62,40,no
2026-04-18 04:42:13 PM,KXATPCHALLENGERMATCH-26APR18TABMMO-TAB,62,31,no
2026-04-18 04:42:13 PM,KXATPCHALLENGERMATCH-26APR18TABMMO-TAB,61,27,no
2026-04-18 04:42:13 PM,KXATPCHALLENGERMATCH-26APR18TABMMO-TAB,61,35,no
2026-04-18 04:42:13 PM,KXATPCHALLENGERMATCH-26APR18TABMMO-TAB,61,400,no
2026-04-18 04:42:14 PM,KXATPCHALLENGERMATCH-26APR18TABMMO-TAB,61,7,yes
2026-04-18 04:42:15 PM,KXATPCHALLENGERMATCH-26APR18TABMMO-TAB,61,42,yes
2026-04-18 04:42:15 PM,KXATPCHALLENGERMATCH-26APR18TABMMO-TAB,61,33,yes
2026-04-18 04:42:15 PM,KXATPCHALLENGERMATCH-26APR18TABMMO-TAB,61,68,yes
2026-04-18 04:42:15 PM,KXATPCHALLENGERMATCH-26APR18TABMMO-TAB,61,4,yes
2026-04-18 04:42:17 PM,KXATPCHALLENGERMATCH-26APR18TABMMO-TAB,61,35,yes
2026-04-18 04:42:17 PM,KXATPCHALLENGERMATCH-26APR18TABMMO-TAB,61,23,yes
2026-04-18 04:42:19 PM,KXATPCHALLENGERMATCH-26APR18TABMMO-TAB,61,27,yes
2026-04-18 04:42:31 PM,KXATPCHALLENGERMATCH-26APR18TABMMO-TAB,61,40,yes
2026-04-18 04:42:31 PM,KXATPCHALLENGERMATCH-26APR18TABMMO-TAB,61,31,yes
2026-04-18 04:42:33 PM,KXATPCHALLENGERMATCH-26APR18TABMMO-TAB,61,319,yes
2026-04-18 04:42:37 PM,KXATPCHALLENGERMATCH-26APR18TABMMO-TAB,61,15,yes
2026-04-18 04:42:37 PM,KXATPCHALLENGERMATCH-26APR18TABMMO-TAB,61,1,yes
2026-04-18 04:42:38 PM,KXATPCHALLENGERMATCH-26APR18TABMMO-TAB,60,32,no
2026-04-18 04:42:42 PM,KXATPCHALLENGERMATCH-26APR18TABMMO-TAB,60,40,yes
2026-04-18 04:42:42 PM,KXATPCHALLENGERMATCH-26APR18TABMMO-TAB,60,50,yes
2026-04-18 04:42:46 PM,KXATPCHALLENGERMATCH-26APR18TABMMO-TAB,61,33,yes
2026-04-18 04:42:46 PM,KXATPCHALLENGERMATCH-26APR18TABMMO-TAB,61,6,yes
2026-04-18 04:42:48 PM,KXATPCHALLENGERMATCH-26APR18TABMMO-TAB,60,1,no
2026-04-18 04:42:48 PM,KXATPCHALLENGERMATCH-26APR18TABMMO-TAB,60,111,no
2026-04-18 04:42:58 PM,KXATPCHALLENGERMATCH-26APR18TABMMO-TAB,61,50,yes
2026-04-18 04:42:58 PM,KXATPCHALLENGERMATCH-26APR18TABMMO-TAB,62,127,yes
2026-04-18 04:43:02 PM,KXATPCHALLENGERMATCH-26APR18TABMMO-TAB,62,204,yes
2026-04-18 04:43:03 PM,KXATPCHALLENGERMATCH-26APR18TABMMO-TAB,62,15,yes
2026-04-18 04:43:03 PM,KXATPCHALLENGERMATCH-26APR18TABMMO-TAB,62,52,yes
2026-04-18 04:43:03 PM,KXATPCHALLENGERMATCH-26APR18TABMMO-TAB,62,40,yes
2026-04-18 04:43:03 PM,KXATPCHALLENGERMATCH-26APR18TABMMO-TAB,62,100,yes
2026-04-18 04:43:03 PM,KXATPCHALLENGERMATCH-26APR18TABMMO-TAB,62,50,yes
2026-04-18 04:43:03 PM,KXATPCHALLENGERMATCH-26APR18TABMMO-TAB,63,400,yes
2026-04-18 04:43:03 PM,KXATPCHALLENGERMATCH-26APR18TABMMO-TAB,63,39,yes
2026-04-18 04:43:03 PM,KXATPCHALLENGERMATCH-26APR18TABMMO-TAB,63,463,yes
2026-04-18 04:43:08 PM,KXATPCHALLENGERMATCH-26APR18TABMMO-TAB,62,50,yes
2026-04-18 04:43:11 PM,KXATPCHALLENGERMATCH-26APR18TABMMO-TAB,63,108,yes
2026-04-18 04:43:16 PM,KXATPCHALLENGERMATCH-26APR18TABMMO-TAB,61,300,no
2026-04-18 04:43:16 PM,KXATPCHALLENGERMATCH-26APR18TABMMO-TAB,61,40,no
2026-04-18 04:43:16 PM,KXATPCHALLENGERMATCH-26APR18TABMMO-TAB,61,245,no
2026-04-18 04:43:16 PM,KXATPCHALLENGERMATCH-26APR18TABMMO-TAB,60,190,no
2026-04-18 04:43:16 PM,KXATPCHALLENGERMATCH-26APR18TABMMO-TAB,60,33,no
2026-04-18 04:43:16 PM,KXATPCHALLENGERMATCH-26APR18TABMMO-TAB,59,767,no
2026-04-18 04:43:17 PM,KXATPCHALLENGERMATCH-26APR18TABMMO-TAB,59,10,no
2026-04-18 04:43:24 PM,KXATPCHALLENGERMATCH-26APR18TABMMO-TAB,60,50,yes
2026-04-18 04:43:24 PM,KXATPCHALLENGERMATCH-26APR18TABMMO-TAB,60,40,yes
2026-04-18 04:43:24 PM,KXATPCHALLENGERMATCH-26APR18TABMMO-TAB,60,500,yes
2026-04-18 04:43:24 PM,KXATPCHALLENGERMATCH-26APR18TABMMO-TAB,60,223,yes
2026-04-18 04:43:26 PM,KXATPCHALLENGERMATCH-26APR18TABMMO-TAB,60,100,yes
2026-04-18 04:43:33 PM,KXATPCHALLENGERMATCH-26APR18TABMMO-TAB,59,0,no
2026-04-18 04:43:36 PM,KXATPCHALLENGERMATCH-26APR18TABMMO-TAB,60,75,yes
2026-04-18 04:43:36 PM,KXATPCHALLENGERMATCH-26APR18TABMMO-TAB,60,18,yes
2026-04-18 04:43:43 PM,KXATPCHALLENGERMATCH-26APR18TABMMO-TAB,60,40,yes
2026-04-18 04:43:44 PM,KXATPCHALLENGERMATCH-26APR18TABMMO-TAB,59,133,no
2026-04-18 04:43:49 PM,KXATPCHALLENGERMATCH-26APR18TABMMO-TAB,60,81,yes
2026-04-18 04:43:50 PM,KXATPCHALLENGERMATCH-26APR18TABMMO-TAB,60,80,yes
2026-04-18 04:43:52 PM,KXATPCHALLENGERMATCH-26APR18TABMMO-TAB,60,16,yes
2026-04-18 04:43:53 PM,KXATPCHALLENGERMATCH-26APR18TABMMO-TAB,60,10,yes
2026-04-18 04:43:54 PM,KXATPCHALLENGERMATCH-26APR18TABMMO-TAB,59,172,no
2026-04-18 04:43:54 PM,KXATPCHALLENGERMATCH-26APR18TABMMO-TAB,59,45,no
2026-04-18 04:43:54 PM,KXATPCHALLENGERMATCH-26APR18TABMMO-TAB,58,375,no
2026-04-18 04:43:54 PM,KXATPCHALLENGERMATCH-26APR18TABMMO-TAB,58,207,no
2026-04-18 04:43:54 PM,KXATPCHALLENGERMATCH-26APR18TABMMO-TAB,58,44,no
2026-04-18 04:43:54 PM,KXATPCHALLENGERMATCH-26APR18TABMMO-TAB,58,1333,no
2026-04-18 04:43:54 PM,KXATPCHALLENGERMATCH-26APR18TABMMO-TAB,58,10,no
2026-04-18 04:44:00 PM,KXATPCHALLENGERMATCH-26APR18TABMMO-TAB,58,1150,no
2026-04-18 04:44:00 PM,KXATPCHALLENGERMATCH-26APR18TABMMO-TAB,58,6,no
2026-04-18 04:44:04 PM,KXATPCHALLENGERMATCH-26APR18TABMMO-TAB,57,10,no
2026-04-18 04:44:10 PM,KXATPCHALLENGERMATCH-26APR18TABMMO-TAB,57,7,no
2026-04-18 04:44:11 PM,KXATPCHALLENGERMATCH-26APR18TABMMO-TAB,58,43,yes
2026-04-18 04:44:11 PM,KXATPCHALLENGERMATCH-26APR18TABMMO-TAB,58,400,yes
2026-04-18 04:44:11 PM,KXATPCHALLENGERMATCH-26APR18TABMMO-TAB,58,400,yes
2026-04-18 04:44:11 PM,KXATPCHALLENGERMATCH-26APR18TABMMO-TAB,58,48,yes
2026-04-18 04:44:12 PM,KXATPCHALLENGERMATCH-26APR18TABMMO-TAB,58,26,yes
2026-04-18 04:44:12 PM,KXATPCHALLENGERMATCH-26APR18TABMMO-TAB,58,324,yes
2026-04-18 04:44:12 PM,KXATPCHALLENGERMATCH-26APR18TABMMO-TAB,58,40,yes
2026-04-18 04:44:12 PM,KXATPCHALLENGERMATCH-26APR18TABMMO-TAB,58,135,yes
2026-04-18 04:44:16 PM,KXATPCHALLENGERMATCH-26APR18TABMMO-TAB,58,364,yes
2026-04-18 04:44:16 PM,KXATPCHALLENGERMATCH-26APR18TABMMO-TAB,58,80,yes
2026-04-18 04:44:16 PM,KXATPCHALLENGERMATCH-26APR18TABMMO-TAB,58,30,yes
2026-04-18 04:44:16 PM,KXATPCHALLENGERMATCH-26APR18TABMMO-TAB,58,14,yes
2026-04-18 04:44:16 PM,KXATPCHALLENGERMATCH-26APR18TABMMO-TAB,58,10,yes
2026-04-18 04:44:17 PM,KXATPCHALLENGERMATCH-26APR18TABMMO-TAB,58,70,yes
2026-04-18 04:44:19 PM,KXATPCHALLENGERMATCH-26APR18TABMMO-TAB,58,164,yes
2026-04-18 04:44:19 PM,KXATPCHALLENGERMATCH-26APR18TABMMO-TAB,58,165,yes
2026-04-18 04:44:19 PM,KXATPCHALLENGERMATCH-26APR18TABMMO-TAB,58,1,yes
2026-04-18 04:44:21 PM,KXATPCHALLENGERMATCH-26APR18TABMMO-TAB,58,75,yes
2026-04-18 04:44:22 PM,KXATPCHALLENGERMATCH-26APR18TABMMO-TAB,57,164,no
2026-04-18 04:44:23 PM,KXATPCHALLENGERMATCH-26APR18TABMMO-TAB,57,300,no
2026-04-18 04:44:23 PM,KXATPCHALLENGERMATCH-26APR18TABMMO-TAB,58,72,yes
2026-04-18 04:44:27 PM,KXATPCHALLENGERMATCH-26APR18TABMMO-TAB,58,167,yes
2026-04-18 04:44:30 PM,KXATPCHALLENGERMATCH-26APR18TABMMO-TAB,57,1,no
2026-04-18 04:44:35 PM,KXATPCHALLENGERMATCH-26APR18TABMMO-TAB,58,83,yes
2026-04-18 04:44:35 PM,KXATPCHALLENGERMATCH-26APR18TABMMO-TAB,58,16,yes
2026-04-18 04:44:39 PM,KXATPCHALLENGERMATCH-26APR18TABMMO-TAB,58,16,yes
2026-04-18 04:44:39 PM,KXATPCHALLENGERMATCH-26APR18TABMMO-TAB,58,91,yes
2026-04-18 04:44:39 PM,KXATPCHALLENGERMATCH-26APR18TABMMO-TAB,58,60,yes
2026-04-18 04:44:50 PM,KXATPCHALLENGERMATCH-26APR18TABMMO-TAB,58,636,yes
2026-04-18 04:44:50 PM,KXATPCHALLENGERMATCH-26APR18TABMMO-TAB,58,125,yes
2026-04-18 04:44:50 PM,KXATPCHALLENGERMATCH-26APR18TABMMO-TAB,58,241,yes
2026-04-18 04:44:51 PM,KXATPCHALLENGERMATCH-26APR18TABMMO-TAB,58,40,yes
2026-04-18 04:44:51 PM,KXATPCHALLENGERMATCH-26APR18TABMMO-TAB,58,65,yes
2026-04-18 04:44:52 PM,KXATPCHALLENGERMATCH-26APR18TABMMO-TAB,58,53,yes
2026-04-18 04:44:52 PM,KXATPCHALLENGERMATCH-26APR18TABMMO-TAB,58,400,yes
2026-04-18 04:44:52 PM,KXATPCHALLENGERMATCH-26APR18TABMMO-TAB,58,50,yes
2026-04-18 04:44:52 PM,KXATPCHALLENGERMATCH-26APR18TABMMO-TAB,58,296,yes
2026-04-18 04:44:54 PM,KXATPCHALLENGERMATCH-26APR18TABMMO-TAB,58,13,yes
2026-04-18 04:45:02 PM,KXATPCHALLENGERMATCH-26APR18TABMMO-TAB,58,50,yes
2026-04-18 04:45:03 PM,KXATPCHALLENGERMATCH-26APR18TABMMO-TAB,58,29,yes
2026-04-18 04:45:03 PM,KXATPCHALLENGERMATCH-26APR18TABMMO-TAB,58,30,yes
2026-04-18 04:45:03 PM,KXATPCHALLENGERMATCH-26APR18TABMMO-TAB,58,30,yes
2026-04-18 04:45:03 PM,KXATPCHALLENGERMATCH-26APR18TABMMO-TAB,58,30,yes
2026-04-18 04:45:03 PM,KXATPCHALLENGERMATCH-26APR18TABMMO-TAB,58,125,yes
2026-04-18 04:45:03 PM,KXATPCHALLENGERMATCH-26APR18TABMMO-TAB,58,50,yes
2026-04-18 04:45:03 PM,KXATPCHALLENGERMATCH-26APR18TABMMO-TAB,58,50,yes
2026-04-18 04:45:03 PM,KXATPCHALLENGERMATCH-26APR18TABMMO-TAB,58,400,yes
2026-04-18 04:45:03 PM,KXATPCHALLENGERMATCH-26APR18TABMMO-TAB,58,168,yes
2026-04-18 04:45:04 PM,KXATPCHALLENGERMATCH-26APR18TABMMO-TAB,58,29,yes
2026-04-18 04:45:04 PM,KXATPCHALLENGERMATCH-26APR18TABMMO-TAB,58,104,yes
2026-04-18 04:45:14 PM,KXATPCHALLENGERMATCH-26APR18TABMMO-TAB,58,16,yes
2026-04-18 04:45:18 PM,KXATPCHALLENGERMATCH-26APR18TABMMO-TAB,58,384,yes
2026-04-18 04:45:18 PM,KXATPCHALLENGERMATCH-26APR18TABMMO-TAB,58,50,yes
2026-04-18 04:45:18 PM,KXATPCHALLENGERMATCH-26APR18TABMMO-TAB,58,300,yes
2026-04-18 04:45:18 PM,KXATPCHALLENGERMATCH-26APR18TABMMO-TAB,58,932,yes
2026-04-18 04:45:18 PM,KXATPCHALLENGERMATCH-26APR18TABMMO-TAB,58,100,yes
2026-04-18 04:45:20 PM,KXATPCHALLENGERMATCH-26APR18TABMMO-TAB,58,125,yes
2026-04-18 04:45:21 PM,KXATPCHALLENGERMATCH-26APR18TABMMO-TAB,58,5,yes
2026-04-18 04:45:21 PM,KXATPCHALLENGERMATCH-26APR18TABMMO-TAB,58,603,yes
2026-04-18 04:45:21 PM,KXATPCHALLENGERMATCH-26APR18TABMMO-TAB,58,233,yes
2026-04-18 04:45:21 PM,KXATPCHALLENGERMATCH-26APR18TABMMO-TAB,58,159,yes
2026-04-18 04:45:23 PM,KXATPCHALLENGERMATCH-26APR18TABMMO-TAB,58,50,yes
2026-04-18 04:45:23 PM,KXATPCHALLENGERMATCH-26APR18TABMMO-TAB,59,114,yes
2026-04-18 04:45:29 PM,KXATPCHALLENGERMATCH-26APR18TABMMO-TAB,58,33,yes
2026-04-18 04:45:31 PM,KXATPCHALLENGERMATCH-26APR18TABMMO-TAB,58,251,yes
2026-04-18 04:45:34 PM,KXATPCHALLENGERMATCH-26APR18TABMMO-TAB,58,115,yes
2026-04-18 04:45:34 PM,KXATPCHALLENGERMATCH-26APR18TABMMO-TAB,58,80,yes
2026-04-18 04:45:34 PM,KXATPCHALLENGERMATCH-26APR18TABMMO-TAB,58,125,yes
2026-04-18 04:45:34 PM,KXATPCHALLENGERMATCH-26APR18TABMMO-TAB,58,69,yes
2026-04-18 04:45:36 PM,KXATPCHALLENGERMATCH-26APR18TABMMO-TAB,58,5,yes
2026-04-18 04:45:40 PM,KXATPCHALLENGERMATCH-26APR18TABMMO-TAB,58,25,yes
2026-04-18 04:45:45 PM,KXATPCHALLENGERMATCH-26APR18TABMMO-TAB,58,0,yes
2026-04-18 04:45:45 PM,KXATPCHALLENGERMATCH-26APR18TABMMO-TAB,58,19,yes
2026-04-18 04:45:45 PM,KXATPCHALLENGERMATCH-26APR18TABMMO-TAB,58,30,yes
2026-04-18 04:45:47 PM,KXATPCHALLENGERMATCH-26APR18TABMMO-TAB,58,1,yes
2026-04-18 04:45:49 PM,KXATPCHALLENGERMATCH-26APR18TABMMO-TAB,58,23,yes
2026-04-18 04:45:49 PM,KXATPCHALLENGERMATCH-26APR18TABMMO-TAB,58,125,yes
2026-04-18 04:45:49 PM,KXATPCHALLENGERMATCH-26APR18TABMMO-TAB,58,1,yes
2026-04-18 04:45:50 PM,KXATPCHALLENGERMATCH-26APR18TABMMO-TAB,58,48,yes
2026-04-18 04:45:50 PM,KXATPCHALLENGERMATCH-26APR18TABMMO-TAB,58,20,yes
2026-04-18 04:45:50 PM,KXATPCHALLENGERMATCH-26APR18TABMMO-TAB,59,29,yes
2026-04-18 04:45:58 PM,KXATPCHALLENGERMATCH-26APR18TABMMO-TAB,58,8,yes
2026-04-18 04:46:01 PM,KXATPCHALLENGERMATCH-26APR18TABMMO-TAB,59,164,yes
2026-04-18 04:46:01 PM,KXATPCHALLENGERMATCH-26APR18TABMMO-TAB,59,81,yes
2026-04-18 04:46:04 PM,KXATPCHALLENGERMATCH-26APR18TABMMO-TAB,59,301,yes
2026-04-18 04:46:06 PM,KXATPCHALLENGERMATCH-26APR18TABMMO-TAB,59,4,yes
2026-04-18 04:46:10 PM,KXATPCHALLENGERMATCH-26APR18TABMMO-TAB,59,1,yes
2026-04-18 04:46:10 PM,KXATPCHALLENGERMATCH-26APR18TABMMO-TAB,59,163,yes
2026-04-18 04:46:13 PM,KXATPCHALLENGERMATCH-26APR18TABMMO-TAB,59,236,yes
2026-04-18 04:46:13 PM,KXATPCHALLENGERMATCH-26APR18TABMMO-TAB,59,10,yes
2026-04-18 04:46:17 PM,KXATPCHALLENGERMATCH-26APR18TABMMO-TAB,59,120,yes
2026-04-18 04:46:17 PM,KXATPCHALLENGERMATCH-26APR18TABMMO-TAB,59,164,yes
2026-04-18 04:46:19 PM,KXATPCHALLENGERMATCH-26APR18TABMMO-TAB,59,104,yes
2026-04-18 04:46:19 PM,KXATPCHALLENGERMATCH-26APR18TABMMO-TAB,59,109,yes
2026-04-18 04:46:20 PM,KXATPCHALLENGERMATCH-26APR18TABMMO-TAB,59,659,yes
2026-04-18 04:46:33 PM,KXATPCHALLENGERMATCH-26APR18TABMMO-TAB,59,3,yes
2026-04-18 04:46:36 PM,KXATPCHALLENGERMATCH-26APR18TABMMO-TAB,59,5,yes
2026-04-18 04:46:36 PM,KXATPCHALLENGERMATCH-26APR18TABMMO-TAB,59,30,yes
2026-04-18 04:46:36 PM,KXATPCHALLENGERMATCH-26APR18TABMMO-TAB,59,697,yes
2026-04-18 04:46:36 PM,KXATPCHALLENGERMATCH-26APR18TABMMO-TAB,59,40,yes
2026-04-18 04:46:36 PM,KXATPCHALLENGERMATCH-26APR18TABMMO-TAB,59,500,yes
2026-04-18 04:46:36 PM,KXATPCHALLENGERMATCH-26APR18TABMMO-TAB,59,400,yes
2026-04-18 04:46:36 PM,KXATPCHALLENGERMATCH-26APR18TABMMO-TAB,59,400,yes
2026-04-18 04:46:36 PM,KXATPCHALLENGERMATCH-26APR18TABMMO-TAB,59,399,yes
2026-04-18 04:46:40 PM,KXATPCHALLENGERMATCH-26APR18TABMMO-TAB,59,125,yes
2026-04-18 04:46:40 PM,KXATPCHALLENGERMATCH-26APR18TABMMO-TAB,59,80,yes
2026-04-18 04:46:40 PM,KXATPCHALLENGERMATCH-26APR18TABMMO-TAB,59,162,yes
2026-04-18 04:46:40 PM,KXATPCHALLENGERMATCH-26APR18TABMMO-TAB,59,1,yes
2026-04-18 04:46:45 PM,KXATPCHALLENGERMATCH-26APR18TABMMO-TAB,58,400,no
2026-04-18 04:46:45 PM,KXATPCHALLENGERMATCH-26APR18TABMMO-TAB,58,5,no
2026-04-18 04:46:45 PM,KXATPCHALLENGERMATCH-26APR18TABMMO-TAB,58,40,no
2026-04-18 04:46:48 PM,KXATPCHALLENGERMATCH-26APR18TABMMO-TAB,58,40,yes
2026-04-18 04:46:48 PM,KXATPCHALLENGERMATCH-26APR18TABMMO-TAB,58,207,yes
2026-04-18 04:47:01 PM,KXATPCHALLENGERMATCH-26APR18TABMMO-TAB,57,4,no
2026-04-18 04:47:02 PM,KXATPCHALLENGERMATCH-26APR18TABMMO-TAB,58,58,yes
2026-04-18 04:47:06 PM,KXATPCHALLENGERMATCH-26APR18TABMMO-TAB,58,33,yes
2026-04-18 04:47:09 PM,KXATPCHALLENGERMATCH-26APR18TABMMO-TAB,58,1,yes
2026-04-18 04:47:22 PM,KXATPCHALLENGERMATCH-26APR18TABMMO-TAB,59,400,yes
2026-04-18 04:47:22 PM,KXATPCHALLENGERMATCH-26APR18TABMMO-TAB,59,11,yes
2026-04-18 04:47:28 PM,KXATPCHALLENGERMATCH-26APR18TABMMO-TAB,59,140,yes
2026-04-18 04:47:31 PM,KXATPCHALLENGERMATCH-26APR18TABMMO-TAB,59,49,yes
2026-04-18 04:47:32 PM,KXATPCHALLENGERMATCH-26APR18TABMMO-TAB,59,31,yes
2026-04-18 04:47:38 PM,KXATPCHALLENGERMATCH-26APR18TABMMO-TAB,59,35,yes
2026-04-18 04:47:43 PM,KXATPCHALLENGERMATCH-26APR18TABMMO-TAB,59,164,yes
2026-04-18 04:47:44 PM,KXATPCHALLENGERMATCH-26APR18TABMMO-TAB,59,329,yes
2026-04-18 04:47:45 PM,KXATPCHALLENGERMATCH-26APR18TABMMO-TAB,59,262,yes
2026-04-18 04:47:48 PM,KXATPCHALLENGERMATCH-26APR18TABMMO-TAB,59,123,yes
2026-04-18 04:48:02 PM,KXATPCHALLENGERMATCH-26APR18TABMMO-TAB,58,125,yes
2026-04-18 04:48:02 PM,KXATPCHALLENGERMATCH-26APR18TABMMO-TAB,58,27,no
2026-04-18 04:48:02 PM,KXATPCHALLENGERMATCH-26APR18TABMMO-TAB,59,31,yes
2026-04-18 04:48:06 PM,KXATPCHALLENGERMATCH-26APR18TABMMO-TAB,59,54,yes
2026-04-18 04:48:06 PM,KXATPCHALLENGERMATCH-26APR18TABMMO-TAB,60,19,yes
2026-04-18 04:48:18 PM,KXATPCHALLENGERMATCH-26APR18TABMMO-TAB,59,105,no
2026-04-18 04:48:23 PM,KXATPCHALLENGERMATCH-26APR18TABMMO-TAB,59,31,no
2026-04-18 04:48:23 PM,KXATPCHALLENGERMATCH-26APR18TABMMO-TAB,60,3,yes
2026-04-18 04:48:24 PM,KXATPCHALLENGERMATCH-26APR18TABMMO-TAB,60,72,yes
2026-04-18 04:48:29 PM,KXATPCHALLENGERMATCH-26APR18TABMMO-TAB,60,24,yes
2026-04-18 04:48:30 PM,KXATPCHALLENGERMATCH-26APR18TABMMO-TAB,60,24,yes
2026-04-18 04:48:52 PM,KXATPCHALLENGERMATCH-26APR18TABMMO-TAB,59,16,yes
2026-04-18 04:48:54 PM,KXATPCHALLENGERMATCH-26APR18TABMMO-TAB,59,23,yes
2026-04-18 04:48:57 PM,KXATPCHALLENGERMATCH-26APR18TABMMO-TAB,60,9,yes
2026-04-18 04:48:57 PM,KXATPCHALLENGERMATCH-26APR18TABMMO-TAB,60,50,yes
2026-04-18 04:48:57 PM,KXATPCHALLENGERMATCH-26APR18TABMMO-TAB,61,400,yes
2026-04-18 04:48:57 PM,KXATPCHALLENGERMATCH-26APR18TABMMO-TAB,61,179,yes
2026-04-18 04:48:58 PM,KXATPCHALLENGERMATCH-26APR18TABMMO-TAB,61,400,yes
2026-04-18 04:48:58 PM,KXATPCHALLENGERMATCH-26APR18TABMMO-TAB,61,40,yes
2026-04-18 04:48:58 PM,KXATPCHALLENGERMATCH-26APR18TABMMO-TAB,61,100,yes
2026-04-18 04:48:58 PM,KXATPCHALLENGERMATCH-26APR18TABMMO-TAB,61,78,yes
2026-04-18 04:48:58 PM,KXATPCHALLENGERMATCH-26APR18TABMMO-TAB,61,50,yes
2026-04-18 04:48:58 PM,KXATPCHALLENGERMATCH-26APR18TABMMO-TAB,62,400,yes
2026-04-18 04:48:58 PM,KXATPCHALLENGERMATCH-26APR18TABMMO-TAB,62,104,yes
2026-04-18 04:49:02 PM,KXATPCHALLENGERMATCH-26APR18TABMMO-TAB,61,10,yes
2026-04-18 04:49:03 PM,KXATPCHALLENGERMATCH-26APR18TABMMO-TAB,61,273,yes
2026-04-18 04:49:12 PM,KXATPCHALLENGERMATCH-26APR18TABMMO-TAB,60,7,yes
2026-04-18 04:49:13 PM,KXATPCHALLENGERMATCH-26APR18TABMMO-TAB,59,40,no
2026-04-18 04:49:13 PM,KXATPCHALLENGERMATCH-26APR18TABMMO-TAB,59,78,no
2026-04-18 04:49:13 PM,KXATPCHALLENGERMATCH-26APR18TABMMO-TAB,59,34,no
2026-04-18 04:49:18 PM,KXATPCHALLENGERMATCH-26APR18TABMMO-TAB,58,50,yes
2026-04-18 04:49:18 PM,KXATPCHALLENGERMATCH-26APR18TABMMO-TAB,58,284,yes
2026-04-18 04:49:21 PM,KXATPCHALLENGERMATCH-26APR18TABMMO-TAB,58,32,yes
2026-04-18 04:49:27 PM,KXATPCHALLENGERMATCH-26APR18TABMMO-TAB,58,10,yes
2026-04-18 04:49:31 PM,KXATPCHALLENGERMATCH-26APR18TABMMO-TAB,58,73,yes
2026-04-18 04:49:31 PM,KXATPCHALLENGERMATCH-26APR18TABMMO-TAB,58,0,yes
2026-04-18 04:49:31 PM,KXATPCHALLENGERMATCH-26APR18TABMMO-TAB,58,33,yes
2026-04-18 04:49:41 PM,KXATPCHALLENGERMATCH-26APR18TABMMO-TAB,58,1,yes
2026-04-18 04:50:07 PM,KXATPCHALLENGERMATCH-26APR18TABMMO-TAB,58,40,yes
2026-04-18 04:50:07 PM,KXATPCHALLENGERMATCH-26APR18TABMMO-TAB,59,290,yes
2026-04-18 04:50:12 PM,KXATPCHALLENGERMATCH-26APR18TABMMO-TAB,59,6,yes
2026-04-18 04:50:25 PM,KXATPCHALLENGERMATCH-26APR18TABMMO-TAB,61,159,yes
2026-04-18 04:50:26 PM,KXATPCHALLENGERMATCH-26APR18TABMMO-TAB,61,240,yes
2026-04-18 04:50:26 PM,KXATPCHALLENGERMATCH-26APR18TABMMO-TAB,61,52,yes
2026-04-18 04:50:26 PM,KXATPCHALLENGERMATCH-26APR18TABMMO-TAB,61,136,yes
2026-04-18 04:50:39 PM,KXATPCHALLENGERMATCH-26APR18TABMMO-TAB,61,23,yes
2026-04-18 04:50:54 PM,KXATPCHALLENGERMATCH-26APR18TABMMO-TAB,61,3,yes
2026-04-18 04:51:00 PM,KXATPCHALLENGERMATCH-26APR18TABMMO-TAB,61,15,yes
2026-04-18 04:51:03 PM,KXATPCHALLENGERMATCH-26APR18TABMMO-TAB,61,50,yes
2026-04-18 04:51:03 PM,KXATPCHALLENGERMATCH-26APR18TABMMO-TAB,62,1,yes
2026-04-18 04:51:03 PM,KXATPCHALLENGERMATCH-26APR18TABMMO-TAB,62,35,yes
2026-04-18 04:51:03 PM,KXATPCHALLENGERMATCH-26APR18TABMMO-TAB,62,40,yes
2026-04-18 04:51:03 PM,KXATPCHALLENGERMATCH-26APR18TABMMO-TAB,63,263,yes
2026-04-18 04:51:07 PM,KXATPCHALLENGERMATCH-26APR18TABMMO-TAB,61,50,yes
2026-04-18 04:51:07 PM,KXATPCHALLENGERMATCH-26APR18TABMMO-TAB,62,23,yes
2026-04-18 04:51:07 PM,KXATPCHALLENGERMATCH-26APR18TABMMO-TAB,63,136,yes
2026-04-18 04:51:07 PM,KXATPCHALLENGERMATCH-26APR18TABMMO-TAB,63,400,yes
2026-04-18 04:51:07 PM,KXATPCHALLENGERMATCH-26APR18TABMMO-TAB,63,80,yes
2026-04-18 04:51:07 PM,KXATPCHALLENGERMATCH-26APR18TABMMO-TAB,63,125,yes
2026-04-18 04:51:07 PM,KXATPCHALLENGERMATCH-26APR18TABMMO-TAB,63,114,yes
2026-04-18 04:51:18 PM,KXATPCHALLENGERMATCH-26APR18TABMMO-TAB,61,7,yes
2026-04-18 04:51:20 PM,KXATPCHALLENGERMATCH-26APR18TABMMO-TAB,61,42,yes
2026-04-18 04:51:20 PM,KXATPCHALLENGERMATCH-26APR18TABMMO-TAB,62,1,yes
2026-04-18 04:51:20 PM,KXATPCHALLENGERMATCH-26APR18TABMMO-TAB,62,23,yes
2026-04-18 04:51:20 PM,KXATPCHALLENGERMATCH-26APR18TABMMO-TAB,62,40,yes
2026-04-18 04:51:20 PM,KXATPCHALLENGERMATCH-26APR18TABMMO-TAB,62,49,yes
2026-04-18 04:51:20 PM,KXATPCHALLENGERMATCH-26APR18TABMMO-TAB,63,285,yes
2026-04-18 04:51:20 PM,KXATPCHALLENGERMATCH-26APR18TABMMO-TAB,63,80,yes
2026-04-18 04:51:20 PM,KXATPCHALLENGERMATCH-26APR18TABMMO-TAB,63,125,yes
2026-04-18 04:51:20 PM,KXATPCHALLENGERMATCH-26APR18TABMMO-TAB,63,131,yes
2026-04-18 04:51:21 PM,KXATPCHALLENGERMATCH-26APR18TABMMO-TAB,61,64,yes
2026-04-18 04:51:22 PM,KXATPCHALLENGERMATCH-26APR18TABMMO-TAB,62,46,yes
2026-04-18 04:51:26 PM,KXATPCHALLENGERMATCH-26APR18TABMMO-TAB,63,113,no
2026-04-18 04:51:32 PM,KXATPCHALLENGERMATCH-26APR18TABMMO-TAB,63,2269,no
2026-04-18 04:51:35 PM,KXATPCHALLENGERMATCH-26APR18TABMMO-TAB,64,1524,yes
2026-04-18 04:51:41 PM,KXATPCHALLENGERMATCH-26APR18TABMMO-TAB,64,62,yes
2026-04-18 04:51:43 PM,KXATPCHALLENGERMATCH-26APR18TABMMO-TAB,64,12,yes
2026-04-18 04:51:43 PM,KXATPCHALLENGERMATCH-26APR18TABMMO-TAB,64,1,yes
2026-04-18 04:51:44 PM,KXATPCHALLENGERMATCH-26APR18TABMMO-TAB,64,152,yes
2026-04-18 04:51:44 PM,KXATPCHALLENGERMATCH-26APR18TABMMO-TAB,64,400,yes
2026-04-18 04:51:44 PM,KXATPCHALLENGERMATCH-26APR18TABMMO-TAB,64,50,yes
2026-04-18 04:51:44 PM,KXATPCHALLENGERMATCH-26APR18TABMMO-TAB,64,125,yes
2026-04-18 04:51:44 PM,KXATPCHALLENGERMATCH-26APR18TABMMO-TAB,64,80,yes
2026-04-18 04:51:44 PM,KXATPCHALLENGERMATCH-26APR18TABMMO-TAB,64,400,yes
2026-04-18 04:51:44 PM,KXATPCHALLENGERMATCH-26APR18TABMMO-TAB,64,316,yes
2026-04-18 04:51:44 PM,KXATPCHALLENGERMATCH-26APR18TABMMO-TAB,64,6,yes
2026-04-18 04:51:45 PM,KXATPCHALLENGERMATCH-26APR18TABMMO-TAB,64,76,yes
2026-04-18 04:51:54 PM,KXATPCHALLENGERMATCH-26APR18TABMMO-TAB,65,400,yes
2026-04-18 04:51:54 PM,KXATPCHALLENGERMATCH-26APR18TABMMO-TAB,65,35,yes
2026-04-18 04:51:54 PM,KXATPCHALLENGERMATCH-26APR18TABMMO-TAB,65,50,yes
2026-04-18 04:51:54 PM,KXATPCHALLENGERMATCH-26APR18TABMMO-TAB,65,64,yes
2026-04-18 04:51:54 PM,KXATPCHALLENGERMATCH-26APR18TABMMO-TAB,65,400,yes
2026-04-18 04:51:54 PM,KXATPCHALLENGERMATCH-26APR18TABMMO-TAB,66,32,yes
2026-04-18 04:51:56 PM,KXATPCHALLENGERMATCH-26APR18TABMMO-TAB,65,300,yes
2026-04-18 04:52:01 PM,KXATPCHALLENGERMATCH-26APR18TABMMO-TAB,65,50,yes
2026-04-18 04:52:05 PM,KXATPCHALLENGERMATCH-26APR18TABMMO-TAB,65,50,yes
2026-04-18 04:52:05 PM,KXATPCHALLENGERMATCH-26APR18TABMMO-TAB,65,30,yes
2026-04-18 04:52:05 PM,KXATPCHALLENGERMATCH-26APR18TABMMO-TAB,66,67,yes
2026-04-18 04:52:09 PM,KXATPCHALLENGERMATCH-26APR18TABMMO-TAB,65,21,yes
2026-04-18 04:52:09 PM,KXATPCHALLENGERMATCH-26APR18TABMMO-TAB,65,10,yes
2026-04-18 04:52:09 PM,KXATPCHALLENGERMATCH-26APR18TABMMO-TAB,65,50,yes
2026-04-18 04:52:09 PM,KXATPCHALLENGERMATCH-26APR18TABMMO-TAB,66,23,yes
2026-04-18 04:52:12 PM,KXATPCHALLENGERMATCH-26APR18TABMMO-TAB,65,10,yes
2026-04-18 04:52:12 PM,KXATPCHALLENGERMATCH-26APR18TABMMO-TAB,65,10,yes
2026-04-18 04:52:12 PM,KXATPCHALLENGERMATCH-26APR18TABMMO-TAB,65,30,yes
2026-04-18 04:52:12 PM,KXATPCHALLENGERMATCH-26APR18TABMMO-TAB,66,276,yes
2026-04-18 04:52:12 PM,KXATPCHALLENGERMATCH-26APR18TABMMO-TAB,66,40,yes
2026-04-18 04:52:12 PM,KXATPCHALLENGERMATCH-26APR18TABMMO-TAB,66,37,yes
2026-04-18 04:52:12 PM,KXATPCHALLENGERMATCH-26APR18TABMMO-TAB,66,300,yes
2026-04-18 04:52:12 PM,KXATPCHALLENGERMATCH-26APR18TABMMO-TAB,67,400,yes
2026-04-18 04:52:12 PM,KXATPCHALLENGERMATCH-26APR18TABMMO-TAB,67,0,yes
2026-04-18 04:52:12 PM,KXATPCHALLENGERMATCH-26APR18TABMMO-TAB,67,72,yes
2026-04-18 04:52:12 PM,KXATPCHALLENGERMATCH-26APR18TABMMO-TAB,68,164,yes
2026-04-18 04:52:12 PM,KXATPCHALLENGERMATCH-26APR18TABMMO-TAB,68,771,yes
2026-04-18 04:52:12 PM,KXATPCHALLENGERMATCH-26APR18TABMMO-TAB,68,71,yes
2026-04-18 04:52:14 PM,KXATPCHALLENGERMATCH-26APR18TABMMO-TAB,65,7,yes
2026-04-18 04:52:14 PM,KXATPCHALLENGERMATCH-26APR18TABMMO-TAB,64,20,no
2026-04-18 04:52:14 PM,KXATPCHALLENGERMATCH-26APR18TABMMO-TAB,64,64,no
2026-04-18 04:52:14 PM,KXATPCHALLENGERMATCH-26APR18TABMMO-TAB,63,40,no
2026-04-18 04:52:15 PM,KXATPCHALLENGERMATCH-26APR18TABMMO-TAB,63,10,no
2026-04-18 04:52:15 PM,KXATPCHALLENGERMATCH-26APR18TABMMO-TAB,62,12,yes
2026-04-18 04:52:16 PM,KXATPCHALLENGERMATCH-26APR18TABMMO-TAB,62,37,yes
2026-04-18 04:52:16 PM,KXATPCHALLENGERMATCH-26APR18TABMMO-TAB,62,35,yes
2026-04-18 04:52:17 PM,KXATPCHALLENGERMATCH-26APR18TABMMO-TAB,61,400,yes
2026-04-18 04:52:17 PM,KXATPCHALLENGERMATCH-26APR18TABMMO-TAB,61,400,yes
2026-04-18 04:52:17 PM,KXATPCHALLENGERMATCH-26APR18TABMMO-TAB,61,400,yes
2026-04-18 04:52:17 PM,KXATPCHALLENGERMATCH-26APR18TABMMO-TAB,61,40,yes
2026-04-18 04:52:17 PM,KXATPCHALLENGERMATCH-26APR18TABMMO-TAB,61,500,yes
2026-04-18 04:52:17 PM,KXATPCHALLENGERMATCH-26APR18TABMMO-TAB,61,1767,yes
2026-04-18 04:52:17 PM,KXATPCHALLENGERMATCH-26APR18TABMMO-TAB,61,262,yes
2026-04-18 04:52:24 PM,KXATPCHALLENGERMATCH-26APR18TABMMO-TAB,61,7,yes
2026-04-18 04:52:28 PM,KXATPCHALLENGERMATCH-26APR18TABMMO-TAB,61,15,yes
2026-04-18 04:52:38 PM,KXATPCHALLENGERMATCH-26APR18TABMMO-TAB,61,15,yes
2026-04-18 04:52:40 PM,KXATPCHALLENGERMATCH-26APR18TABMMO-TAB,61,11,yes
2026-04-18 04:52:40 PM,KXATPCHALLENGERMATCH-26APR18TABMMO-TAB,61,40,yes
2026-04-18 04:52:40 PM,KXATPCHALLENGERMATCH-26APR18TABMMO-TAB,61,108,yes
2026-04-18 04:52:42 PM,KXATPCHALLENGERMATCH-26APR18TABMMO-TAB,61,15,yes
2026-04-18 04:52:49 PM,KXATPCHALLENGERMATCH-26APR18TABMMO-TAB,62,50,yes
2026-04-18 04:52:49 PM,KXATPCHALLENGERMATCH-26APR18TABMMO-TAB,62,70,yes
2026-04-18 04:52:49 PM,KXATPCHALLENGERMATCH-26APR18TABMMO-TAB,63,40,yes
2026-04-18 04:52:49 PM,KXATPCHALLENGERMATCH-26APR18TABMMO-TAB,63,100,yes
2026-04-18 04:52:49 PM,KXATPCHALLENGERMATCH-26APR18TABMMO-TAB,64,100,yes
2026-04-18 04:52:49 PM,KXATPCHALLENGERMATCH-26APR18TABMMO-TAB,64,10,yes
2026-04-18 04:52:49 PM,KXATPCHALLENGERMATCH-26APR18TABMMO-TAB,64,36,yes
2026-04-18 04:52:49 PM,KXATPCHALLENGERMATCH-26APR18TABMMO-TAB,65,1,yes
2026-04-18 04:52:49 PM,KXATPCHALLENGERMATCH-26APR18TABMMO-TAB,65,32,yes
2026-04-18 04:52:53 PM,KXATPCHALLENGERMATCH-26APR18TABMMO-TAB,62,40,no
2026-04-18 04:52:53 PM,KXATPCHALLENGERMATCH-26APR18TABMMO-TAB,61,245,no
2026-04-18 04:52:53 PM,KXATPCHALLENGERMATCH-26APR18TABMMO-TAB,60,514,no
2026-04-18 04:52:53 PM,KXATPCHALLENGERMATCH-26APR18TABMMO-TAB,61,70,no
2026-04-18 04:52:55 PM,KXATPCHALLENGERMATCH-26APR18TABMMO-TAB,60,485,no
2026-04-18 04:52:55 PM,KXATPCHALLENGERMATCH-26APR18TABMMO-TAB,60,40,no
2026-04-18 04:52:56 PM,KXATPCHALLENGERMATCH-26APR18TABMMO-TAB,58,10,no
2026-04-18 04:52:56 PM,KXATPCHALLENGERMATCH-26APR18TABMMO-TAB,58,130,no
2026-04-18 04:52:56 PM,KXATPCHALLENGERMATCH-26APR18TABMMO-TAB,58,35,no
2026-04-18 04:52:56 PM,KXATPCHALLENGERMATCH-26APR18TABMMO-TAB,58,38,yes
2026-04-18 04:52:56 PM,KXATPCHALLENGERMATCH-26APR18TABMMO-TAB,58,152,yes
2026-04-18 04:52:57 PM,KXATPCHALLENGERMATCH-26APR18TABMMO-TAB,58,15,yes
2026-04-18 04:53:01 PM,KXATPCHALLENGERMATCH-26APR18TABMMO-TAB,58,18,yes
2026-04-18 04:53:01 PM,KXATPCHALLENGERMATCH-26APR18TABMMO-TAB,58,38,yes
2026-04-18 04:53:05 PM,KXATPCHALLENGERMATCH-26APR18TABMMO-TAB,58,167,yes
2026-04-18 04:53:07 PM,KXATPCHALLENGERMATCH-26APR18TABMMO-TAB,58,194,yes
2026-04-18 04:53:07 PM,KXATPCHALLENGERMATCH-26APR18TABMMO-TAB,58,224,yes
2026-04-18 04:53:08 PM,KXATPCHALLENGERMATCH-26APR18TABMMO-TAB,58,9,yes
2026-04-18 04:53:15 PM,KXATPCHALLENGERMATCH-26APR18TABMMO-TAB,58,113,yes
2026-04-18 04:53:16 PM,KXATPCHALLENGERMATCH-26APR18TABMMO-TAB,58,52,yes
2026-04-18 04:53:16 PM,KXATPCHALLENGERMATCH-26APR18TABMMO-TAB,58,400,yes
2026-04-18 04:53:16 PM,KXATPCHALLENGERMATCH-26APR18TABMMO-TAB,58,53,yes
2026-04-18 04:53:22 PM,KXATPCHALLENGERMATCH-26APR18TABMMO-TAB,58,33,yes
2026-04-18 04:53:22 PM,KXATPCHALLENGERMATCH-26APR18TABMMO-TAB,58,26,yes
2026-04-18 04:53:22 PM,KXATPCHALLENGERMATCH-26APR18TABMMO-TAB,58,5,yes
2026-04-18 04:53:22 PM,KXATPCHALLENGERMATCH-26APR18TABMMO-TAB,59,1,yes
2026-04-18 04:53:30 PM,KXATPCHALLENGERMATCH-26APR18TABMMO-TAB,57,800,no
2026-04-18 04:53:31 PM,KXATPCHALLENGERMATCH-26APR18TABMMO-TAB,59,48,yes
2026-04-18 04:53:31 PM,KXATPCHALLENGERMATCH-26APR18TABMMO-TAB,59,70,yes
2026-04-18 04:53:31 PM,KXATPCHALLENGERMATCH-26APR18TABMMO-TAB,59,100,yes
2026-04-18 04:53:31 PM,KXATPCHALLENGERMATCH-26APR18TABMMO-TAB,59,366,yes
2026-04-18 04:53:35 PM,KXATPCHALLENGERMATCH-26APR18TABMMO-TAB,58,70,yes
2026-04-18 04:53:35 PM,KXATPCHALLENGERMATCH-26APR18TABMMO-TAB,58,180,yes
2026-04-18 04:53:41 PM,KXATPCHALLENGERMATCH-26APR18TABMMO-TAB,58,18,yes
2026-04-18 04:53:45 PM,KXATPCHALLENGERMATCH-26APR18TABMMO-TAB,58,33,yes
2026-04-18 04:53:47 PM,KXATPCHALLENGERMATCH-26APR18TABMMO-TAB,58,167,yes
2026-04-18 04:53:47 PM,KXATPCHALLENGERMATCH-26APR18TABMMO-TAB,57,100,no
2026-04-18 04:53:48 PM,KXATPCHALLENGERMATCH-26APR18TABMMO-TAB,58,294,yes
