ts_et,ticker,price,count,taker_side
2026-04-18 04:07:19 PM,KXATPCHALLENGERMATCH-26APR18REIKEN-REI,15,6,yes
2026-04-18 04:07:20 PM,KXATPCHALLENGERMATCH-26APR18REIKEN-REI,15,100,yes
2026-04-18 04:07:20 PM,KXATPCHALLENGERMATCH-26APR18REIKEN-REI,15,1000,yes
2026-04-18 04:07:21 PM,KXATPCHALLENGERMATCH-26APR18REIKEN-REI,14,1,no
2026-04-18 04:07:21 PM,KXATPCHALLENGERMATCH-26APR18REIKEN-REI,14,17,no
2026-04-18 04:07:23 PM,KXATPCHALLENGERMATCH-26APR18REIKEN-REI,15,31,yes
2026-04-18 04:07:25 PM,KXATPCHALLENGERMATCH-26APR18REIKEN-REI,15,12,yes
2026-04-18 04:07:25 PM,KXATPCHALLENGERMATCH-26APR18REIKEN-REI,15,31,yes
2026-04-18 04:07:25 PM,KXATPCHALLENGERMATCH-26APR18REIKEN-REI,15,12,yes
2026-04-18 04:07:26 PM,KXATPCHALLENGERMATCH-26APR18REIKEN-REI,15,147,yes
2026-04-18 04:07:26 PM,KXATPCHALLENGERMATCH-26APR18REIKEN-REI,15,81,yes
2026-04-18 04:07:26 PM,KXATPCHALLENGERMATCH-26APR18REIKEN-REI,14,11,no
2026-04-18 04:07:27 PM,KXATPCHALLENGERMATCH-26APR18REIKEN-REI,15,31,yes
2026-04-18 04:07:28 PM,KXATPCHALLENGERMATCH-26APR18REIKEN-REI,15,62,yes
2026-04-18 04:07:28 PM,KXATPCHALLENGERMATCH-26APR18REIKEN-REI,15,100,yes
2026-04-18 04:07:29 PM,KXATPCHALLENGERMATCH-26APR18REIKEN-REI,15,31,yes
2026-04-18 04:07:31 PM,KXATPCHALLENGERMATCH-26APR18REIKEN-REI,14,1,no
2026-04-18 04:07:31 PM,KXATPCHALLENGERMATCH-26APR18REIKEN-REI,15,1178,yes
2026-04-18 04:07:31 PM,KXATPCHALLENGERMATCH-26APR18REIKEN-REI,15,100,yes
2026-04-18 04:07:31 PM,KXATPCHALLENGERMATCH-26APR18REIKEN-REI,15,193,yes
2026-04-18 04:07:31 PM,KXATPCHALLENGERMATCH-26APR18REIKEN-REI,16,150,yes
2026-04-18 04:07:31 PM,KXATPCHALLENGERMATCH-26APR18REIKEN-REI,16,50,yes
2026-04-18 04:07:31 PM,KXATPCHALLENGERMATCH-26APR18REIKEN-REI,16,198,yes
2026-04-18 04:07:31 PM,KXATPCHALLENGERMATCH-26APR18REIKEN-REI,17,153,yes
2026-04-18 04:07:33 PM,KXATPCHALLENGERMATCH-26APR18REIKEN-REI,19,150,yes
2026-04-18 04:07:35 PM,KXATPCHALLENGERMATCH-26APR18REIKEN-REI,19,33,no
2026-04-18 04:07:36 PM,KXATPCHALLENGERMATCH-26APR18REIKEN-REI,20,4,yes
2026-04-18 04:07:38 PM,KXATPCHALLENGERMATCH-26APR18REIKEN-REI,20,4,yes
2026-04-18 04:07:39 PM,KXATPCHALLENGERMATCH-26APR18REIKEN-REI,20,318,yes
2026-04-18 04:07:41 PM,KXATPCHALLENGERMATCH-26APR18REIKEN-REI,20,288,yes
2026-04-18 04:07:42 PM,KXATPCHALLENGERMATCH-26APR18REIKEN-REI,20,4,yes
2026-04-18 04:07:42 PM,KXATPCHALLENGERMATCH-26APR18REIKEN-REI,20,118,yes
2026-04-18 04:07:42 PM,KXATPCHALLENGERMATCH-26APR18REIKEN-REI,20,261,yes
2026-04-18 04:07:42 PM,KXATPCHALLENGERMATCH-26APR18REIKEN-REI,20,26,yes
2026-04-18 04:07:42 PM,KXATPCHALLENGERMATCH-26APR18REIKEN-REI,20,100,yes
2026-04-18 04:07:42 PM,KXATPCHALLENGERMATCH-26APR18REIKEN-REI,20,80,yes
2026-04-18 04:07:42 PM,KXATPCHALLENGERMATCH-26APR18REIKEN-REI,20,32,yes
2026-04-18 04:07:44 PM,KXATPCHALLENGERMATCH-26APR18REIKEN-REI,20,143,yes
2026-04-18 04:07:44 PM,KXATPCHALLENGERMATCH-26APR18REIKEN-REI,20,10,yes
2026-04-18 04:07:44 PM,KXATPCHALLENGERMATCH-26APR18REIKEN-REI,20,100,yes
2026-04-18 04:07:44 PM,KXATPCHALLENGERMATCH-26APR18REIKEN-REI,20,125,yes
2026-04-18 04:07:44 PM,KXATPCHALLENGERMATCH-26APR18REIKEN-REI,20,35,yes
2026-04-18 04:07:44 PM,KXATPCHALLENGERMATCH-26APR18REIKEN-REI,20,296,yes
2026-04-18 04:07:45 PM,KXATPCHALLENGERMATCH-26APR18REIKEN-REI,20,236,yes
2026-04-18 04:07:45 PM,KXATPCHALLENGERMATCH-26APR18REIKEN-REI,20,90,yes
2026-04-18 04:07:45 PM,KXATPCHALLENGERMATCH-26APR18REIKEN-REI,20,47,yes
2026-04-18 04:07:46 PM,KXATPCHALLENGERMATCH-26APR18REIKEN-REI,19,100,no
2026-04-18 04:07:46 PM,KXATPCHALLENGERMATCH-26APR18REIKEN-REI,19,646,no
2026-04-18 04:07:46 PM,KXATPCHALLENGERMATCH-26APR18REIKEN-REI,20,2367,yes
2026-04-18 04:07:47 PM,KXATPCHALLENGERMATCH-26APR18REIKEN-REI,20,100,yes
2026-04-18 04:07:47 PM,KXATPCHALLENGERMATCH-26APR18REIKEN-REI,20,596,yes
2026-04-18 04:07:48 PM,KXATPCHALLENGERMATCH-26APR18REIKEN-REI,20,2367,yes
2026-04-18 04:07:48 PM,KXATPCHALLENGERMATCH-26APR18REIKEN-REI,20,47,yes
2026-04-18 04:07:50 PM,KXATPCHALLENGERMATCH-26APR18REIKEN-REI,20,10,yes
2026-04-18 04:07:50 PM,KXATPCHALLENGERMATCH-26APR18REIKEN-REI,20,13,yes
2026-04-18 04:07:52 PM,KXATPCHALLENGERMATCH-26APR18REIKEN-REI,20,4,yes
2026-04-18 04:07:55 PM,KXATPCHALLENGERMATCH-26APR18REIKEN-REI,21,7,yes
2026-04-18 04:07:55 PM,KXATPCHALLENGERMATCH-26APR18REIKEN-REI,21,9,yes
2026-04-18 04:07:56 PM,KXATPCHALLENGERMATCH-26APR18REIKEN-REI,21,984,yes
2026-04-18 04:07:56 PM,KXATPCHALLENGERMATCH-26APR18REIKEN-REI,21,303,yes
2026-04-18 04:07:56 PM,KXATPCHALLENGERMATCH-26APR18REIKEN-REI,21,80,yes
2026-04-18 04:07:56 PM,KXATPCHALLENGERMATCH-26APR18REIKEN-REI,21,10,yes
2026-04-18 04:07:56 PM,KXATPCHALLENGERMATCH-26APR18REIKEN-REI,22,30,yes
2026-04-18 04:07:56 PM,KXATPCHALLENGERMATCH-26APR18REIKEN-REI,22,5,yes
2026-04-18 04:07:56 PM,KXATPCHALLENGERMATCH-26APR18REIKEN-REI,22,69,yes
2026-04-18 04:07:56 PM,KXATPCHALLENGERMATCH-26APR18REIKEN-REI,22,150,yes
2026-04-18 04:07:56 PM,KXATPCHALLENGERMATCH-26APR18REIKEN-REI,23,50,yes
2026-04-18 04:07:56 PM,KXATPCHALLENGERMATCH-26APR18REIKEN-REI,23,400,yes
2026-04-18 04:07:56 PM,KXATPCHALLENGERMATCH-26APR18REIKEN-REI,23,35,yes
2026-04-18 04:07:56 PM,KXATPCHALLENGERMATCH-26APR18REIKEN-REI,24,10,yes
2026-04-18 04:07:56 PM,KXATPCHALLENGERMATCH-26APR18REIKEN-REI,24,100,yes
2026-04-18 04:07:56 PM,KXATPCHALLENGERMATCH-26APR18REIKEN-REI,24,400,yes
2026-04-18 04:07:56 PM,KXATPCHALLENGERMATCH-26APR18REIKEN-REI,24,400,yes
2026-04-18 04:07:56 PM,KXATPCHALLENGERMATCH-26APR18REIKEN-REI,25,385,yes
2026-04-18 04:07:56 PM,KXATPCHALLENGERMATCH-26APR18REIKEN-REI,23,80,yes
2026-04-18 04:07:57 PM,KXATPCHALLENGERMATCH-26APR18REIKEN-REI,26,30,yes
2026-04-18 04:07:57 PM,KXATPCHALLENGERMATCH-26APR18REIKEN-REI,27,40,yes
2026-04-18 04:07:57 PM,KXATPCHALLENGERMATCH-26APR18REIKEN-REI,27,7,yes
2026-04-18 04:07:57 PM,KXATPCHALLENGERMATCH-26APR18REIKEN-REI,27,1,yes
2026-04-18 04:07:59 PM,KXATPCHALLENGERMATCH-26APR18REIKEN-REI,27,60,no
2026-04-18 04:07:59 PM,KXATPCHALLENGERMATCH-26APR18REIKEN-REI,27,6877,no
2026-04-18 04:07:59 PM,KXATPCHALLENGERMATCH-26APR18REIKEN-REI,27,100,no
2026-04-18 04:07:59 PM,KXATPCHALLENGERMATCH-26APR18REIKEN-REI,27,105,no
2026-04-18 04:08:02 PM,KXATPCHALLENGERMATCH-26APR18REIKEN-REI,27,195,no
2026-04-18 04:08:02 PM,KXATPCHALLENGERMATCH-26APR18REIKEN-REI,28,500,yes
2026-04-18 04:08:02 PM,KXATPCHALLENGERMATCH-26APR18REIKEN-REI,28,10,yes
2026-04-18 04:08:02 PM,KXATPCHALLENGERMATCH-26APR18REIKEN-REI,29,16,yes
2026-04-18 04:08:02 PM,KXATPCHALLENGERMATCH-26APR18REIKEN-REI,29,194,yes
2026-04-18 04:08:02 PM,KXATPCHALLENGERMATCH-26APR18REIKEN-REI,30,2490,yes
2026-04-18 04:08:06 PM,KXATPCHALLENGERMATCH-26APR18REIKEN-REI,30,781,yes
2026-04-18 04:08:06 PM,KXATPCHALLENGERMATCH-26APR18REIKEN-REI,30,31,yes
2026-04-18 04:08:07 PM,KXATPCHALLENGERMATCH-26APR18REIKEN-REI,30,187,yes
2026-04-18 04:08:07 PM,KXATPCHALLENGERMATCH-26APR18REIKEN-REI,30,289,yes
2026-04-18 04:08:07 PM,KXATPCHALLENGERMATCH-26APR18REIKEN-REI,30,3,yes
2026-04-18 04:08:07 PM,KXATPCHALLENGERMATCH-26APR18REIKEN-REI,30,62,yes
2026-04-18 04:08:08 PM,KXATPCHALLENGERMATCH-26APR18REIKEN-REI,30,6,yes
2026-04-18 04:08:08 PM,KXATPCHALLENGERMATCH-26APR18REIKEN-REI,29,80,no
2026-04-18 04:08:08 PM,KXATPCHALLENGERMATCH-26APR18REIKEN-REI,29,100,no
2026-04-18 04:08:08 PM,KXATPCHALLENGERMATCH-26APR18REIKEN-REI,29,70,no
2026-04-18 04:08:08 PM,KXATPCHALLENGERMATCH-26APR18REIKEN-REI,30,25,yes
2026-04-18 04:08:09 PM,KXATPCHALLENGERMATCH-26APR18REIKEN-REI,30,177,yes
2026-04-18 04:08:09 PM,KXATPCHALLENGERMATCH-26APR18REIKEN-REI,30,9,yes
2026-04-18 04:08:09 PM,KXATPCHALLENGERMATCH-26APR18REIKEN-REI,29,20,no
2026-04-18 04:08:10 PM,KXATPCHALLENGERMATCH-26APR18REIKEN-REI,30,79,yes
2026-04-18 04:08:10 PM,KXATPCHALLENGERMATCH-26APR18REIKEN-REI,30,15,yes
2026-04-18 04:08:10 PM,KXATPCHALLENGERMATCH-26APR18REIKEN-REI,30,31,yes
2026-04-18 04:08:11 PM,KXATPCHALLENGERMATCH-26APR18REIKEN-REI,30,31,yes
2026-04-18 04:08:11 PM,KXATPCHALLENGERMATCH-26APR18REIKEN-REI,30,15,yes
2026-04-18 04:08:11 PM,KXATPCHALLENGERMATCH-26APR18REIKEN-REI,30,251,yes
2026-04-18 04:08:11 PM,KXATPCHALLENGERMATCH-26APR18REIKEN-REI,30,384,yes
2026-04-18 04:08:11 PM,KXATPCHALLENGERMATCH-26APR18REIKEN-REI,30,15,yes
2026-04-18 04:08:11 PM,KXATPCHALLENGERMATCH-26APR18REIKEN-REI,30,6,yes
2026-04-18 04:08:12 PM,KXATPCHALLENGERMATCH-26APR18REIKEN-REI,30,6,yes
2026-04-18 04:08:12 PM,KXATPCHALLENGERMATCH-26APR18REIKEN-REI,30,63,yes
2026-04-18 04:08:12 PM,KXATPCHALLENGERMATCH-26APR18REIKEN-REI,30,222,yes
2026-04-18 04:08:13 PM,KXATPCHALLENGERMATCH-26APR18REIKEN-REI,30,15,yes
2026-04-18 04:08:14 PM,KXATPCHALLENGERMATCH-26APR18REIKEN-REI,30,76,yes
2026-04-18 04:08:14 PM,KXATPCHALLENGERMATCH-26APR18REIKEN-REI,30,88,yes
2026-04-18 04:08:15 PM,KXATPCHALLENGERMATCH-26APR18REIKEN-REI,30,200,yes
2026-04-18 04:08:16 PM,KXATPCHALLENGERMATCH-26APR18REIKEN-REI,30,18,yes
2026-04-18 04:08:16 PM,KXATPCHALLENGERMATCH-26APR18REIKEN-REI,30,12,yes
2026-04-18 04:08:16 PM,KXATPCHALLENGERMATCH-26APR18REIKEN-REI,30,37,yes
2026-04-18 04:08:16 PM,KXATPCHALLENGERMATCH-26APR18REIKEN-REI,30,5,yes
2026-04-18 04:08:16 PM,KXATPCHALLENGERMATCH-26APR18REIKEN-REI,30,1500,yes
2026-04-18 04:08:18 PM,KXATPCHALLENGERMATCH-26APR18REIKEN-REI,30,30,no
2026-04-18 04:08:19 PM,KXATPCHALLENGERMATCH-26APR18REIKEN-REI,31,3,yes
2026-04-18 04:08:20 PM,KXATPCHALLENGERMATCH-26APR18REIKEN-REI,31,2,yes
2026-04-18 04:08:20 PM,KXATPCHALLENGERMATCH-26APR18REIKEN-REI,32,0,yes
2026-04-18 04:08:20 PM,KXATPCHALLENGERMATCH-26APR18REIKEN-REI,32,50,yes
2026-04-18 04:08:20 PM,KXATPCHALLENGERMATCH-26APR18REIKEN-REI,33,7,yes
2026-04-18 04:08:20 PM,KXATPCHALLENGERMATCH-26APR18REIKEN-REI,33,30,yes
2026-04-18 04:08:20 PM,KXATPCHALLENGERMATCH-26APR18REIKEN-REI,33,400,yes
2026-04-18 04:08:20 PM,KXATPCHALLENGERMATCH-26APR18REIKEN-REI,33,80,yes
2026-04-18 04:08:20 PM,KXATPCHALLENGERMATCH-26APR18REIKEN-REI,34,319,yes
2026-04-18 04:08:20 PM,KXATPCHALLENGERMATCH-26APR18REIKEN-REI,33,80,no
2026-04-18 04:08:20 PM,KXATPCHALLENGERMATCH-26APR18REIKEN-REI,33,100,no
2026-04-18 04:08:22 PM,KXATPCHALLENGERMATCH-26APR18REIKEN-REI,32,35,yes
2026-04-18 04:08:22 PM,KXATPCHALLENGERMATCH-26APR18REIKEN-REI,31,31,no
2026-04-18 04:08:24 PM,KXATPCHALLENGERMATCH-26APR18REIKEN-REI,32,10,no
2026-04-18 04:08:24 PM,KXATPCHALLENGERMATCH-26APR18REIKEN-REI,32,3,no
2026-04-18 04:08:24 PM,KXATPCHALLENGERMATCH-26APR18REIKEN-REI,32,7,no
2026-04-18 04:08:24 PM,KXATPCHALLENGERMATCH-26APR18REIKEN-REI,31,66,no
2026-04-18 04:08:24 PM,KXATPCHALLENGERMATCH-26APR18REIKEN-REI,31,98,yes
2026-04-18 04:08:24 PM,KXATPCHALLENGERMATCH-26APR18REIKEN-REI,31,29,yes
2026-04-18 04:08:25 PM,KXATPCHALLENGERMATCH-26APR18REIKEN-REI,31,206,yes
2026-04-18 04:08:25 PM,KXATPCHALLENGERMATCH-26APR18REIKEN-REI,31,50,yes
2026-04-18 04:08:25 PM,KXATPCHALLENGERMATCH-26APR18REIKEN-REI,32,10,yes
2026-04-18 04:08:25 PM,KXATPCHALLENGERMATCH-26APR18REIKEN-REI,32,42,yes
2026-04-18 04:08:25 PM,KXATPCHALLENGERMATCH-26APR18REIKEN-REI,32,67,yes
2026-04-18 04:08:25 PM,KXATPCHALLENGERMATCH-26APR18REIKEN-REI,32,13,yes
2026-04-18 04:08:26 PM,KXATPCHALLENGERMATCH-26APR18REIKEN-REI,32,800,yes
2026-04-18 04:08:26 PM,KXATPCHALLENGERMATCH-26APR18REIKEN-REI,32,45,yes
2026-04-18 04:08:27 PM,KXATPCHALLENGERMATCH-26APR18REIKEN-REI,35,204,yes
2026-04-18 04:08:27 PM,KXATPCHALLENGERMATCH-26APR18REIKEN-REI,36,123,yes
2026-04-18 04:08:28 PM,KXATPCHALLENGERMATCH-26APR18REIKEN-REI,38,50,no
2026-04-18 04:08:28 PM,KXATPCHALLENGERMATCH-26APR18REIKEN-REI,36,93,no
2026-04-18 04:08:29 PM,KXATPCHALLENGERMATCH-26APR18REIKEN-REI,39,400,no
2026-04-18 04:08:29 PM,KXATPCHALLENGERMATCH-26APR18REIKEN-REI,39,12,no
2026-04-18 04:08:30 PM,KXATPCHALLENGERMATCH-26APR18REIKEN-REI,39,37,no
2026-04-18 04:08:30 PM,KXATPCHALLENGERMATCH-26APR18REIKEN-REI,39,47,no
2026-04-18 04:08:30 PM,KXATPCHALLENGERMATCH-26APR18REIKEN-REI,39,5,no
2026-04-18 04:08:31 PM,KXATPCHALLENGERMATCH-26APR18REIKEN-REI,40,43,yes
2026-04-18 04:08:32 PM,KXATPCHALLENGERMATCH-26APR18REIKEN-REI,40,11,yes
2026-04-18 04:08:33 PM,KXATPCHALLENGERMATCH-26APR18REIKEN-REI,39,27,no
2026-04-18 04:08:33 PM,KXATPCHALLENGERMATCH-26APR18REIKEN-REI,39,100,no
2026-04-18 04:08:33 PM,KXATPCHALLENGERMATCH-26APR18REIKEN-REI,39,873,no
2026-04-18 04:08:33 PM,KXATPCHALLENGERMATCH-26APR18REIKEN-REI,39,5,no
2026-04-18 04:08:33 PM,KXATPCHALLENGERMATCH-26APR18REIKEN-REI,40,2,yes
2026-04-18 04:08:33 PM,KXATPCHALLENGERMATCH-26APR18REIKEN-REI,39,68,no
2026-04-18 04:08:34 PM,KXATPCHALLENGERMATCH-26APR18REIKEN-REI,40,2,yes
2026-04-18 04:08:34 PM,KXATPCHALLENGERMATCH-26APR18REIKEN-REI,40,235,yes
2026-04-18 04:08:36 PM,KXATPCHALLENGERMATCH-26APR18REIKEN-REI,40,24,yes
2026-04-18 04:08:36 PM,KXATPCHALLENGERMATCH-26APR18REIKEN-REI,39,18,no
2026-04-18 04:08:36 PM,KXATPCHALLENGERMATCH-26APR18REIKEN-REI,40,30,yes
2026-04-18 04:08:36 PM,KXATPCHALLENGERMATCH-26APR18REIKEN-REI,40,560,yes
2026-04-18 04:08:36 PM,KXATPCHALLENGERMATCH-26APR18REIKEN-REI,41,4,yes
2026-04-18 04:08:36 PM,KXATPCHALLENGERMATCH-26APR18REIKEN-REI,42,80,yes
2026-04-18 04:08:36 PM,KXATPCHALLENGERMATCH-26APR18REIKEN-REI,42,4297,yes
2026-04-18 04:08:37 PM,KXATPCHALLENGERMATCH-26APR18REIKEN-REI,41,20,no
2026-04-18 04:08:38 PM,KXATPCHALLENGERMATCH-26APR18REIKEN-REI,42,45,yes
2026-04-18 04:08:38 PM,KXATPCHALLENGERMATCH-26APR18REIKEN-REI,42,22,yes
2026-04-18 04:08:38 PM,KXATPCHALLENGERMATCH-26APR18REIKEN-REI,42,11,yes
2026-04-18 04:08:39 PM,KXATPCHALLENGERMATCH-26APR18REIKEN-REI,42,0,yes
2026-04-18 04:08:39 PM,KXATPCHALLENGERMATCH-26APR18REIKEN-REI,42,99,yes
2026-04-18 04:08:39 PM,KXATPCHALLENGERMATCH-26APR18REIKEN-REI,42,25,yes
2026-04-18 04:08:39 PM,KXATPCHALLENGERMATCH-26APR18REIKEN-REI,42,45,yes
2026-04-18 04:08:40 PM,KXATPCHALLENGERMATCH-26APR18REIKEN-REI,41,30,no
2026-04-18 04:08:40 PM,KXATPCHALLENGERMATCH-26APR18REIKEN-REI,41,400,no
2026-04-18 04:08:40 PM,KXATPCHALLENGERMATCH-26APR18REIKEN-REI,41,80,no
2026-04-18 04:08:40 PM,KXATPCHALLENGERMATCH-26APR18REIKEN-REI,41,100,no
2026-04-18 04:08:40 PM,KXATPCHALLENGERMATCH-26APR18REIKEN-REI,41,711,no
2026-04-18 04:08:40 PM,KXATPCHALLENGERMATCH-26APR18REIKEN-REI,40,134,no
2026-04-18 04:08:40 PM,KXATPCHALLENGERMATCH-26APR18REIKEN-REI,42,568,yes
2026-04-18 04:08:40 PM,KXATPCHALLENGERMATCH-26APR18REIKEN-REI,42,66,yes
2026-04-18 04:08:42 PM,KXATPCHALLENGERMATCH-26APR18REIKEN-REI,40,176,no
2026-04-18 04:08:43 PM,KXATPCHALLENGERMATCH-26APR18REIKEN-REI,41,5,no
2026-04-18 04:08:43 PM,KXATPCHALLENGERMATCH-26APR18REIKEN-REI,42,80,no
2026-04-18 04:08:43 PM,KXATPCHALLENGERMATCH-26APR18REIKEN-REI,40,120,yes
2026-04-18 04:08:44 PM,KXATPCHALLENGERMATCH-26APR18REIKEN-REI,40,79,no
2026-04-18 04:08:44 PM,KXATPCHALLENGERMATCH-26APR18REIKEN-REI,42,24,yes
2026-04-18 04:08:44 PM,KXATPCHALLENGERMATCH-26APR18REIKEN-REI,42,22,yes
2026-04-18 04:08:44 PM,KXATPCHALLENGERMATCH-26APR18REIKEN-REI,42,53,yes
2026-04-18 04:08:45 PM,KXATPCHALLENGERMATCH-26APR18REIKEN-REI,43,36,no
2026-04-18 04:08:47 PM,KXATPCHALLENGERMATCH-26APR18REIKEN-REI,44,20,yes
2026-04-18 04:08:47 PM,KXATPCHALLENGERMATCH-26APR18REIKEN-REI,44,1,yes
2026-04-18 04:08:47 PM,KXATPCHALLENGERMATCH-26APR18REIKEN-REI,44,2,yes
2026-04-18 04:08:47 PM,KXATPCHALLENGERMATCH-26APR18REIKEN-REI,44,216,yes
2026-04-18 04:08:48 PM,KXATPCHALLENGERMATCH-26APR18REIKEN-REI,44,24,yes
2026-04-18 04:08:48 PM,KXATPCHALLENGERMATCH-26APR18REIKEN-REI,44,20,yes
2026-04-18 04:08:49 PM,KXATPCHALLENGERMATCH-26APR18REIKEN-REI,44,139,yes
2026-04-18 04:08:49 PM,KXATPCHALLENGERMATCH-26APR18REIKEN-REI,44,400,yes
2026-04-18 04:08:49 PM,KXATPCHALLENGERMATCH-26APR18REIKEN-REI,44,50,yes
2026-04-18 04:08:49 PM,KXATPCHALLENGERMATCH-26APR18REIKEN-REI,44,80,yes
2026-04-18 04:08:49 PM,KXATPCHALLENGERMATCH-26APR18REIKEN-REI,45,20,yes
2026-04-18 04:08:49 PM,KXATPCHALLENGERMATCH-26APR18REIKEN-REI,45,3,yes
2026-04-18 04:08:49 PM,KXATPCHALLENGERMATCH-26APR18REIKEN-REI,45,374,yes
2026-04-18 04:08:50 PM,KXATPCHALLENGERMATCH-26APR18REIKEN-REI,44,80,no
2026-04-18 04:08:50 PM,KXATPCHALLENGERMATCH-26APR18REIKEN-REI,44,10,yes
2026-04-18 04:08:53 PM,KXATPCHALLENGERMATCH-26APR18REIKEN-REI,46,5,yes
2026-04-18 04:08:53 PM,KXATPCHALLENGERMATCH-26APR18REIKEN-REI,46,45,no
2026-04-18 04:08:53 PM,KXATPCHALLENGERMATCH-26APR18REIKEN-REI,45,7,no
2026-04-18 04:08:57 PM,KXATPCHALLENGERMATCH-26APR18REIKEN-REI,45,30,no
2026-04-18 04:08:57 PM,KXATPCHALLENGERMATCH-26APR18REIKEN-REI,44,45,no
2026-04-18 04:08:57 PM,KXATPCHALLENGERMATCH-26APR18REIKEN-REI,46,15,no
2026-04-18 04:08:57 PM,KXATPCHALLENGERMATCH-26APR18REIKEN-REI,46,34,no
2026-04-18 04:08:58 PM,KXATPCHALLENGERMATCH-26APR18REIKEN-REI,45,100,no
2026-04-18 04:08:58 PM,KXATPCHALLENGERMATCH-26APR18REIKEN-REI,45,80,no
2026-04-18 04:08:58 PM,KXATPCHALLENGERMATCH-26APR18REIKEN-REI,43,315,no
2026-04-18 04:08:58 PM,KXATPCHALLENGERMATCH-26APR18REIKEN-REI,43,10,no
2026-04-18 04:08:59 PM,KXATPCHALLENGERMATCH-26APR18REIKEN-REI,47,10,yes
2026-04-18 04:08:59 PM,KXATPCHALLENGERMATCH-26APR18REIKEN-REI,47,4,yes
2026-04-18 04:08:59 PM,KXATPCHALLENGERMATCH-26APR18REIKEN-REI,47,35,yes
2026-04-18 04:08:59 PM,KXATPCHALLENGERMATCH-26APR18REIKEN-REI,48,80,yes
2026-04-18 04:08:59 PM,KXATPCHALLENGERMATCH-26APR18REIKEN-REI,49,66,yes
2026-04-18 04:08:59 PM,KXATPCHALLENGERMATCH-26APR18REIKEN-REI,45,50,no
2026-04-18 04:08:59 PM,KXATPCHALLENGERMATCH-26APR18REIKEN-REI,45,400,no
2026-04-18 04:08:59 PM,KXATPCHALLENGERMATCH-26APR18REIKEN-REI,44,300,no
2026-04-18 04:08:59 PM,KXATPCHALLENGERMATCH-26APR18REIKEN-REI,44,400,no
2026-04-18 04:08:59 PM,KXATPCHALLENGERMATCH-26APR18REIKEN-REI,44,80,no
2026-04-18 04:08:59 PM,KXATPCHALLENGERMATCH-26APR18REIKEN-REI,43,74,no
2026-04-18 04:08:59 PM,KXATPCHALLENGERMATCH-26APR18REIKEN-REI,40,150,no
2026-04-18 04:08:59 PM,KXATPCHALLENGERMATCH-26APR18REIKEN-REI,39,236,no
2026-04-18 04:08:59 PM,KXATPCHALLENGERMATCH-26APR18REIKEN-REI,38,2,no
2026-04-18 04:08:59 PM,KXATPCHALLENGERMATCH-26APR18REIKEN-REI,35,69,no
2026-04-18 04:08:59 PM,KXATPCHALLENGERMATCH-26APR18REIKEN-REI,34,2,no
2026-04-18 04:09:00 PM,KXATPCHALLENGERMATCH-26APR18REIKEN-REI,41,8,yes
2026-04-18 04:09:01 PM,KXATPCHALLENGERMATCH-26APR18REIKEN-REI,33,51,yes
2026-04-18 04:09:01 PM,KXATPCHALLENGERMATCH-26APR18REIKEN-REI,33,43,yes
2026-04-18 04:09:02 PM,KXATPCHALLENGERMATCH-26APR18REIKEN-REI,30,120,no
2026-04-18 04:09:02 PM,KXATPCHALLENGERMATCH-26APR18REIKEN-REI,31,1,yes
2026-04-18 04:09:02 PM,KXATPCHALLENGERMATCH-26APR18REIKEN-REI,31,110,yes
2026-04-18 04:09:03 PM,KXATPCHALLENGERMATCH-26APR18REIKEN-REI,31,287,yes
2026-04-18 04:09:03 PM,KXATPCHALLENGERMATCH-26APR18REIKEN-REI,31,50,yes
2026-04-18 04:09:03 PM,KXATPCHALLENGERMATCH-26APR18REIKEN-REI,31,187,yes
2026-04-18 04:09:03 PM,KXATPCHALLENGERMATCH-26APR18REIKEN-REI,30,35,no
2026-04-18 04:09:03 PM,KXATPCHALLENGERMATCH-26APR18REIKEN-REI,30,30,no
2026-04-18 04:09:04 PM,KXATPCHALLENGERMATCH-26APR18REIKEN-REI,30,12,yes
2026-04-18 04:09:04 PM,KXATPCHALLENGERMATCH-26APR18REIKEN-REI,30,8,yes
2026-04-18 04:09:05 PM,KXATPCHALLENGERMATCH-26APR18REIKEN-REI,29,173,no
2026-04-18 04:09:05 PM,KXATPCHALLENGERMATCH-26APR18REIKEN-REI,30,15,yes
2026-04-18 04:09:07 PM,KXATPCHALLENGERMATCH-26APR18REIKEN-REI,30,158,yes
2026-04-18 04:09:07 PM,KXATPCHALLENGERMATCH-26APR18REIKEN-REI,30,3,yes
2026-04-18 04:09:08 PM,KXATPCHALLENGERMATCH-26APR18REIKEN-REI,29,80,no
2026-04-18 04:09:09 PM,KXATPCHALLENGERMATCH-26APR18REIKEN-REI,30,95,yes
2026-04-18 04:09:09 PM,KXATPCHALLENGERMATCH-26APR18REIKEN-REI,29,9,no
2026-04-18 04:09:10 PM,KXATPCHALLENGERMATCH-26APR18REIKEN-REI,29,487,no
2026-04-18 04:09:10 PM,KXATPCHALLENGERMATCH-26APR18REIKEN-REI,29,2362,no
2026-04-18 04:09:11 PM,KXATPCHALLENGERMATCH-26APR18REIKEN-REI,30,3,yes
2026-04-18 04:09:11 PM,KXATPCHALLENGERMATCH-26APR18REIKEN-REI,30,22,yes
2026-04-18 04:09:12 PM,KXATPCHALLENGERMATCH-26APR18REIKEN-REI,30,15,yes
2026-04-18 04:09:12 PM,KXATPCHALLENGERMATCH-26APR18REIKEN-REI,29,1,no
2026-04-18 04:09:15 PM,KXATPCHALLENGERMATCH-26APR18REIKEN-REI,30,0,yes
2026-04-18 04:09:15 PM,KXATPCHALLENGERMATCH-26APR18REIKEN-REI,30,174,yes
2026-04-18 04:09:16 PM,KXATPCHALLENGERMATCH-26APR18REIKEN-REI,30,225,yes
2026-04-18 04:09:16 PM,KXATPCHALLENGERMATCH-26APR18REIKEN-REI,30,400,yes
2026-04-18 04:09:16 PM,KXATPCHALLENGERMATCH-26APR18REIKEN-REI,30,168,yes
2026-04-18 04:09:18 PM,KXATPCHALLENGERMATCH-26APR18REIKEN-REI,30,62,yes
2026-04-18 04:09:18 PM,KXATPCHALLENGERMATCH-26APR18REIKEN-REI,30,9,yes
2026-04-18 04:09:18 PM,KXATPCHALLENGERMATCH-26APR18REIKEN-REI,30,159,yes
2026-04-18 04:09:18 PM,KXATPCHALLENGERMATCH-26APR18REIKEN-REI,30,90,yes
2026-04-18 04:09:18 PM,KXATPCHALLENGERMATCH-26APR18REIKEN-REI,30,158,yes
2026-04-18 04:09:19 PM,KXATPCHALLENGERMATCH-26APR18REIKEN-REI,29,118,no
2026-04-18 04:09:19 PM,KXATPCHALLENGERMATCH-26APR18REIKEN-REI,30,28,yes
2026-04-18 04:09:19 PM,KXATPCHALLENGERMATCH-26APR18REIKEN-REI,30,79,yes
2026-04-18 04:09:19 PM,KXATPCHALLENGERMATCH-26APR18REIKEN-REI,30,6,yes
2026-04-18 04:09:20 PM,KXATPCHALLENGERMATCH-26APR18REIKEN-REI,30,36,yes
2026-04-18 04:09:20 PM,KXATPCHALLENGERMATCH-26APR18REIKEN-REI,30,398,yes
2026-04-18 04:09:20 PM,KXATPCHALLENGERMATCH-26APR18REIKEN-REI,30,1,yes
2026-04-18 04:09:20 PM,KXATPCHALLENGERMATCH-26APR18REIKEN-REI,30,400,yes
2026-04-18 04:09:20 PM,KXATPCHALLENGERMATCH-26APR18REIKEN-REI,30,234,yes
2026-04-18 04:09:24 PM,KXATPCHALLENGERMATCH-26APR18REIKEN-REI,30,10,yes
2026-04-18 04:09:24 PM,KXATPCHALLENGERMATCH-26APR18REIKEN-REI,30,4,yes
2026-04-18 04:09:26 PM,KXATPCHALLENGERMATCH-26APR18REIKEN-REI,30,15,yes
2026-04-18 04:09:26 PM,KXATPCHALLENGERMATCH-26APR18REIKEN-REI,31,1,yes
2026-04-18 04:09:26 PM,KXATPCHALLENGERMATCH-26APR18REIKEN-REI,31,5,yes
2026-04-18 04:09:27 PM,KXATPCHALLENGERMATCH-26APR18REIKEN-REI,31,10,yes
2026-04-18 04:09:28 PM,KXATPCHALLENGERMATCH-26APR18REIKEN-REI,29,33,no
2026-04-18 04:09:28 PM,KXATPCHALLENGERMATCH-26APR18REIKEN-REI,29,582,no
2026-04-18 04:09:29 PM,KXATPCHALLENGERMATCH-26APR18REIKEN-REI,31,92,yes
2026-04-18 04:09:29 PM,KXATPCHALLENGERMATCH-26APR18REIKEN-REI,29,134,no
2026-04-18 04:09:29 PM,KXATPCHALLENGERMATCH-26APR18REIKEN-REI,28,50,no
2026-04-18 04:09:29 PM,KXATPCHALLENGERMATCH-26APR18REIKEN-REI,27,100,no
2026-04-18 04:09:29 PM,KXATPCHALLENGERMATCH-26APR18REIKEN-REI,26,400,no
2026-04-18 04:09:29 PM,KXATPCHALLENGERMATCH-26APR18REIKEN-REI,25,115,no
2026-04-18 04:09:30 PM,KXATPCHALLENGERMATCH-26APR18REIKEN-REI,25,234,no
2026-04-18 04:09:30 PM,KXATPCHALLENGERMATCH-26APR18REIKEN-REI,25,3,no
2026-04-18 04:09:31 PM,KXATPCHALLENGERMATCH-26APR18REIKEN-REI,23,7,yes
2026-04-18 04:09:31 PM,KXATPCHALLENGERMATCH-26APR18REIKEN-REI,23,50,yes
2026-04-18 04:09:31 PM,KXATPCHALLENGERMATCH-26APR18REIKEN-REI,23,400,yes
2026-04-18 04:09:31 PM,KXATPCHALLENGERMATCH-26APR18REIKEN-REI,23,400,yes
2026-04-18 04:09:31 PM,KXATPCHALLENGERMATCH-26APR18REIKEN-REI,23,10,yes
2026-04-18 04:09:31 PM,KXATPCHALLENGERMATCH-26APR18REIKEN-REI,23,5,yes
2026-04-18 04:09:31 PM,KXATPCHALLENGERMATCH-26APR18REIKEN-REI,24,1500,yes
2026-04-18 04:09:31 PM,KXATPCHALLENGERMATCH-26APR18REIKEN-REI,24,400,yes
2026-04-18 04:09:31 PM,KXATPCHALLENGERMATCH-26APR18REIKEN-REI,24,39,yes
2026-04-18 04:09:32 PM,KXATPCHALLENGERMATCH-26APR18REIKEN-REI,23,50,yes
2026-04-18 04:09:32 PM,KXATPCHALLENGERMATCH-26APR18REIKEN-REI,23,104,yes
2026-04-18 04:09:32 PM,KXATPCHALLENGERMATCH-26APR18REIKEN-REI,23,295,yes
2026-04-18 04:09:32 PM,KXATPCHALLENGERMATCH-26APR18REIKEN-REI,24,6,yes
2026-04-18 04:09:32 PM,KXATPCHALLENGERMATCH-26APR18REIKEN-REI,22,4,no
2026-04-18 04:09:32 PM,KXATPCHALLENGERMATCH-26APR18REIKEN-REI,20,0,no
2026-04-18 04:09:32 PM,KXATPCHALLENGERMATCH-26APR18REIKEN-REI,20,150,no
2026-04-18 04:09:32 PM,KXATPCHALLENGERMATCH-26APR18REIKEN-REI,19,10,no
2026-04-18 04:09:32 PM,KXATPCHALLENGERMATCH-26APR18REIKEN-REI,19,21,no
2026-04-18 04:09:32 PM,KXATPCHALLENGERMATCH-26APR18REIKEN-REI,23,97,yes
2026-04-18 04:09:32 PM,KXATPCHALLENGERMATCH-26APR18REIKEN-REI,23,35,yes
2026-04-18 04:09:34 PM,KXATPCHALLENGERMATCH-26APR18REIKEN-REI,22,153,yes
2026-04-18 04:09:35 PM,KXATPCHALLENGERMATCH-26APR18REIKEN-REI,22,5,yes
2026-04-18 04:09:36 PM,KXATPCHALLENGERMATCH-26APR18REIKEN-REI,21,5,yes
2026-04-18 04:09:39 PM,KXATPCHALLENGERMATCH-26APR18REIKEN-REI,21,8,yes
2026-04-18 04:09:40 PM,KXATPCHALLENGERMATCH-26APR18REIKEN-REI,20,35,no
2026-04-18 04:09:40 PM,KXATPCHALLENGERMATCH-26APR18REIKEN-REI,21,36,yes
2026-04-18 04:09:40 PM,KXATPCHALLENGERMATCH-26APR18REIKEN-REI,21,1362,yes
2026-04-18 04:09:40 PM,KXATPCHALLENGERMATCH-26APR18REIKEN-REI,21,50,yes
2026-04-18 04:09:41 PM,KXATPCHALLENGERMATCH-26APR18REIKEN-REI,21,87,yes
2026-04-18 04:09:41 PM,KXATPCHALLENGERMATCH-26APR18REIKEN-REI,21,2,yes
2026-04-18 04:09:41 PM,KXATPCHALLENGERMATCH-26APR18REIKEN-REI,21,100,yes
2026-04-18 04:09:42 PM,KXATPCHALLENGERMATCH-26APR18REIKEN-REI,21,67,yes
2026-04-18 04:09:43 PM,KXATPCHALLENGERMATCH-26APR18REIKEN-REI,21,100,yes
2026-04-18 04:09:43 PM,KXATPCHALLENGERMATCH-26APR18REIKEN-REI,21,10,yes
2026-04-18 04:09:43 PM,KXATPCHALLENGERMATCH-26APR18REIKEN-REI,21,2,yes
2026-04-18 04:09:45 PM,KXATPCHALLENGERMATCH-26APR18REIKEN-REI,22,1,yes
2026-04-18 04:09:45 PM,KXATPCHALLENGERMATCH-26APR18REIKEN-REI,22,0,yes
2026-04-18 04:09:45 PM,KXATPCHALLENGERMATCH-26APR18REIKEN-REI,22,0,yes
2026-04-18 04:09:45 PM,KXATPCHALLENGERMATCH-26APR18REIKEN-REI,22,8,yes
2026-04-18 04:09:48 PM,KXATPCHALLENGERMATCH-26APR18REIKEN-REI,24,7,yes
2026-04-18 04:09:48 PM,KXATPCHALLENGERMATCH-26APR18REIKEN-REI,24,42,yes
2026-04-18 04:09:48 PM,KXATPCHALLENGERMATCH-26APR18REIKEN-REI,25,1,yes
2026-04-18 04:09:48 PM,KXATPCHALLENGERMATCH-26APR18REIKEN-REI,25,35,yes
2026-04-18 04:09:48 PM,KXATPCHALLENGERMATCH-26APR18REIKEN-REI,26,400,yes
2026-04-18 04:09:48 PM,KXATPCHALLENGERMATCH-26APR18REIKEN-REI,26,400,yes
2026-04-18 04:09:48 PM,KXATPCHALLENGERMATCH-26APR18REIKEN-REI,27,400,yes
2026-04-18 04:09:48 PM,KXATPCHALLENGERMATCH-26APR18REIKEN-REI,27,923,yes
2026-04-18 04:09:49 PM,KXATPCHALLENGERMATCH-26APR18REIKEN-REI,27,1,yes
2026-04-18 04:09:50 PM,KXATPCHALLENGERMATCH-26APR18REIKEN-REI,28,350,yes
2026-04-18 04:09:50 PM,KXATPCHALLENGERMATCH-26APR18REIKEN-REI,29,20,no
2026-04-18 04:09:53 PM,KXATPCHALLENGERMATCH-26APR18REIKEN-REI,31,3,no
2026-04-18 04:09:53 PM,KXATPCHALLENGERMATCH-26APR18REIKEN-REI,31,39,yes
2026-04-18 04:09:54 PM,KXATPCHALLENGERMATCH-26APR18REIKEN-REI,31,140,yes
2026-04-18 04:09:54 PM,KXATPCHALLENGERMATCH-26APR18REIKEN-REI,31,14,yes
2026-04-18 04:09:56 PM,KXATPCHALLENGERMATCH-26APR18REIKEN-REI,31,2,yes
2026-04-18 04:09:56 PM,KXATPCHALLENGERMATCH-26APR18REIKEN-REI,31,200,yes
2026-04-18 04:09:56 PM,KXATPCHALLENGERMATCH-26APR18REIKEN-REI,31,107,yes
2026-04-18 04:09:56 PM,KXATPCHALLENGERMATCH-26APR18REIKEN-REI,31,15,yes
2026-04-18 04:09:56 PM,KXATPCHALLENGERMATCH-26APR18REIKEN-REI,29,23,no
2026-04-18 04:09:57 PM,KXATPCHALLENGERMATCH-26APR18REIKEN-REI,31,28,yes
2026-04-18 04:09:57 PM,KXATPCHALLENGERMATCH-26APR18REIKEN-REI,29,112,no
2026-04-18 04:09:58 PM,KXATPCHALLENGERMATCH-26APR18REIKEN-REI,31,18,yes
2026-04-18 04:10:03 PM,KXATPCHALLENGERMATCH-26APR18REIKEN-REI,31,5,yes
2026-04-18 04:10:03 PM,KXATPCHALLENGERMATCH-26APR18REIKEN-REI,31,15,yes
2026-04-18 04:10:03 PM,KXATPCHALLENGERMATCH-26APR18REIKEN-REI,31,210,yes
2026-04-18 04:10:03 PM,KXATPCHALLENGERMATCH-26APR18REIKEN-REI,31,400,yes
2026-04-18 04:10:03 PM,KXATPCHALLENGERMATCH-26APR18REIKEN-REI,31,50,yes
2026-04-18 04:10:03 PM,KXATPCHALLENGERMATCH-26APR18REIKEN-REI,31,400,yes
2026-04-18 04:10:03 PM,KXATPCHALLENGERMATCH-26APR18REIKEN-REI,31,400,yes
2026-04-18 04:10:03 PM,KXATPCHALLENGERMATCH-26APR18REIKEN-REI,31,35,yes
2026-04-18 04:10:03 PM,KXATPCHALLENGERMATCH-26APR18REIKEN-REI,31,43,yes
2026-04-18 04:10:04 PM,KXATPCHALLENGERMATCH-26APR18REIKEN-REI,31,30,yes
2026-04-18 04:10:05 PM,KXATPCHALLENGERMATCH-26APR18REIKEN-REI,31,15,yes
2026-04-18 04:10:05 PM,KXATPCHALLENGERMATCH-26APR18REIKEN-REI,31,6,yes
2026-04-18 04:10:05 PM,KXATPCHALLENGERMATCH-26APR18REIKEN-REI,31,107,yes
2026-04-18 04:10:06 PM,KXATPCHALLENGERMATCH-26APR18REIKEN-REI,31,612,yes
2026-04-18 04:10:06 PM,KXATPCHALLENGERMATCH-26APR18REIKEN-REI,31,153,yes
2026-04-18 04:10:07 PM,KXATPCHALLENGERMATCH-26APR18REIKEN-REI,31,9,yes
2026-04-18 04:10:07 PM,KXATPCHALLENGERMATCH-26APR18REIKEN-REI,31,92,yes
2026-04-18 04:10:07 PM,KXATPCHALLENGERMATCH-26APR18REIKEN-REI,31,46,yes
2026-04-18 04:10:08 PM,KXATPCHALLENGERMATCH-26APR18REIKEN-REI,30,52,no
2026-04-18 04:10:09 PM,KXATPCHALLENGERMATCH-26APR18REIKEN-REI,31,46,yes
2026-04-18 04:10:11 PM,KXATPCHALLENGERMATCH-26APR18REIKEN-REI,30,5,no
2026-04-18 04:10:11 PM,KXATPCHALLENGERMATCH-26APR18REIKEN-REI,31,100,yes
2026-04-18 04:10:11 PM,KXATPCHALLENGERMATCH-26APR18REIKEN-REI,31,461,yes
2026-04-18 04:10:12 PM,KXATPCHALLENGERMATCH-26APR18REIKEN-REI,29,50,no
2026-04-18 04:10:12 PM,KXATPCHALLENGERMATCH-26APR18REIKEN-REI,29,97,no
2026-04-18 04:10:12 PM,KXATPCHALLENGERMATCH-26APR18REIKEN-REI,31,20,yes
2026-04-18 04:10:13 PM,KXATPCHALLENGERMATCH-26APR18REIKEN-REI,31,76,yes
2026-04-18 04:10:14 PM,KXATPCHALLENGERMATCH-26APR18REIKEN-REI,31,92,yes
2026-04-18 04:10:14 PM,KXATPCHALLENGERMATCH-26APR18REIKEN-REI,31,9,yes
2026-04-18 04:10:15 PM,KXATPCHALLENGERMATCH-26APR18REIKEN-REI,31,615,yes
2026-04-18 04:10:16 PM,KXATPCHALLENGERMATCH-26APR18REIKEN-REI,30,4,yes
2026-04-18 04:10:16 PM,KXATPCHALLENGERMATCH-26APR18REIKEN-REI,31,88,yes
2026-04-18 04:10:17 PM,KXATPCHALLENGERMATCH-26APR18REIKEN-REI,31,923,yes
2026-04-18 04:10:17 PM,KXATPCHALLENGERMATCH-26APR18REIKEN-REI,29,18,no
2026-04-18 04:10:19 PM,KXATPCHALLENGERMATCH-26APR18REIKEN-REI,31,500,yes
2026-04-18 04:10:20 PM,KXATPCHALLENGERMATCH-26APR18REIKEN-REI,31,187,yes
2026-04-18 04:10:23 PM,KXATPCHALLENGERMATCH-26APR18REIKEN-REI,30,100,yes
2026-04-18 04:10:23 PM,KXATPCHALLENGERMATCH-26APR18REIKEN-REI,31,361,yes
2026-04-18 04:10:26 PM,KXATPCHALLENGERMATCH-26APR18REIKEN-REI,30,3,yes
2026-04-18 04:10:27 PM,KXATPCHALLENGERMATCH-26APR18REIKEN-REI,30,1,yes
2026-04-18 04:10:27 PM,KXATPCHALLENGERMATCH-26APR18REIKEN-REI,30,14,yes
2026-04-18 04:10:28 PM,KXATPCHALLENGERMATCH-26APR18REIKEN-REI,30,10,yes
2026-04-18 04:10:28 PM,KXATPCHALLENGERMATCH-26APR18REIKEN-REI,30,1,yes
2026-04-18 04:10:28 PM,KXATPCHALLENGERMATCH-26APR18REIKEN-REI,30,30,yes
2026-04-18 04:10:28 PM,KXATPCHALLENGERMATCH-26APR18REIKEN-REI,31,399,yes
2026-04-18 04:10:28 PM,KXATPCHALLENGERMATCH-26APR18REIKEN-REI,31,50,yes
2026-04-18 04:10:28 PM,KXATPCHALLENGERMATCH-26APR18REIKEN-REI,31,400,yes
2026-04-18 04:10:28 PM,KXATPCHALLENGERMATCH-26APR18REIKEN-REI,31,100,yes
2026-04-18 04:10:28 PM,KXATPCHALLENGERMATCH-26APR18REIKEN-REI,31,140,yes
2026-04-18 04:10:28 PM,KXATPCHALLENGERMATCH-26APR18REIKEN-REI,32,400,yes
2026-04-18 04:10:28 PM,KXATPCHALLENGERMATCH-26APR18REIKEN-REI,32,10,yes
2026-04-18 04:10:28 PM,KXATPCHALLENGERMATCH-26APR18REIKEN-REI,32,100,yes
2026-04-18 04:10:28 PM,KXATPCHALLENGERMATCH-26APR18REIKEN-REI,34,400,yes
2026-04-18 04:10:28 PM,KXATPCHALLENGERMATCH-26APR18REIKEN-REI,35,5,yes
2026-04-18 04:10:28 PM,KXATPCHALLENGERMATCH-26APR18REIKEN-REI,35,6,yes
2026-04-18 04:10:28 PM,KXATPCHALLENGERMATCH-26APR18REIKEN-REI,36,30,yes
2026-04-18 04:10:28 PM,KXATPCHALLENGERMATCH-26APR18REIKEN-REI,36,42,yes
2026-04-18 04:10:28 PM,KXATPCHALLENGERMATCH-26APR18REIKEN-REI,37,110,yes
2026-04-18 04:10:29 PM,KXATPCHALLENGERMATCH-26APR18REIKEN-REI,27,1,no
2026-04-18 04:10:30 PM,KXATPCHALLENGERMATCH-26APR18REIKEN-REI,38,5,yes
2026-04-18 04:10:30 PM,KXATPCHALLENGERMATCH-26APR18REIKEN-REI,38,1,yes
2026-04-18 04:10:30 PM,KXATPCHALLENGERMATCH-26APR18REIKEN-REI,38,10,yes
2026-04-18 04:10:30 PM,KXATPCHALLENGERMATCH-26APR18REIKEN-REI,39,45,yes
2026-04-18 04:10:30 PM,KXATPCHALLENGERMATCH-26APR18REIKEN-REI,39,150,yes
2026-04-18 04:10:31 PM,KXATPCHALLENGERMATCH-26APR18REIKEN-REI,40,8,yes
2026-04-18 04:10:31 PM,KXATPCHALLENGERMATCH-26APR18REIKEN-REI,40,69,yes
2026-04-18 04:10:31 PM,KXATPCHALLENGERMATCH-26APR18REIKEN-REI,40,9,yes
2026-04-18 04:10:31 PM,KXATPCHALLENGERMATCH-26APR18REIKEN-REI,40,35,yes
2026-04-18 04:10:31 PM,KXATPCHALLENGERMATCH-26APR18REIKEN-REI,40,100,yes
2026-04-18 04:10:31 PM,KXATPCHALLENGERMATCH-26APR18REIKEN-REI,41,4,yes
2026-04-18 04:10:31 PM,KXATPCHALLENGERMATCH-26APR18REIKEN-REI,41,4,yes
2026-04-18 04:10:31 PM,KXATPCHALLENGERMATCH-26APR18REIKEN-REI,41,5,yes
2026-04-18 04:10:31 PM,KXATPCHALLENGERMATCH-26APR18REIKEN-REI,41,25,yes
2026-04-18 04:10:31 PM,KXATPCHALLENGERMATCH-26APR18REIKEN-REI,41,15,yes
2026-04-18 04:10:34 PM,KXATPCHALLENGERMATCH-26APR18REIKEN-REI,41,10,no
2026-04-18 04:10:35 PM,KXATPCHALLENGERMATCH-26APR18REIKEN-REI,42,57,yes
2026-04-18 04:10:35 PM,KXATPCHALLENGERMATCH-26APR18REIKEN-REI,41,7,no
2026-04-18 04:10:35 PM,KXATPCHALLENGERMATCH-26APR18REIKEN-REI,41,47,no
2026-04-18 04:10:35 PM,KXATPCHALLENGERMATCH-26APR18REIKEN-REI,41,14,no
2026-04-18 04:10:36 PM,KXATPCHALLENGERMATCH-26APR18REIKEN-REI,41,53,no
2026-04-18 04:10:36 PM,KXATPCHALLENGERMATCH-26APR18REIKEN-REI,41,215,no
2026-04-18 04:10:36 PM,KXATPCHALLENGERMATCH-26APR18REIKEN-REI,41,453,no
2026-04-18 04:10:37 PM,KXATPCHALLENGERMATCH-26APR18REIKEN-REI,41,8,no
2026-04-18 04:10:37 PM,KXATPCHALLENGERMATCH-26APR18REIKEN-REI,42,22,yes
2026-04-18 04:10:38 PM,KXATPCHALLENGERMATCH-26APR18REIKEN-REI,41,97,no
2026-04-18 04:10:38 PM,KXATPCHALLENGERMATCH-26APR18REIKEN-REI,42,119,yes
2026-04-18 04:10:38 PM,KXATPCHALLENGERMATCH-26APR18REIKEN-REI,42,17,yes
2026-04-18 04:10:38 PM,KXATPCHALLENGERMATCH-26APR18REIKEN-REI,42,5,yes
2026-04-18 04:10:38 PM,KXATPCHALLENGERMATCH-26APR18REIKEN-REI,43,35,yes
2026-04-18 04:10:38 PM,KXATPCHALLENGERMATCH-26APR18REIKEN-REI,43,28,yes
2026-04-18 04:10:38 PM,KXATPCHALLENGERMATCH-26APR18REIKEN-REI,43,9,yes
2026-04-18 04:10:38 PM,KXATPCHALLENGERMATCH-26APR18REIKEN-REI,43,0,yes
2026-04-18 04:10:38 PM,KXATPCHALLENGERMATCH-26APR18REIKEN-REI,44,11,yes
2026-04-18 04:10:38 PM,KXATPCHALLENGERMATCH-26APR18REIKEN-REI,43,39,no
2026-04-18 04:10:39 PM,KXATPCHALLENGERMATCH-26APR18REIKEN-REI,44,60,yes
2026-04-18 04:10:40 PM,KXATPCHALLENGERMATCH-26APR18REIKEN-REI,43,5,no
2026-04-18 04:10:41 PM,KXATPCHALLENGERMATCH-26APR18REIKEN-REI,43,5,no
2026-04-18 04:10:41 PM,KXATPCHALLENGERMATCH-26APR18REIKEN-REI,43,25,no
2026-04-18 04:10:42 PM,KXATPCHALLENGERMATCH-26APR18REIKEN-REI,43,16,no
2026-04-18 04:10:42 PM,KXATPCHALLENGERMATCH-26APR18REIKEN-REI,43,358,no
2026-04-18 04:10:42 PM,KXATPCHALLENGERMATCH-26APR18REIKEN-REI,43,100,no
2026-04-18 04:10:42 PM,KXATPCHALLENGERMATCH-26APR18REIKEN-REI,43,21,yes
2026-04-18 04:10:42 PM,KXATPCHALLENGERMATCH-26APR18REIKEN-REI,43,26,yes
2026-04-18 04:10:42 PM,KXATPCHALLENGERMATCH-26APR18REIKEN-REI,42,79,no
2026-04-18 04:10:43 PM,KXATPCHALLENGERMATCH-26APR18REIKEN-REI,43,54,yes
2026-04-18 04:10:43 PM,KXATPCHALLENGERMATCH-26APR18REIKEN-REI,43,54,yes
2026-04-18 04:10:43 PM,KXATPCHALLENGERMATCH-26APR18REIKEN-REI,42,15,no
2026-04-18 04:10:44 PM,KXATPCHALLENGERMATCH-26APR18REIKEN-REI,42,31,no
2026-04-18 04:10:44 PM,KXATPCHALLENGERMATCH-26APR18REIKEN-REI,43,2,yes
2026-04-18 04:10:44 PM,KXATPCHALLENGERMATCH-26APR18REIKEN-REI,43,41,yes
2026-04-18 04:10:44 PM,KXATPCHALLENGERMATCH-26APR18REIKEN-REI,42,67,no
2026-04-18 04:10:45 PM,KXATPCHALLENGERMATCH-26APR18REIKEN-REI,42,181,no
2026-04-18 04:10:45 PM,KXATPCHALLENGERMATCH-26APR18REIKEN-REI,43,111,yes
2026-04-18 04:10:46 PM,KXATPCHALLENGERMATCH-26APR18REIKEN-REI,43,2,yes
2026-04-18 04:10:46 PM,KXATPCHALLENGERMATCH-26APR18REIKEN-REI,43,44,yes
2026-04-18 04:10:46 PM,KXATPCHALLENGERMATCH-26APR18REIKEN-REI,42,21,no
2026-04-18 04:10:48 PM,KXATPCHALLENGERMATCH-26APR18REIKEN-REI,43,13,yes
2026-04-18 04:10:48 PM,KXATPCHALLENGERMATCH-26APR18REIKEN-REI,42,2,no
2026-04-18 04:10:48 PM,KXATPCHALLENGERMATCH-26APR18REIKEN-REI,42,46,no
2026-04-18 04:10:48 PM,KXATPCHALLENGERMATCH-26APR18REIKEN-REI,43,555,yes
2026-04-18 04:10:49 PM,KXATPCHALLENGERMATCH-26APR18REIKEN-REI,42,53,no
2026-04-18 04:10:49 PM,KXATPCHALLENGERMATCH-26APR18REIKEN-REI,42,50,no
2026-04-18 04:10:49 PM,KXATPCHALLENGERMATCH-26APR18REIKEN-REI,41,3001,no
2026-04-18 04:10:49 PM,KXATPCHALLENGERMATCH-26APR18REIKEN-REI,41,3,no
2026-04-18 04:10:49 PM,KXATPCHALLENGERMATCH-26APR18REIKEN-REI,41,153,no
2026-04-18 04:10:49 PM,KXATPCHALLENGERMATCH-26APR18REIKEN-REI,41,51,no
2026-04-18 04:10:49 PM,KXATPCHALLENGERMATCH-26APR18REIKEN-REI,43,14,yes
2026-04-18 04:10:51 PM,KXATPCHALLENGERMATCH-26APR18REIKEN-REI,42,5,yes
2026-04-18 04:10:51 PM,KXATPCHALLENGERMATCH-26APR18REIKEN-REI,43,6,yes
2026-04-18 04:10:52 PM,KXATPCHALLENGERMATCH-26APR18REIKEN-REI,37,57,no
2026-04-18 04:10:52 PM,KXATPCHALLENGERMATCH-26APR18REIKEN-REI,37,400,no
2026-04-18 04:10:52 PM,KXATPCHALLENGERMATCH-26APR18REIKEN-REI,36,35,no
2026-04-18 04:10:53 PM,KXATPCHALLENGERMATCH-26APR18REIKEN-REI,37,30,yes
2026-04-18 04:10:56 PM,KXATPCHALLENGERMATCH-26APR18REIKEN-REI,40,47,no
2026-04-18 04:10:56 PM,KXATPCHALLENGERMATCH-26APR18REIKEN-REI,38,50,no
2026-04-18 04:10:56 PM,KXATPCHALLENGERMATCH-26APR18REIKEN-REI,37,30,no
2026-04-18 04:10:56 PM,KXATPCHALLENGERMATCH-26APR18REIKEN-REI,37,27,no
2026-04-18 04:10:56 PM,KXATPCHALLENGERMATCH-26APR18REIKEN-REI,42,1,yes
2026-04-18 04:10:56 PM,KXATPCHALLENGERMATCH-26APR18REIKEN-REI,42,12,yes
2026-04-18 04:10:57 PM,KXATPCHALLENGERMATCH-26APR18REIKEN-REI,42,22,yes
2026-04-18 04:10:57 PM,KXATPCHALLENGERMATCH-26APR18REIKEN-REI,42,28,yes
2026-04-18 04:10:57 PM,KXATPCHALLENGERMATCH-26APR18REIKEN-REI,42,7,yes
2026-04-18 04:10:57 PM,KXATPCHALLENGERMATCH-26APR18REIKEN-REI,43,741,yes
2026-04-18 04:10:57 PM,KXATPCHALLENGERMATCH-26APR18REIKEN-REI,43,2179,yes
2026-04-18 04:10:57 PM,KXATPCHALLENGERMATCH-26APR18REIKEN-REI,43,673,yes
2026-04-18 04:10:57 PM,KXATPCHALLENGERMATCH-26APR18REIKEN-REI,43,2,yes
2026-04-18 04:10:57 PM,KXATPCHALLENGERMATCH-26APR18REIKEN-REI,43,750,yes
2026-04-18 04:10:57 PM,KXATPCHALLENGERMATCH-26APR18REIKEN-REI,43,46,yes
2026-04-18 04:10:58 PM,KXATPCHALLENGERMATCH-26APR18REIKEN-REI,43,587,yes
2026-04-18 04:10:58 PM,KXATPCHALLENGERMATCH-26APR18REIKEN-REI,43,50,yes
2026-04-18 04:10:58 PM,KXATPCHALLENGERMATCH-26APR18REIKEN-REI,45,240,yes
2026-04-18 04:10:58 PM,KXATPCHALLENGERMATCH-26APR18REIKEN-REI,45,359,yes
2026-04-18 04:10:58 PM,KXATPCHALLENGERMATCH-26APR18REIKEN-REI,45,3,yes
2026-04-18 04:10:58 PM,KXATPCHALLENGERMATCH-26APR18REIKEN-REI,46,767,yes
2026-04-18 04:10:58 PM,KXATPCHALLENGERMATCH-26APR18REIKEN-REI,46,46,yes
2026-04-18 04:10:58 PM,KXATPCHALLENGERMATCH-26APR18REIKEN-REI,48,5,yes
2026-04-18 04:10:58 PM,KXATPCHALLENGERMATCH-26APR18REIKEN-REI,49,10,yes
2026-04-18 04:10:58 PM,KXATPCHALLENGERMATCH-26APR18REIKEN-REI,49,100,yes
2026-04-18 04:10:58 PM,KXATPCHALLENGERMATCH-26APR18REIKEN-REI,50,1,yes
2026-04-18 04:10:58 PM,KXATPCHALLENGERMATCH-26APR18REIKEN-REI,50,5,yes
2026-04-18 04:10:58 PM,KXATPCHALLENGERMATCH-26APR18REIKEN-REI,52,66,yes
2026-04-18 04:10:58 PM,KXATPCHALLENGERMATCH-26APR18REIKEN-REI,52,3,yes
2026-04-18 04:10:58 PM,KXATPCHALLENGERMATCH-26APR18REIKEN-REI,54,3,yes
2026-04-18 04:10:59 PM,KXATPCHALLENGERMATCH-26APR18REIKEN-REI,54,69,no
2026-04-18 04:10:59 PM,KXATPCHALLENGERMATCH-26APR18REIKEN-REI,55,2,yes
2026-04-18 04:10:59 PM,KXATPCHALLENGERMATCH-26APR18REIKEN-REI,55,30,no
2026-04-18 04:11:00 PM,KXATPCHALLENGERMATCH-26APR18REIKEN-REI,56,35,no
2026-04-18 04:11:00 PM,KXATPCHALLENGERMATCH-26APR18REIKEN-REI,56,150,no
2026-04-18 04:11:00 PM,KXATPCHALLENGERMATCH-26APR18REIKEN-REI,57,1,yes
2026-04-18 04:11:01 PM,KXATPCHALLENGERMATCH-26APR18REIKEN-REI,56,236,no
2026-04-18 04:11:01 PM,KXATPCHALLENGERMATCH-26APR18REIKEN-REI,56,184,no
2026-04-18 04:11:02 PM,KXATPCHALLENGERMATCH-26APR18REIKEN-REI,56,10,no
2026-04-18 04:11:02 PM,KXATPCHALLENGERMATCH-26APR18REIKEN-REI,56,49,no
2026-04-18 04:11:03 PM,KXATPCHALLENGERMATCH-26APR18REIKEN-REI,56,8,no
2026-04-18 04:11:03 PM,KXATPCHALLENGERMATCH-26APR18REIKEN-REI,56,38,no
2026-04-18 04:11:04 PM,KXATPCHALLENGERMATCH-26APR18REIKEN-REI,56,92,no
2026-04-18 04:11:04 PM,KXATPCHALLENGERMATCH-26APR18REIKEN-REI,56,188,no
2026-04-18 04:11:05 PM,KXATPCHALLENGERMATCH-26APR18REIKEN-REI,56,5,no
2026-04-18 04:11:06 PM,KXATPCHALLENGERMATCH-26APR18REIKEN-REI,56,2,no
2026-04-18 04:11:06 PM,KXATPCHALLENGERMATCH-26APR18REIKEN-REI,56,1,no
2026-04-18 04:11:08 PM,KXATPCHALLENGERMATCH-26APR18REIKEN-REI,56,9,no
2026-04-18 04:11:08 PM,KXATPCHALLENGERMATCH-26APR18REIKEN-REI,56,202,no
2026-04-18 04:11:08 PM,KXATPCHALLENGERMATCH-26APR18REIKEN-REI,57,35,yes
2026-04-18 04:11:10 PM,KXATPCHALLENGERMATCH-26APR18REIKEN-REI,58,58,yes
2026-04-18 04:11:10 PM,KXATPCHALLENGERMATCH-26APR18REIKEN-REI,58,8,yes
2026-04-18 04:11:10 PM,KXATPCHALLENGERMATCH-26APR18REIKEN-REI,58,5,yes
2026-04-18 04:11:10 PM,KXATPCHALLENGERMATCH-26APR18REIKEN-REI,57,55,no
2026-04-18 04:11:11 PM,KXATPCHALLENGERMATCH-26APR18REIKEN-REI,57,66,no
2026-04-18 04:11:11 PM,KXATPCHALLENGERMATCH-26APR18REIKEN-REI,57,22,no
2026-04-18 04:11:12 PM,KXATPCHALLENGERMATCH-26APR18REIKEN-REI,58,16,yes
2026-04-18 04:11:12 PM,KXATPCHALLENGERMATCH-26APR18REIKEN-REI,58,66,yes
2026-04-18 04:11:13 PM,KXATPCHALLENGERMATCH-26APR18REIKEN-REI,57,219,no
2026-04-18 04:11:13 PM,KXATPCHALLENGERMATCH-26APR18REIKEN-REI,57,50,no
2026-04-18 04:11:13 PM,KXATPCHALLENGERMATCH-26APR18REIKEN-REI,57,76,no
2026-04-18 04:11:14 PM,KXATPCHALLENGERMATCH-26APR18REIKEN-REI,58,1003,yes
2026-04-18 04:11:14 PM,KXATPCHALLENGERMATCH-26APR18REIKEN-REI,57,5,no
2026-04-18 04:11:14 PM,KXATPCHALLENGERMATCH-26APR18REIKEN-REI,58,669,yes
2026-04-18 04:11:15 PM,KXATPCHALLENGERMATCH-26APR18REIKEN-REI,57,18,no
2026-04-18 04:11:15 PM,KXATPCHALLENGERMATCH-26APR18REIKEN-REI,57,50,no
2026-04-18 04:11:15 PM,KXATPCHALLENGERMATCH-26APR18REIKEN-REI,57,21,no
2026-04-18 04:11:15 PM,KXATPCHALLENGERMATCH-26APR18REIKEN-REI,57,689,no
2026-04-18 04:11:15 PM,KXATPCHALLENGERMATCH-26APR18REIKEN-REI,57,1678,no
2026-04-18 04:11:15 PM,KXATPCHALLENGERMATCH-26APR18REIKEN-REI,57,35,no
2026-04-18 04:11:15 PM,KXATPCHALLENGERMATCH-26APR18REIKEN-REI,57,18,no
2026-04-18 04:11:17 PM,KXATPCHALLENGERMATCH-26APR18REIKEN-REI,58,80,yes
2026-04-18 04:11:17 PM,KXATPCHALLENGERMATCH-26APR18REIKEN-REI,58,87,yes
2026-04-18 04:11:17 PM,KXATPCHALLENGERMATCH-26APR18REIKEN-REI,58,37,yes
2026-04-18 04:11:17 PM,KXATPCHALLENGERMATCH-26APR18REIKEN-REI,58,80,yes
2026-04-18 04:11:17 PM,KXATPCHALLENGERMATCH-26APR18REIKEN-REI,58,87,yes
2026-04-18 04:11:17 PM,KXATPCHALLENGERMATCH-26APR18REIKEN-REI,59,127,yes
2026-04-18 04:11:17 PM,KXATPCHALLENGERMATCH-26APR18REIKEN-REI,58,20,yes
2026-04-18 04:11:17 PM,KXATPCHALLENGERMATCH-26APR18REIKEN-REI,58,17,yes
2026-04-18 04:11:17 PM,KXATPCHALLENGERMATCH-26APR18REIKEN-REI,58,12,yes
2026-04-18 04:11:17 PM,KXATPCHALLENGERMATCH-26APR18REIKEN-REI,58,16,yes
2026-04-18 04:11:17 PM,KXATPCHALLENGERMATCH-26APR18REIKEN-REI,57,1000,no
2026-04-18 04:11:17 PM,KXATPCHALLENGERMATCH-26APR18REIKEN-REI,58,50,yes
2026-04-18 04:11:17 PM,KXATPCHALLENGERMATCH-26APR18REIKEN-REI,58,33,yes
2026-04-18 04:11:17 PM,KXATPCHALLENGERMATCH-26APR18REIKEN-REI,57,1100,no
2026-04-18 04:11:18 PM,KXATPCHALLENGERMATCH-26APR18REIKEN-REI,58,13,yes
2026-04-18 04:11:19 PM,KXATPCHALLENGERMATCH-26APR18REIKEN-REI,58,40,yes
2026-04-18 04:11:19 PM,KXATPCHALLENGERMATCH-26APR18REIKEN-REI,58,20,yes
2026-04-18 04:11:19 PM,KXATPCHALLENGERMATCH-26APR18REIKEN-REI,58,35,yes
2026-04-18 04:11:19 PM,KXATPCHALLENGERMATCH-26APR18REIKEN-REI,58,12,yes
2026-04-18 04:11:19 PM,KXATPCHALLENGERMATCH-26APR18REIKEN-REI,58,60,yes
2026-04-18 04:11:20 PM,KXATPCHALLENGERMATCH-26APR18REIKEN-REI,58,334,yes
2026-04-18 04:11:20 PM,KXATPCHALLENGERMATCH-26APR18REIKEN-REI,57,182,no
2026-04-18 04:11:20 PM,KXATPCHALLENGERMATCH-26APR18REIKEN-REI,57,83,no
2026-04-18 04:11:20 PM,KXATPCHALLENGERMATCH-26APR18REIKEN-REI,58,417,yes
2026-04-18 04:11:21 PM,KXATPCHALLENGERMATCH-26APR18REIKEN-REI,58,36,yes
2026-04-18 04:11:21 PM,KXATPCHALLENGERMATCH-26APR18REIKEN-REI,57,8,no
2026-04-18 04:11:22 PM,KXATPCHALLENGERMATCH-26APR18REIKEN-REI,58,833,yes
2026-04-18 04:11:23 PM,KXATPCHALLENGERMATCH-26APR18REIKEN-REI,58,266,yes
2026-04-18 04:11:23 PM,KXATPCHALLENGERMATCH-26APR18REIKEN-REI,57,172,no
2026-04-18 04:11:23 PM,KXATPCHALLENGERMATCH-26APR18REIKEN-REI,57,48,no
2026-04-18 04:11:23 PM,KXATPCHALLENGERMATCH-26APR18REIKEN-REI,57,192,no
2026-04-18 04:11:23 PM,KXATPCHALLENGERMATCH-26APR18REIKEN-REI,57,2,no
2026-04-18 04:11:23 PM,KXATPCHALLENGERMATCH-26APR18REIKEN-REI,57,653,no
2026-04-18 04:11:24 PM,KXATPCHALLENGERMATCH-26APR18REIKEN-REI,57,431,no
2026-04-18 04:11:24 PM,KXATPCHALLENGERMATCH-26APR18REIKEN-REI,57,25,no
2026-04-18 04:11:24 PM,KXATPCHALLENGERMATCH-26APR18REIKEN-REI,58,629,yes
2026-04-18 04:11:24 PM,KXATPCHALLENGERMATCH-26APR18REIKEN-REI,58,1,yes
2026-04-18 04:11:25 PM,KXATPCHALLENGERMATCH-26APR18REIKEN-REI,58,8,yes
2026-04-18 04:11:27 PM,KXATPCHALLENGERMATCH-26APR18REIKEN-REI,57,10,no
2026-04-18 04:11:28 PM,KXATPCHALLENGERMATCH-26APR18REIKEN-REI,58,20,yes
2026-04-18 04:11:28 PM,KXATPCHALLENGERMATCH-26APR18REIKEN-REI,58,125,yes
2026-04-18 04:11:28 PM,KXATPCHALLENGERMATCH-26APR18REIKEN-REI,58,8,yes
2026-04-18 04:11:29 PM,KXATPCHALLENGERMATCH-26APR18REIKEN-REI,58,50,no
2026-04-18 04:11:29 PM,KXATPCHALLENGERMATCH-26APR18REIKEN-REI,57,1,no
2026-04-18 04:11:29 PM,KXATPCHALLENGERMATCH-26APR18REIKEN-REI,59,72,yes
2026-04-18 04:11:29 PM,KXATPCHALLENGERMATCH-26APR18REIKEN-REI,59,133,yes
2026-04-18 04:11:29 PM,KXATPCHALLENGERMATCH-26APR18REIKEN-REI,57,48,no
2026-04-18 04:11:30 PM,KXATPCHALLENGERMATCH-26APR18REIKEN-REI,57,83,yes
2026-04-18 04:11:31 PM,KXATPCHALLENGERMATCH-26APR18REIKEN-REI,57,7,yes
2026-04-18 04:11:33 PM,KXATPCHALLENGERMATCH-26APR18REIKEN-REI,57,10,yes
2026-04-18 04:11:33 PM,KXATPCHALLENGERMATCH-26APR18REIKEN-REI,59,5,yes
2026-04-18 04:11:34 PM,KXATPCHALLENGERMATCH-26APR18REIKEN-REI,60,1,yes
2026-04-18 04:11:34 PM,KXATPCHALLENGERMATCH-26APR18REIKEN-REI,60,100,yes
2026-04-18 04:11:34 PM,KXATPCHALLENGERMATCH-26APR18REIKEN-REI,60,5,yes
2026-04-18 04:11:34 PM,KXATPCHALLENGERMATCH-26APR18REIKEN-REI,60,10,yes
2026-04-18 04:11:34 PM,KXATPCHALLENGERMATCH-26APR18REIKEN-REI,60,19,yes
2026-04-18 04:11:37 PM,KXATPCHALLENGERMATCH-26APR18REIKEN-REI,60,29,yes
2026-04-18 04:11:37 PM,KXATPCHALLENGERMATCH-26APR18REIKEN-REI,60,64,yes
2026-04-18 04:11:39 PM,KXATPCHALLENGERMATCH-26APR18REIKEN-REI,60,1,yes
2026-04-18 04:11:41 PM,KXATPCHALLENGERMATCH-26APR18REIKEN-REI,60,167,yes
2026-04-18 04:11:43 PM,KXATPCHALLENGERMATCH-26APR18REIKEN-REI,60,400,no
2026-04-18 04:11:43 PM,KXATPCHALLENGERMATCH-26APR18REIKEN-REI,60,42,no
2026-04-18 04:11:43 PM,KXATPCHALLENGERMATCH-26APR18REIKEN-REI,61,20,yes
2026-04-18 04:11:45 PM,KXATPCHALLENGERMATCH-26APR18REIKEN-REI,64,3,yes
2026-04-18 04:11:45 PM,KXATPCHALLENGERMATCH-26APR18REIKEN-REI,64,27,yes
2026-04-18 04:11:46 PM,KXATPCHALLENGERMATCH-26APR18REIKEN-REI,64,52,yes
2026-04-18 04:11:46 PM,KXATPCHALLENGERMATCH-26APR18REIKEN-REI,64,38,yes
2026-04-18 04:11:46 PM,KXATPCHALLENGERMATCH-26APR18REIKEN-REI,64,86,yes
2026-04-18 04:11:46 PM,KXATPCHALLENGERMATCH-26APR18REIKEN-REI,64,195,yes
2026-04-18 04:11:48 PM,KXATPCHALLENGERMATCH-26APR18REIKEN-REI,63,10,no
2026-04-18 04:11:48 PM,KXATPCHALLENGERMATCH-26APR18REIKEN-REI,63,17,no
2026-04-18 04:11:48 PM,KXATPCHALLENGERMATCH-26APR18REIKEN-REI,63,8,no
2026-04-18 04:11:49 PM,KXATPCHALLENGERMATCH-26APR18REIKEN-REI,63,14,no
2026-04-18 04:11:49 PM,KXATPCHALLENGERMATCH-26APR18REIKEN-REI,63,3014,no
2026-04-18 04:11:49 PM,KXATPCHALLENGERMATCH-26APR18REIKEN-REI,64,15,yes
2026-04-18 04:11:49 PM,KXATPCHALLENGERMATCH-26APR18REIKEN-REI,64,152,yes
2026-04-18 04:11:52 PM,KXATPCHALLENGERMATCH-26APR18REIKEN-REI,64,21,yes
2026-04-18 04:11:53 PM,KXATPCHALLENGERMATCH-26APR18REIKEN-REI,63,55,no
2026-04-18 04:11:56 PM,KXATPCHALLENGERMATCH-26APR18REIKEN-REI,64,6,yes
2026-04-18 04:11:56 PM,KXATPCHALLENGERMATCH-26APR18REIKEN-REI,64,9,yes
2026-04-18 04:11:57 PM,KXATPCHALLENGERMATCH-26APR18REIKEN-REI,64,43,yes
2026-04-18 04:11:57 PM,KXATPCHALLENGERMATCH-26APR18REIKEN-REI,64,38,yes
2026-04-18 04:11:57 PM,KXATPCHALLENGERMATCH-26APR18REIKEN-REI,64,70,yes
2026-04-18 04:11:57 PM,KXATPCHALLENGERMATCH-26APR18REIKEN-REI,63,50,no
2026-04-18 04:11:57 PM,KXATPCHALLENGERMATCH-26APR18REIKEN-REI,64,16,yes
2026-04-18 04:11:57 PM,KXATPCHALLENGERMATCH-26APR18REIKEN-REI,64,71,yes
2026-04-18 04:11:57 PM,KXATPCHALLENGERMATCH-26APR18REIKEN-REI,64,457,yes
2026-04-18 04:11:57 PM,KXATPCHALLENGERMATCH-26APR18REIKEN-REI,64,27,yes
2026-04-18 04:11:58 PM,KXATPCHALLENGERMATCH-26APR18REIKEN-REI,64,33,yes
2026-04-18 04:11:58 PM,KXATPCHALLENGERMATCH-26APR18REIKEN-REI,64,42,yes
2026-04-18 04:12:00 PM,KXATPCHALLENGERMATCH-26APR18REIKEN-REI,64,70,yes
2026-04-18 04:12:00 PM,KXATPCHALLENGERMATCH-26APR18REIKEN-REI,64,4,yes
2026-04-18 04:12:01 PM,KXATPCHALLENGERMATCH-26APR18REIKEN-REI,64,970,yes
2026-04-18 04:12:01 PM,KXATPCHALLENGERMATCH-26APR18REIKEN-REI,63,2,no
2026-04-18 04:12:02 PM,KXATPCHALLENGERMATCH-26APR18REIKEN-REI,64,21,yes
2026-04-18 04:12:02 PM,KXATPCHALLENGERMATCH-26APR18REIKEN-REI,64,6,yes
2026-04-18 04:12:02 PM,KXATPCHALLENGERMATCH-26APR18REIKEN-REI,64,9,yes
2026-04-18 04:12:02 PM,KXATPCHALLENGERMATCH-26APR18REIKEN-REI,64,43,yes
2026-04-18 04:12:02 PM,KXATPCHALLENGERMATCH-26APR18REIKEN-REI,64,38,yes
2026-04-18 04:12:02 PM,KXATPCHALLENGERMATCH-26APR18REIKEN-REI,64,70,yes
2026-04-18 04:12:02 PM,KXATPCHALLENGERMATCH-26APR18REIKEN-REI,64,16,yes
2026-04-18 04:12:02 PM,KXATPCHALLENGERMATCH-26APR18REIKEN-REI,64,21,no
2026-04-18 04:12:02 PM,KXATPCHALLENGERMATCH-26APR18REIKEN-REI,64,38,no
2026-04-18 04:12:02 PM,KXATPCHALLENGERMATCH-26APR18REIKEN-REI,64,25,no
2026-04-18 04:12:07 PM,KXATPCHALLENGERMATCH-26APR18REIKEN-REI,65,7,yes
2026-04-18 04:12:07 PM,KXATPCHALLENGERMATCH-26APR18REIKEN-REI,65,44,yes
2026-04-18 04:12:08 PM,KXATPCHALLENGERMATCH-26APR18REIKEN-REI,65,48,yes
2026-04-18 04:12:08 PM,KXATPCHALLENGERMATCH-26APR18REIKEN-REI,65,251,yes
2026-04-18 04:12:08 PM,KXATPCHALLENGERMATCH-26APR18REIKEN-REI,64,1,no
2026-04-18 04:12:08 PM,KXATPCHALLENGERMATCH-26APR18REIKEN-REI,65,96,yes
2026-04-18 04:12:08 PM,KXATPCHALLENGERMATCH-26APR18REIKEN-REI,65,52,yes
2026-04-18 04:12:08 PM,KXATPCHALLENGERMATCH-26APR18REIKEN-REI,65,30,yes
2026-04-18 04:12:10 PM,KXATPCHALLENGERMATCH-26APR18REIKEN-REI,65,147,yes
2026-04-18 04:12:10 PM,KXATPCHALLENGERMATCH-26APR18REIKEN-REI,65,222,yes
2026-04-18 04:12:10 PM,KXATPCHALLENGERMATCH-26APR18REIKEN-REI,65,200,yes
2026-04-18 04:12:10 PM,KXATPCHALLENGERMATCH-26APR18REIKEN-REI,65,50,yes
2026-04-18 04:12:10 PM,KXATPCHALLENGERMATCH-26APR18REIKEN-REI,65,3,yes
2026-04-18 04:12:10 PM,KXATPCHALLENGERMATCH-26APR18REIKEN-REI,65,324,yes
2026-04-18 04:12:10 PM,KXATPCHALLENGERMATCH-26APR18REIKEN-REI,65,75,yes
2026-04-18 04:12:10 PM,KXATPCHALLENGERMATCH-26APR18REIKEN-REI,65,75,yes
2026-04-18 04:12:10 PM,KXATPCHALLENGERMATCH-26APR18REIKEN-REI,66,400,yes
2026-04-18 04:12:10 PM,KXATPCHALLENGERMATCH-26APR18REIKEN-REI,66,400,yes
2026-04-18 04:12:10 PM,KXATPCHALLENGERMATCH-26APR18REIKEN-REI,66,1000,yes
2026-04-18 04:12:10 PM,KXATPCHALLENGERMATCH-26APR18REIKEN-REI,66,5,yes
2026-04-18 04:12:10 PM,KXATPCHALLENGERMATCH-26APR18REIKEN-REI,66,44,yes
2026-04-18 04:12:10 PM,KXATPCHALLENGERMATCH-26APR18REIKEN-REI,64,50,no
2026-04-18 04:12:11 PM,KXATPCHALLENGERMATCH-26APR18REIKEN-REI,65,17,no
2026-04-18 04:12:11 PM,KXATPCHALLENGERMATCH-26APR18REIKEN-REI,66,50,no
2026-04-18 04:12:11 PM,KXATPCHALLENGERMATCH-26APR18REIKEN-REI,66,136,no
2026-04-18 04:12:14 PM,KXATPCHALLENGERMATCH-26APR18REIKEN-REI,67,5,yes
2026-04-18 04:12:15 PM,KXATPCHALLENGERMATCH-26APR18REIKEN-REI,67,100,no
2026-04-18 04:12:16 PM,KXATPCHALLENGERMATCH-26APR18REIKEN-REI,68,245,yes
2026-04-18 04:12:17 PM,KXATPCHALLENGERMATCH-26APR18REIKEN-REI,68,4,yes
2026-04-18 04:12:17 PM,KXATPCHALLENGERMATCH-26APR18REIKEN-REI,68,10,yes
2026-04-18 04:12:17 PM,KXATPCHALLENGERMATCH-26APR18REIKEN-REI,68,4,yes
2026-04-18 04:12:18 PM,KXATPCHALLENGERMATCH-26APR18REIKEN-REI,68,1,yes
2026-04-18 04:12:19 PM,KXATPCHALLENGERMATCH-26APR18REIKEN-REI,67,1,no
2026-04-18 04:12:19 PM,KXATPCHALLENGERMATCH-26APR18REIKEN-REI,67,1149,no
2026-04-18 04:12:19 PM,KXATPCHALLENGERMATCH-26APR18REIKEN-REI,68,14,yes
2026-04-18 04:12:19 PM,KXATPCHALLENGERMATCH-26APR18REIKEN-REI,68,129,yes
2026-04-18 04:12:20 PM,KXATPCHALLENGERMATCH-26APR18REIKEN-REI,68,3,no
2026-04-18 04:12:21 PM,KXATPCHALLENGERMATCH-26APR18REIKEN-REI,68,12,no
2026-04-18 04:12:22 PM,KXATPCHALLENGERMATCH-26APR18REIKEN-REI,68,151,no
2026-04-18 04:12:22 PM,KXATPCHALLENGERMATCH-26APR18REIKEN-REI,68,16,no
2026-04-18 04:12:23 PM,KXATPCHALLENGERMATCH-26APR18REIKEN-REI,69,5,yes
2026-04-18 04:12:23 PM,KXATPCHALLENGERMATCH-26APR18REIKEN-REI,69,46,yes
2026-04-18 04:12:24 PM,KXATPCHALLENGERMATCH-26APR18REIKEN-REI,68,19,no
2026-04-18 04:12:24 PM,KXATPCHALLENGERMATCH-26APR18REIKEN-REI,69,35,yes
2026-04-18 04:12:24 PM,KXATPCHALLENGERMATCH-26APR18REIKEN-REI,68,409,no
2026-04-18 04:12:25 PM,KXATPCHALLENGERMATCH-26APR18REIKEN-REI,68,711,no
2026-04-18 04:12:25 PM,KXATPCHALLENGERMATCH-26APR18REIKEN-REI,68,100,no
2026-04-18 04:12:25 PM,KXATPCHALLENGERMATCH-26APR18REIKEN-REI,67,3976,no
2026-04-18 04:12:25 PM,KXATPCHALLENGERMATCH-26APR18REIKEN-REI,67,400,no
2026-04-18 04:12:25 PM,KXATPCHALLENGERMATCH-26APR18REIKEN-REI,67,711,no
2026-04-18 04:12:25 PM,KXATPCHALLENGERMATCH-26APR18REIKEN-REI,66,263,no
2026-04-18 04:12:25 PM,KXATPCHALLENGERMATCH-26APR18REIKEN-REI,66,5628,no
2026-04-18 04:12:25 PM,KXATPCHALLENGERMATCH-26APR18REIKEN-REI,68,1500,yes
2026-04-18 04:12:27 PM,KXATPCHALLENGERMATCH-26APR18REIKEN-REI,68,142,yes
2026-04-18 04:12:27 PM,KXATPCHALLENGERMATCH-26APR18REIKEN-REI,68,1000,yes
2026-04-18 04:12:29 PM,KXATPCHALLENGERMATCH-26APR18REIKEN-REI,68,5,yes
2026-04-18 04:12:29 PM,KXATPCHALLENGERMATCH-26APR18REIKEN-REI,67,10,no
2026-04-18 04:12:29 PM,KXATPCHALLENGERMATCH-26APR18REIKEN-REI,67,18,no
2026-04-18 04:12:29 PM,KXATPCHALLENGERMATCH-26APR18REIKEN-REI,68,12,yes
2026-04-18 04:12:30 PM,KXATPCHALLENGERMATCH-26APR18REIKEN-REI,68,13,yes
2026-04-18 04:12:30 PM,KXATPCHALLENGERMATCH-26APR18REIKEN-REI,68,71,yes
2026-04-18 04:12:31 PM,KXATPCHALLENGERMATCH-26APR18REIKEN-REI,68,7,yes
2026-04-18 04:12:31 PM,KXATPCHALLENGERMATCH-26APR18REIKEN-REI,67,1,no
2026-04-18 04:12:32 PM,KXATPCHALLENGERMATCH-26APR18REIKEN-REI,68,28,yes
2026-04-18 04:12:32 PM,KXATPCHALLENGERMATCH-26APR18REIKEN-REI,68,1,yes
2026-04-18 04:12:34 PM,KXATPCHALLENGERMATCH-26APR18REIKEN-REI,69,125,yes
2026-04-18 04:12:34 PM,KXATPCHALLENGERMATCH-26APR18REIKEN-REI,69,36,yes
2026-04-18 04:12:34 PM,KXATPCHALLENGERMATCH-26APR18REIKEN-REI,69,43,yes
2026-04-18 04:12:34 PM,KXATPCHALLENGERMATCH-26APR18REIKEN-REI,69,50,yes
2026-04-18 04:12:34 PM,KXATPCHALLENGERMATCH-26APR18REIKEN-REI,69,36,yes
2026-04-18 04:12:34 PM,KXATPCHALLENGERMATCH-26APR18REIKEN-REI,69,125,yes
2026-04-18 04:12:34 PM,KXATPCHALLENGERMATCH-26APR18REIKEN-REI,70,233,yes
2026-04-18 04:12:35 PM,KXATPCHALLENGERMATCH-26APR18REIKEN-REI,69,21,yes
2026-04-18 04:12:35 PM,KXATPCHALLENGERMATCH-26APR18REIKEN-REI,69,8,yes
2026-04-18 04:12:36 PM,KXATPCHALLENGERMATCH-26APR18REIKEN-REI,69,13,yes
2026-04-18 04:12:36 PM,KXATPCHALLENGERMATCH-26APR18REIKEN-REI,69,125,yes
2026-04-18 04:12:36 PM,KXATPCHALLENGERMATCH-26APR18REIKEN-REI,69,36,yes
2026-04-18 04:12:36 PM,KXATPCHALLENGERMATCH-26APR18REIKEN-REI,69,9,yes
2026-04-18 04:12:38 PM,KXATPCHALLENGERMATCH-26APR18REIKEN-REI,68,400,yes
2026-04-18 04:12:38 PM,KXATPCHALLENGERMATCH-26APR18REIKEN-REI,69,21,yes
2026-04-18 04:12:38 PM,KXATPCHALLENGERMATCH-26APR18REIKEN-REI,69,8,yes
2026-04-18 04:12:38 PM,KXATPCHALLENGERMATCH-26APR18REIKEN-REI,69,13,yes
2026-04-18 04:12:38 PM,KXATPCHALLENGERMATCH-26APR18REIKEN-REI,69,125,yes
2026-04-18 04:12:38 PM,KXATPCHALLENGERMATCH-26APR18REIKEN-REI,69,36,yes
2026-04-18 04:12:38 PM,KXATPCHALLENGERMATCH-26APR18REIKEN-REI,69,310,yes
2026-04-18 04:12:39 PM,KXATPCHALLENGERMATCH-26APR18REIKEN-REI,69,21,yes
2026-04-18 04:12:39 PM,KXATPCHALLENGERMATCH-26APR18REIKEN-REI,69,0,yes
2026-04-18 04:12:41 PM,KXATPCHALLENGERMATCH-26APR18REIKEN-REI,69,1,no
2026-04-18 04:12:42 PM,KXATPCHALLENGERMATCH-26APR18REIKEN-REI,69,5,no
2026-04-18 04:12:42 PM,KXATPCHALLENGERMATCH-26APR18REIKEN-REI,70,5,yes
2026-04-18 04:12:42 PM,KXATPCHALLENGERMATCH-26APR18REIKEN-REI,70,5,yes
2026-04-18 04:12:42 PM,KXATPCHALLENGERMATCH-26APR18REIKEN-REI,71,50,yes
2026-04-18 04:12:42 PM,KXATPCHALLENGERMATCH-26APR18REIKEN-REI,72,82,yes
2026-04-18 04:12:42 PM,KXATPCHALLENGERMATCH-26APR18REIKEN-REI,72,127,yes
2026-04-18 04:12:44 PM,KXATPCHALLENGERMATCH-26APR18REIKEN-REI,72,204,yes
2026-04-18 04:12:44 PM,KXATPCHALLENGERMATCH-26APR18REIKEN-REI,72,31,yes
2026-04-18 04:12:44 PM,KXATPCHALLENGERMATCH-26APR18REIKEN-REI,71,9,no
2026-04-18 04:12:44 PM,KXATPCHALLENGERMATCH-26APR18REIKEN-REI,72,36,yes
2026-04-18 04:12:44 PM,KXATPCHALLENGERMATCH-26APR18REIKEN-REI,72,29,yes
2026-04-18 04:12:45 PM,KXATPCHALLENGERMATCH-26APR18REIKEN-REI,71,334,no
2026-04-18 04:12:45 PM,KXATPCHALLENGERMATCH-26APR18REIKEN-REI,71,14,no
2026-04-18 04:12:46 PM,KXATPCHALLENGERMATCH-26APR18REIKEN-REI,71,9,no
2026-04-18 04:12:47 PM,KXATPCHALLENGERMATCH-26APR18REIKEN-REI,71,24,no
2026-04-18 04:12:47 PM,KXATPCHALLENGERMATCH-26APR18REIKEN-REI,72,26,yes
2026-04-18 04:12:48 PM,KXATPCHALLENGERMATCH-26APR18REIKEN-REI,72,14,yes
2026-04-18 04:12:48 PM,KXATPCHALLENGERMATCH-26APR18REIKEN-REI,72,250,yes
2026-04-18 04:12:48 PM,KXATPCHALLENGERMATCH-26APR18REIKEN-REI,72,13,yes
2026-04-18 04:12:48 PM,KXATPCHALLENGERMATCH-26APR18REIKEN-REI,72,65,yes
2026-04-18 04:12:48 PM,KXATPCHALLENGERMATCH-26APR18REIKEN-REI,72,275,yes
2026-04-18 04:12:49 PM,KXATPCHALLENGERMATCH-26APR18REIKEN-REI,72,149,yes
2026-04-18 04:12:49 PM,KXATPCHALLENGERMATCH-26APR18REIKEN-REI,72,844,yes
2026-04-18 04:12:49 PM,KXATPCHALLENGERMATCH-26APR18REIKEN-REI,72,136,yes
2026-04-18 04:12:50 PM,KXATPCHALLENGERMATCH-26APR18REIKEN-REI,71,58,no
2026-04-18 04:12:50 PM,KXATPCHALLENGERMATCH-26APR18REIKEN-REI,71,29,no
2026-04-18 04:12:51 PM,KXATPCHALLENGERMATCH-26APR18REIKEN-REI,72,238,yes
2026-04-18 04:12:51 PM,KXATPCHALLENGERMATCH-26APR18REIKEN-REI,71,1,no
2026-04-18 04:12:51 PM,KXATPCHALLENGERMATCH-26APR18REIKEN-REI,71,29,no
2026-04-18 04:12:52 PM,KXATPCHALLENGERMATCH-26APR18REIKEN-REI,72,3,yes
2026-04-18 04:12:53 PM,KXATPCHALLENGERMATCH-26APR18REIKEN-REI,72,10,yes
2026-04-18 04:12:54 PM,KXATPCHALLENGERMATCH-26APR18REIKEN-REI,72,50,yes
2026-04-18 04:12:54 PM,KXATPCHALLENGERMATCH-26APR18REIKEN-REI,72,18,yes
2026-04-18 04:12:54 PM,KXATPCHALLENGERMATCH-26APR18REIKEN-REI,73,26,yes
2026-04-18 04:12:55 PM,KXATPCHALLENGERMATCH-26APR18REIKEN-REI,73,53,yes
2026-04-18 04:12:55 PM,KXATPCHALLENGERMATCH-26APR18REIKEN-REI,73,79,yes
2026-04-18 04:12:56 PM,KXATPCHALLENGERMATCH-26APR18REIKEN-REI,72,80,yes
2026-04-18 04:12:56 PM,KXATPCHALLENGERMATCH-26APR18REIKEN-REI,72,30,yes
2026-04-18 04:12:56 PM,KXATPCHALLENGERMATCH-26APR18REIKEN-REI,73,45,yes
2026-04-18 04:12:56 PM,KXATPCHALLENGERMATCH-26APR18REIKEN-REI,73,125,yes
2026-04-18 04:12:56 PM,KXATPCHALLENGERMATCH-26APR18REIKEN-REI,73,219,yes
2026-04-18 04:12:56 PM,KXATPCHALLENGERMATCH-26APR18REIKEN-REI,72,40,yes
2026-04-18 04:12:57 PM,KXATPCHALLENGERMATCH-26APR18REIKEN-REI,72,39,yes
2026-04-18 04:12:57 PM,KXATPCHALLENGERMATCH-26APR18REIKEN-REI,72,40,yes
2026-04-18 04:12:57 PM,KXATPCHALLENGERMATCH-26APR18REIKEN-REI,72,150,yes
2026-04-18 04:12:57 PM,KXATPCHALLENGERMATCH-26APR18REIKEN-REI,73,66,yes
2026-04-18 04:12:58 PM,KXATPCHALLENGERMATCH-26APR18REIKEN-REI,72,27,yes
2026-04-18 04:12:59 PM,KXATPCHALLENGERMATCH-26APR18REIKEN-REI,71,35,no
2026-04-18 04:13:00 PM,KXATPCHALLENGERMATCH-26APR18REIKEN-REI,71,50,yes
2026-04-18 04:13:02 PM,KXATPCHALLENGERMATCH-26APR18REIKEN-REI,71,315,yes
2026-04-18 04:13:02 PM,KXATPCHALLENGERMATCH-26APR18REIKEN-REI,71,400,yes
2026-04-18 04:13:02 PM,KXATPCHALLENGERMATCH-26APR18REIKEN-REI,71,285,yes
2026-04-18 04:13:02 PM,KXATPCHALLENGERMATCH-26APR18REIKEN-REI,70,49,yes
2026-04-18 04:13:03 PM,KXATPCHALLENGERMATCH-26APR18REIKEN-REI,70,131,yes
2026-04-18 04:13:03 PM,KXATPCHALLENGERMATCH-26APR18REIKEN-REI,70,50,yes
2026-04-18 04:13:03 PM,KXATPCHALLENGERMATCH-26APR18REIKEN-REI,70,150,yes
2026-04-18 04:13:03 PM,KXATPCHALLENGERMATCH-26APR18REIKEN-REI,71,18,yes
2026-04-18 04:13:03 PM,KXATPCHALLENGERMATCH-26APR18REIKEN-REI,69,20,no
2026-04-18 04:13:03 PM,KXATPCHALLENGERMATCH-26APR18REIKEN-REI,68,2,no
2026-04-18 04:13:04 PM,KXATPCHALLENGERMATCH-26APR18REIKEN-REI,71,96,yes
2026-04-18 04:13:04 PM,KXATPCHALLENGERMATCH-26APR18REIKEN-REI,71,41,yes
2026-04-18 04:13:05 PM,KXATPCHALLENGERMATCH-26APR18REIKEN-REI,71,358,yes
2026-04-18 04:13:05 PM,KXATPCHALLENGERMATCH-26APR18REIKEN-REI,71,193,yes
2026-04-18 04:13:06 PM,KXATPCHALLENGERMATCH-26APR18REIKEN-REI,70,4,yes
2026-04-18 04:13:06 PM,KXATPCHALLENGERMATCH-26APR18REIKEN-REI,70,4,yes
2026-04-18 04:13:06 PM,KXATPCHALLENGERMATCH-26APR18REIKEN-REI,69,17,no
2026-04-18 04:13:07 PM,KXATPCHALLENGERMATCH-26APR18REIKEN-REI,69,22,no
2026-04-18 04:13:08 PM,KXATPCHALLENGERMATCH-26APR18REIKEN-REI,69,90,no
2026-04-18 04:13:08 PM,KXATPCHALLENGERMATCH-26APR18REIKEN-REI,69,1,no
2026-04-18 04:13:09 PM,KXATPCHALLENGERMATCH-26APR18REIKEN-REI,70,391,yes
2026-04-18 04:13:09 PM,KXATPCHALLENGERMATCH-26APR18REIKEN-REI,70,400,yes
2026-04-18 04:13:09 PM,KXATPCHALLENGERMATCH-26APR18REIKEN-REI,70,11,yes
2026-04-18 04:13:10 PM,KXATPCHALLENGERMATCH-26APR18REIKEN-REI,69,200,no
2026-04-18 04:13:10 PM,KXATPCHALLENGERMATCH-26APR18REIKEN-REI,70,42,yes
2026-04-18 04:13:11 PM,KXATPCHALLENGERMATCH-26APR18REIKEN-REI,69,1574,no
2026-04-18 04:13:12 PM,KXATPCHALLENGERMATCH-26APR18REIKEN-REI,70,146,yes
2026-04-18 04:13:12 PM,KXATPCHALLENGERMATCH-26APR18REIKEN-REI,70,111,yes
2026-04-18 04:13:13 PM,KXATPCHALLENGERMATCH-26APR18REIKEN-REI,70,1,yes
2026-04-18 04:13:14 PM,KXATPCHALLENGERMATCH-26APR18REIKEN-REI,69,170,no
2026-04-18 04:13:15 PM,KXATPCHALLENGERMATCH-26APR18REIKEN-REI,70,86,yes
2026-04-18 04:13:15 PM,KXATPCHALLENGERMATCH-26APR18REIKEN-REI,70,144,yes
2026-04-18 04:13:15 PM,KXATPCHALLENGERMATCH-26APR18REIKEN-REI,69,1323,no
2026-04-18 04:13:15 PM,KXATPCHALLENGERMATCH-26APR18REIKEN-REI,70,4,yes
2026-04-18 04:13:15 PM,KXATPCHALLENGERMATCH-26APR18REIKEN-REI,69,94,no
2026-04-18 04:13:16 PM,KXATPCHALLENGERMATCH-26APR18REIKEN-REI,69,180,no
2026-04-18 04:13:16 PM,KXATPCHALLENGERMATCH-26APR18REIKEN-REI,70,50,yes
2026-04-18 04:13:18 PM,KXATPCHALLENGERMATCH-26APR18REIKEN-REI,70,2,yes
2026-04-18 04:13:18 PM,KXATPCHALLENGERMATCH-26APR18REIKEN-REI,70,1,yes
2026-04-18 04:13:19 PM,KXATPCHALLENGERMATCH-26APR18REIKEN-REI,70,13,yes
2026-04-18 04:13:20 PM,KXATPCHALLENGERMATCH-26APR18REIKEN-REI,69,44,no
2026-04-18 04:13:20 PM,KXATPCHALLENGERMATCH-26APR18REIKEN-REI,69,9,no
2026-04-18 04:13:21 PM,KXATPCHALLENGERMATCH-26APR18REIKEN-REI,69,95,no
2026-04-18 04:13:21 PM,KXATPCHALLENGERMATCH-26APR18REIKEN-REI,69,621,no
2026-04-18 04:13:21 PM,KXATPCHALLENGERMATCH-26APR18REIKEN-REI,69,2,no
2026-04-18 04:13:23 PM,KXATPCHALLENGERMATCH-26APR18REIKEN-REI,69,93,no
2026-04-18 04:13:25 PM,KXATPCHALLENGERMATCH-26APR18REIKEN-REI,69,39,no
2026-04-18 04:13:26 PM,KXATPCHALLENGERMATCH-26APR18REIKEN-REI,70,184,yes
2026-04-18 04:13:26 PM,KXATPCHALLENGERMATCH-26APR18REIKEN-REI,70,60,yes
2026-04-18 04:13:26 PM,KXATPCHALLENGERMATCH-26APR18REIKEN-REI,70,69,yes
2026-04-18 04:13:26 PM,KXATPCHALLENGERMATCH-26APR18REIKEN-REI,70,240,yes
2026-04-18 04:13:27 PM,KXATPCHALLENGERMATCH-26APR18REIKEN-REI,70,0,yes
2026-04-18 04:13:27 PM,KXATPCHALLENGERMATCH-26APR18REIKEN-REI,70,29,yes
2026-04-18 04:13:27 PM,KXATPCHALLENGERMATCH-26APR18REIKEN-REI,70,0,yes
2026-04-18 04:13:29 PM,KXATPCHALLENGERMATCH-26APR18REIKEN-REI,70,69,yes
2026-04-18 04:13:29 PM,KXATPCHALLENGERMATCH-26APR18REIKEN-REI,70,69,yes
2026-04-18 04:13:29 PM,KXATPCHALLENGERMATCH-26APR18REIKEN-REI,69,5,no
2026-04-18 04:13:29 PM,KXATPCHALLENGERMATCH-26APR18REIKEN-REI,69,10,no
2026-04-18 04:13:29 PM,KXATPCHALLENGERMATCH-26APR18REIKEN-REI,68,16,no
2026-04-18 04:13:31 PM,KXATPCHALLENGERMATCH-26APR18REIKEN-REI,70,13,yes
2026-04-18 04:13:31 PM,KXATPCHALLENGERMATCH-26APR18REIKEN-REI,70,13,yes
2026-04-18 04:13:31 PM,KXATPCHALLENGERMATCH-26APR18REIKEN-REI,70,100,yes
2026-04-18 04:13:31 PM,KXATPCHALLENGERMATCH-26APR18REIKEN-REI,70,1,yes
2026-04-18 04:13:32 PM,KXATPCHALLENGERMATCH-26APR18REIKEN-REI,70,0,yes
2026-04-18 04:13:32 PM,KXATPCHALLENGERMATCH-26APR18REIKEN-REI,70,4,yes
2026-04-18 04:13:35 PM,KXATPCHALLENGERMATCH-26APR18REIKEN-REI,70,47,yes
2026-04-18 04:13:35 PM,KXATPCHALLENGERMATCH-26APR18REIKEN-REI,70,32,yes
2026-04-18 04:13:38 PM,KXATPCHALLENGERMATCH-26APR18REIKEN-REI,70,13,yes
2026-04-18 04:13:38 PM,KXATPCHALLENGERMATCH-26APR18REIKEN-REI,70,2,yes
2026-04-18 04:13:40 PM,KXATPCHALLENGERMATCH-26APR18REIKEN-REI,67,20,no
2026-04-18 04:13:42 PM,KXATPCHALLENGERMATCH-26APR18REIKEN-REI,67,12,yes
2026-04-18 04:13:43 PM,KXATPCHALLENGERMATCH-26APR18REIKEN-REI,67,37,yes
2026-04-18 04:13:43 PM,KXATPCHALLENGERMATCH-26APR18REIKEN-REI,67,66,yes
2026-04-18 04:13:46 PM,KXATPCHALLENGERMATCH-26APR18REIKEN-REI,67,80,yes
2026-04-18 04:13:46 PM,KXATPCHALLENGERMATCH-26APR18REIKEN-REI,65,50,no
2026-04-18 04:13:46 PM,KXATPCHALLENGERMATCH-26APR18REIKEN-REI,65,9,no
2026-04-18 04:13:47 PM,KXATPCHALLENGERMATCH-26APR18REIKEN-REI,67,6,yes
2026-04-18 04:13:49 PM,KXATPCHALLENGERMATCH-26APR18REIKEN-REI,66,100,no
2026-04-18 04:13:49 PM,KXATPCHALLENGERMATCH-26APR18REIKEN-REI,67,145,yes
2026-04-18 04:13:50 PM,KXATPCHALLENGERMATCH-26APR18REIKEN-REI,65,25,no
2026-04-18 04:13:50 PM,KXATPCHALLENGERMATCH-26APR18REIKEN-REI,65,1556,no
2026-04-18 04:13:50 PM,KXATPCHALLENGERMATCH-26APR18REIKEN-REI,67,4,yes
2026-04-18 04:13:51 PM,KXATPCHALLENGERMATCH-26APR18REIKEN-REI,67,2,yes
2026-04-18 04:13:51 PM,KXATPCHALLENGERMATCH-26APR18REIKEN-REI,65,62,no
2026-04-18 04:13:51 PM,KXATPCHALLENGERMATCH-26APR18REIKEN-REI,67,123,yes
2026-04-18 04:13:52 PM,KXATPCHALLENGERMATCH-26APR18REIKEN-REI,66,615,no
2026-04-18 04:13:52 PM,KXATPCHALLENGERMATCH-26APR18REIKEN-REI,66,923,no
2026-04-18 04:13:54 PM,KXATPCHALLENGERMATCH-26APR18REIKEN-REI,66,98,no
2026-04-18 04:13:55 PM,KXATPCHALLENGERMATCH-26APR18REIKEN-REI,67,281,yes
2026-04-18 04:13:55 PM,KXATPCHALLENGERMATCH-26APR18REIKEN-REI,67,400,yes
2026-04-18 04:13:55 PM,KXATPCHALLENGERMATCH-26APR18REIKEN-REI,67,400,yes
2026-04-18 04:13:55 PM,KXATPCHALLENGERMATCH-26APR18REIKEN-REI,67,648,yes
2026-04-18 04:13:57 PM,KXATPCHALLENGERMATCH-26APR18REIKEN-REI,66,4,no
2026-04-18 04:13:57 PM,KXATPCHALLENGERMATCH-26APR18REIKEN-REI,67,4,yes
2026-04-18 04:13:57 PM,KXATPCHALLENGERMATCH-26APR18REIKEN-REI,66,37,no
2026-04-18 04:13:58 PM,KXATPCHALLENGERMATCH-26APR18REIKEN-REI,66,48,no
2026-04-18 04:13:59 PM,KXATPCHALLENGERMATCH-26APR18REIKEN-REI,67,1,yes
2026-04-18 04:14:00 PM,KXATPCHALLENGERMATCH-26APR18REIKEN-REI,66,125,no
2026-04-18 04:14:01 PM,KXATPCHALLENGERMATCH-26APR18REIKEN-REI,66,28,no
2026-04-18 04:14:01 PM,KXATPCHALLENGERMATCH-26APR18REIKEN-REI,66,30,no
2026-04-18 04:14:01 PM,KXATPCHALLENGERMATCH-26APR18REIKEN-REI,67,29,yes
2026-04-18 04:14:02 PM,KXATPCHALLENGERMATCH-26APR18REIKEN-REI,67,145,yes
2026-04-18 04:14:03 PM,KXATPCHALLENGERMATCH-26APR18REIKEN-REI,66,7,no
2026-04-18 04:14:04 PM,KXATPCHALLENGERMATCH-26APR18REIKEN-REI,66,292,no
2026-04-18 04:14:05 PM,KXATPCHALLENGERMATCH-26APR18REIKEN-REI,65,100,no
2026-04-18 04:14:06 PM,KXATPCHALLENGERMATCH-26APR18REIKEN-REI,64,174,no
2026-04-18 04:14:06 PM,KXATPCHALLENGERMATCH-26APR18REIKEN-REI,64,66,no
2026-04-18 04:14:07 PM,KXATPCHALLENGERMATCH-26APR18REIKEN-REI,64,92,no
2026-04-18 04:14:08 PM,KXATPCHALLENGERMATCH-26APR18REIKEN-REI,65,150,yes
2026-04-18 04:14:08 PM,KXATPCHALLENGERMATCH-26APR18REIKEN-REI,66,145,yes
2026-04-18 04:14:12 PM,KXATPCHALLENGERMATCH-26APR18REIKEN-REI,63,12,no
2026-04-18 04:14:12 PM,KXATPCHALLENGERMATCH-26APR18REIKEN-REI,61,24,no
2026-04-18 04:14:12 PM,KXATPCHALLENGERMATCH-26APR18REIKEN-REI,64,5,yes
2026-04-18 04:14:16 PM,KXATPCHALLENGERMATCH-26APR18REIKEN-REI,64,5,yes
2026-04-18 04:14:17 PM,KXATPCHALLENGERMATCH-26APR18REIKEN-REI,64,150,yes
2026-04-18 04:14:17 PM,KXATPCHALLENGERMATCH-26APR18REIKEN-REI,65,50,yes
2026-04-18 04:14:17 PM,KXATPCHALLENGERMATCH-26APR18REIKEN-REI,65,400,yes
2026-04-18 04:14:17 PM,KXATPCHALLENGERMATCH-26APR18REIKEN-REI,65,71,yes
2026-04-18 04:14:18 PM,KXATPCHALLENGERMATCH-26APR18REIKEN-REI,63,50,no
2026-04-18 04:14:18 PM,KXATPCHALLENGERMATCH-26APR18REIKEN-REI,63,10,no
2026-04-18 04:14:18 PM,KXATPCHALLENGERMATCH-26APR18REIKEN-REI,62,11,no
2026-04-18 04:14:19 PM,KXATPCHALLENGERMATCH-26APR18REIKEN-REI,62,12,no
2026-04-18 04:14:20 PM,KXATPCHALLENGERMATCH-26APR18REIKEN-REI,65,6,yes
2026-04-18 04:14:22 PM,KXATPCHALLENGERMATCH-26APR18REIKEN-REI,63,50,no
2026-04-18 04:14:22 PM,KXATPCHALLENGERMATCH-26APR18REIKEN-REI,62,150,no
2026-04-18 04:14:22 PM,KXATPCHALLENGERMATCH-26APR18REIKEN-REI,61,107,no
2026-04-18 04:14:22 PM,KXATPCHALLENGERMATCH-26APR18REIKEN-REI,65,30,yes
2026-04-18 04:14:22 PM,KXATPCHALLENGERMATCH-26APR18REIKEN-REI,65,35,yes
2026-04-18 04:14:22 PM,KXATPCHALLENGERMATCH-26APR18REIKEN-REI,61,292,no
2026-04-18 04:14:22 PM,KXATPCHALLENGERMATCH-26APR18REIKEN-REI,60,30,no
2026-04-18 04:14:22 PM,KXATPCHALLENGERMATCH-26APR18REIKEN-REI,60,105,no
2026-04-18 04:14:22 PM,KXATPCHALLENGERMATCH-26APR18REIKEN-REI,60,2000,no
2026-04-18 04:14:22 PM,KXATPCHALLENGERMATCH-26APR18REIKEN-REI,60,193,no
2026-04-18 04:14:23 PM,KXATPCHALLENGERMATCH-26APR18REIKEN-REI,60,150,no
2026-04-18 04:14:23 PM,KXATPCHALLENGERMATCH-26APR18REIKEN-REI,58,30,no
2026-04-18 04:14:24 PM,KXATPCHALLENGERMATCH-26APR18REIKEN-REI,58,6,yes
2026-04-18 04:14:24 PM,KXATPCHALLENGERMATCH-26APR18REIKEN-REI,58,11,yes
2026-04-18 04:14:25 PM,KXATPCHALLENGERMATCH-26APR18REIKEN-REI,57,19,no
2026-04-18 04:14:25 PM,KXATPCHALLENGERMATCH-26APR18REIKEN-REI,57,35,no
2026-04-18 04:14:26 PM,KXATPCHALLENGERMATCH-26APR18REIKEN-REI,57,13,no
2026-04-18 04:14:27 PM,KXATPCHALLENGERMATCH-26APR18REIKEN-REI,57,230,no
2026-04-18 04:14:27 PM,KXATPCHALLENGERMATCH-26APR18REIKEN-REI,56,258,no
2026-04-18 04:14:30 PM,KXATPCHALLENGERMATCH-26APR18REIKEN-REI,55,143,no
2026-04-18 04:14:30 PM,KXATPCHALLENGERMATCH-26APR18REIKEN-REI,55,44,no
2026-04-18 04:14:30 PM,KXATPCHALLENGERMATCH-26APR18REIKEN-REI,55,45,no
2026-04-18 04:14:32 PM,KXATPCHALLENGERMATCH-26APR18REIKEN-REI,56,34,yes
2026-04-18 04:14:33 PM,KXATPCHALLENGERMATCH-26APR18REIKEN-REI,55,6,no
2026-04-18 04:14:33 PM,KXATPCHALLENGERMATCH-26APR18REIKEN-REI,55,54,no
2026-04-18 04:14:34 PM,KXATPCHALLENGERMATCH-26APR18REIKEN-REI,55,105,no
2026-04-18 04:14:34 PM,KXATPCHALLENGERMATCH-26APR18REIKEN-REI,55,50,no
2026-04-18 04:14:34 PM,KXATPCHALLENGERMATCH-26APR18REIKEN-REI,55,300,no
2026-04-18 04:14:34 PM,KXATPCHALLENGERMATCH-26APR18REIKEN-REI,55,100,no
2026-04-18 04:14:34 PM,KXATPCHALLENGERMATCH-26APR18REIKEN-REI,55,188,no
2026-04-18 04:14:34 PM,KXATPCHALLENGERMATCH-26APR18REIKEN-REI,55,77,yes
2026-04-18 04:14:34 PM,KXATPCHALLENGERMATCH-26APR18REIKEN-REI,55,5,yes
2026-04-18 04:14:35 PM,KXATPCHALLENGERMATCH-26APR18REIKEN-REI,55,117,yes
2026-04-18 04:14:35 PM,KXATPCHALLENGERMATCH-26APR18REIKEN-REI,54,6,no
2026-04-18 04:14:37 PM,KXATPCHALLENGERMATCH-26APR18REIKEN-REI,54,46,no
2026-04-18 04:14:37 PM,KXATPCHALLENGERMATCH-26APR18REIKEN-REI,54,612,no
2026-04-18 04:14:37 PM,KXATPCHALLENGERMATCH-26APR18REIKEN-REI,55,4,yes
2026-04-18 04:14:38 PM,KXATPCHALLENGERMATCH-26APR18REIKEN-REI,54,7,no
2026-04-18 04:14:40 PM,KXATPCHALLENGERMATCH-26APR18REIKEN-REI,54,104,no
2026-04-18 04:14:41 PM,KXATPCHALLENGERMATCH-26APR18REIKEN-REI,55,52,yes
2026-04-18 04:14:41 PM,KXATPCHALLENGERMATCH-26APR18REIKEN-REI,54,1050,no
2026-04-18 04:14:42 PM,KXATPCHALLENGERMATCH-26APR18REIKEN-REI,55,105,yes
2026-04-18 04:14:43 PM,KXATPCHALLENGERMATCH-26APR18REIKEN-REI,54,58,no
2026-04-18 04:14:44 PM,KXATPCHALLENGERMATCH-26APR18REIKEN-REI,54,341,no
2026-04-18 04:14:44 PM,KXATPCHALLENGERMATCH-26APR18REIKEN-REI,54,50,no
2026-04-18 04:14:44 PM,KXATPCHALLENGERMATCH-26APR18REIKEN-REI,54,108,no
2026-04-18 04:14:44 PM,KXATPCHALLENGERMATCH-26APR18REIKEN-REI,55,86,yes
2026-04-18 04:14:44 PM,KXATPCHALLENGERMATCH-26APR18REIKEN-REI,55,70,yes
2026-04-18 04:14:44 PM,KXATPCHALLENGERMATCH-26APR18REIKEN-REI,55,440,yes
2026-04-18 04:14:45 PM,KXATPCHALLENGERMATCH-26APR18REIKEN-REI,54,41,no
2026-04-18 04:14:45 PM,KXATPCHALLENGERMATCH-26APR18REIKEN-REI,54,8,no
2026-04-18 04:14:45 PM,KXATPCHALLENGERMATCH-26APR18REIKEN-REI,55,41,yes
2026-04-18 04:14:46 PM,KXATPCHALLENGERMATCH-26APR18REIKEN-REI,55,1,yes
2026-04-18 04:14:48 PM,KXATPCHALLENGERMATCH-26APR18REIKEN-REI,54,50,no
2026-04-18 04:14:48 PM,KXATPCHALLENGERMATCH-26APR18REIKEN-REI,53,30,no
2026-04-18 04:14:48 PM,KXATPCHALLENGERMATCH-26APR18REIKEN-REI,53,4,no
2026-04-18 04:14:48 PM,KXATPCHALLENGERMATCH-26APR18REIKEN-REI,52,4,no
2026-04-18 04:14:48 PM,KXATPCHALLENGERMATCH-26APR18REIKEN-REI,55,448,yes
2026-04-18 04:14:48 PM,KXATPCHALLENGERMATCH-26APR18REIKEN-REI,55,10,yes
2026-04-18 04:14:48 PM,KXATPCHALLENGERMATCH-26APR18REIKEN-REI,55,100,yes
2026-04-18 04:14:48 PM,KXATPCHALLENGERMATCH-26APR18REIKEN-REI,56,1,yes
2026-04-18 04:14:48 PM,KXATPCHALLENGERMATCH-26APR18REIKEN-REI,57,500,yes
2026-04-18 04:14:48 PM,KXATPCHALLENGERMATCH-26APR18REIKEN-REI,58,500,yes
2026-04-18 04:14:48 PM,KXATPCHALLENGERMATCH-26APR18REIKEN-REI,58,39,yes
2026-04-18 04:14:49 PM,KXATPCHALLENGERMATCH-26APR18REIKEN-REI,55,10,no
2026-04-18 04:14:49 PM,KXATPCHALLENGERMATCH-26APR18REIKEN-REI,55,177,no
2026-04-18 04:14:50 PM,KXATPCHALLENGERMATCH-26APR18REIKEN-REI,62,100,no
2026-04-18 04:14:50 PM,KXATPCHALLENGERMATCH-26APR18REIKEN-REI,63,35,yes
2026-04-18 04:14:52 PM,KXATPCHALLENGERMATCH-26APR18REIKEN-REI,64,1,yes
2026-04-18 04:14:52 PM,KXATPCHALLENGERMATCH-26APR18REIKEN-REI,64,48,yes
2026-04-18 04:14:55 PM,KXATPCHALLENGERMATCH-26APR18REIKEN-REI,66,5,yes
2026-04-18 04:14:55 PM,KXATPCHALLENGERMATCH-26APR18REIKEN-REI,66,8,yes
2026-04-18 04:14:55 PM,KXATPCHALLENGERMATCH-26APR18REIKEN-REI,66,298,yes
2026-04-18 04:14:56 PM,KXATPCHALLENGERMATCH-26APR18REIKEN-REI,64,60,no
2026-04-18 04:14:57 PM,KXATPCHALLENGERMATCH-26APR18REIKEN-REI,65,1000,yes
2026-04-18 04:14:58 PM,KXATPCHALLENGERMATCH-26APR18REIKEN-REI,65,30,yes
2026-04-18 04:14:59 PM,KXATPCHALLENGERMATCH-26APR18REIKEN-REI,65,90,yes
2026-04-18 04:15:00 PM,KXATPCHALLENGERMATCH-26APR18REIKEN-REI,65,2,yes
2026-04-18 04:15:01 PM,KXATPCHALLENGERMATCH-26APR18REIKEN-REI,64,1000,no
2026-04-18 04:15:02 PM,KXATPCHALLENGERMATCH-26APR18REIKEN-REI,65,1501,yes
2026-04-18 04:15:02 PM,KXATPCHALLENGERMATCH-26APR18REIKEN-REI,64,31,no
2026-04-18 04:15:05 PM,KXATPCHALLENGERMATCH-26APR18REIKEN-REI,65,15,yes
2026-04-18 04:15:08 PM,KXATPCHALLENGERMATCH-26APR18REIKEN-REI,62,62,no
2026-04-18 04:15:09 PM,KXATPCHALLENGERMATCH-26APR18REIKEN-REI,65,50,yes
2026-04-18 04:15:09 PM,KXATPCHALLENGERMATCH-26APR18REIKEN-REI,65,80,yes
2026-04-18 04:15:09 PM,KXATPCHALLENGERMATCH-26APR18REIKEN-REI,65,17,yes
2026-04-18 04:15:10 PM,KXATPCHALLENGERMATCH-26APR18REIKEN-REI,65,12,yes
2026-04-18 04:15:10 PM,KXATPCHALLENGERMATCH-26APR18REIKEN-REI,65,9,yes
2026-04-18 04:15:10 PM,KXATPCHALLENGERMATCH-26APR18REIKEN-REI,65,6,yes
2026-04-18 04:15:10 PM,KXATPCHALLENGERMATCH-26APR18REIKEN-REI,65,6,yes
2026-04-18 04:15:10 PM,KXATPCHALLENGERMATCH-26APR18REIKEN-REI,65,73,yes
2026-04-18 04:15:10 PM,KXATPCHALLENGERMATCH-26APR18REIKEN-REI,65,1,yes
2026-04-18 04:15:11 PM,KXATPCHALLENGERMATCH-26APR18REIKEN-REI,65,4,yes
2026-04-18 04:15:11 PM,KXATPCHALLENGERMATCH-26APR18REIKEN-REI,65,69,yes
2026-04-18 04:15:11 PM,KXATPCHALLENGERMATCH-26APR18REIKEN-REI,65,4,yes
2026-04-18 04:15:11 PM,KXATPCHALLENGERMATCH-26APR18REIKEN-REI,65,1,yes
2026-04-18 04:15:11 PM,KXATPCHALLENGERMATCH-26APR18REIKEN-REI,65,4,yes
2026-04-18 04:15:11 PM,KXATPCHALLENGERMATCH-26APR18REIKEN-REI,65,33,yes
2026-04-18 04:15:11 PM,KXATPCHALLENGERMATCH-26APR18REIKEN-REI,65,36,yes
2026-04-18 04:15:11 PM,KXATPCHALLENGERMATCH-26APR18REIKEN-REI,65,4,yes
2026-04-18 04:15:11 PM,KXATPCHALLENGERMATCH-26APR18REIKEN-REI,65,39,yes
2026-04-18 04:15:11 PM,KXATPCHALLENGERMATCH-26APR18REIKEN-REI,65,31,yes
2026-04-18 04:15:17 PM,KXATPCHALLENGERMATCH-26APR18REIKEN-REI,64,1,yes
2026-04-18 04:15:18 PM,KXATPCHALLENGERMATCH-26APR18REIKEN-REI,63,147,no
2026-04-18 04:15:18 PM,KXATPCHALLENGERMATCH-26APR18REIKEN-REI,63,14,no
2026-04-18 04:15:19 PM,KXATPCHALLENGERMATCH-26APR18REIKEN-REI,62,170,no
2026-04-18 04:15:21 PM,KXATPCHALLENGERMATCH-26APR18REIKEN-REI,64,12,yes
2026-04-18 04:15:21 PM,KXATPCHALLENGERMATCH-26APR18REIKEN-REI,64,20,yes
2026-04-18 04:15:25 PM,KXATPCHALLENGERMATCH-26APR18REIKEN-REI,62,150,yes
2026-04-18 04:15:25 PM,KXATPCHALLENGERMATCH-26APR18REIKEN-REI,62,15,yes
2026-04-18 04:15:25 PM,KXATPCHALLENGERMATCH-26APR18REIKEN-REI,62,1309,yes
2026-04-18 04:15:26 PM,KXATPCHALLENGERMATCH-26APR18REIKEN-REI,63,15,yes
2026-04-18 04:15:30 PM,KXATPCHALLENGERMATCH-26APR18REIKEN-REI,62,7,yes
2026-04-18 04:15:30 PM,KXATPCHALLENGERMATCH-26APR18REIKEN-REI,61,10,no
2026-04-18 04:15:33 PM,KXATPCHALLENGERMATCH-26APR18REIKEN-REI,61,39,no
2026-04-18 04:15:33 PM,KXATPCHALLENGERMATCH-26APR18REIKEN-REI,61,400,no
2026-04-18 04:15:33 PM,KXATPCHALLENGERMATCH-26APR18REIKEN-REI,60,97,no
2026-04-18 04:15:34 PM,KXATPCHALLENGERMATCH-26APR18REIKEN-REI,62,2,yes
2026-04-18 04:15:34 PM,KXATPCHALLENGERMATCH-26APR18REIKEN-REI,62,67,yes
2026-04-18 04:15:34 PM,KXATPCHALLENGERMATCH-26APR18REIKEN-REI,62,150,yes
2026-04-18 04:15:34 PM,KXATPCHALLENGERMATCH-26APR18REIKEN-REI,63,99,yes
2026-04-18 04:15:34 PM,KXATPCHALLENGERMATCH-26APR18REIKEN-REI,64,50,yes
2026-04-18 04:15:34 PM,KXATPCHALLENGERMATCH-26APR18REIKEN-REI,64,400,yes
2026-04-18 04:15:34 PM,KXATPCHALLENGERMATCH-26APR18REIKEN-REI,65,250,yes
2026-04-18 04:15:35 PM,KXATPCHALLENGERMATCH-26APR18REIKEN-REI,65,59,yes
2026-04-18 04:15:35 PM,KXATPCHALLENGERMATCH-26APR18REIKEN-REI,64,150,yes
2026-04-18 04:15:35 PM,KXATPCHALLENGERMATCH-26APR18REIKEN-REI,64,60,yes
2026-04-18 04:15:35 PM,KXATPCHALLENGERMATCH-26APR18REIKEN-REI,64,40,yes
2026-04-18 04:15:35 PM,KXATPCHALLENGERMATCH-26APR18REIKEN-REI,64,10,yes
2026-04-18 04:15:35 PM,KXATPCHALLENGERMATCH-26APR18REIKEN-REI,65,40,yes
2026-04-18 04:15:35 PM,KXATPCHALLENGERMATCH-26APR18REIKEN-REI,66,5,yes
2026-04-18 04:15:35 PM,KXATPCHALLENGERMATCH-26APR18REIKEN-REI,66,5,yes
2026-04-18 04:15:35 PM,KXATPCHALLENGERMATCH-26APR18REIKEN-REI,65,47,yes
2026-04-18 04:15:35 PM,KXATPCHALLENGERMATCH-26APR18REIKEN-REI,66,125,yes
2026-04-18 04:15:35 PM,KXATPCHALLENGERMATCH-26APR18REIKEN-REI,67,4,yes
2026-04-18 04:15:35 PM,KXATPCHALLENGERMATCH-26APR18REIKEN-REI,67,5,yes
2026-04-18 04:15:35 PM,KXATPCHALLENGERMATCH-26APR18REIKEN-REI,69,125,yes
2026-04-18 04:15:35 PM,KXATPCHALLENGERMATCH-26APR18REIKEN-REI,70,50,yes
2026-04-18 04:15:35 PM,KXATPCHALLENGERMATCH-26APR18REIKEN-REI,70,125,yes
2026-04-18 04:15:35 PM,KXATPCHALLENGERMATCH-26APR18REIKEN-REI,71,400,yes
2026-04-18 04:15:35 PM,KXATPCHALLENGERMATCH-26APR18REIKEN-REI,71,400,yes
2026-04-18 04:15:35 PM,KXATPCHALLENGERMATCH-26APR18REIKEN-REI,71,400,yes
2026-04-18 04:15:35 PM,KXATPCHALLENGERMATCH-26APR18REIKEN-REI,71,80,yes
2026-04-18 04:15:35 PM,KXATPCHALLENGERMATCH-26APR18REIKEN-REI,71,125,yes
2026-04-18 04:15:36 PM,KXATPCHALLENGERMATCH-26APR18REIKEN-REI,71,80,no
2026-04-18 04:15:36 PM,KXATPCHALLENGERMATCH-26APR18REIKEN-REI,71,125,no
2026-04-18 04:15:36 PM,KXATPCHALLENGERMATCH-26APR18REIKEN-REI,71,64,no
2026-04-18 04:15:36 PM,KXATPCHALLENGERMATCH-26APR18REIKEN-REI,71,1,yes
2026-04-18 04:15:36 PM,KXATPCHALLENGERMATCH-26APR18REIKEN-REI,68,125,yes
2026-04-18 04:15:36 PM,KXATPCHALLENGERMATCH-26APR18REIKEN-REI,68,2,yes
2026-04-18 04:15:36 PM,KXATPCHALLENGERMATCH-26APR18REIKEN-REI,68,1,yes
2026-04-18 04:15:36 PM,KXATPCHALLENGERMATCH-26APR18REIKEN-REI,68,2,yes
2026-04-18 04:15:36 PM,KXATPCHALLENGERMATCH-26APR18REIKEN-REI,69,80,yes
2026-04-18 04:15:36 PM,KXATPCHALLENGERMATCH-26APR18REIKEN-REI,70,46,yes
2026-04-18 04:15:36 PM,KXATPCHALLENGERMATCH-26APR18REIKEN-REI,64,527,no
2026-04-18 04:15:36 PM,KXATPCHALLENGERMATCH-26APR18REIKEN-REI,65,2,no
2026-04-18 04:15:37 PM,KXATPCHALLENGERMATCH-26APR18REIKEN-REI,69,80,yes
2026-04-18 04:15:37 PM,KXATPCHALLENGERMATCH-26APR18REIKEN-REI,69,125,yes
2026-04-18 04:15:37 PM,KXATPCHALLENGERMATCH-26APR18REIKEN-REI,69,23,no
2026-04-18 04:15:37 PM,KXATPCHALLENGERMATCH-26APR18REIKEN-REI,69,125,no
2026-04-18 04:15:38 PM,KXATPCHALLENGERMATCH-26APR18REIKEN-REI,70,4,yes
2026-04-18 04:15:38 PM,KXATPCHALLENGERMATCH-26APR18REIKEN-REI,70,35,yes
2026-04-18 04:15:40 PM,KXATPCHALLENGERMATCH-26APR18REIKEN-REI,70,15,no
2026-04-18 04:15:42 PM,KXATPCHALLENGERMATCH-26APR18REIKEN-REI,71,38,yes
2026-04-18 04:15:42 PM,KXATPCHALLENGERMATCH-26APR18REIKEN-REI,71,107,yes
2026-04-18 04:15:44 PM,KXATPCHALLENGERMATCH-26APR18REIKEN-REI,70,80,no
2026-04-18 04:15:44 PM,KXATPCHALLENGERMATCH-26APR18REIKEN-REI,71,136,yes
2026-04-18 04:15:44 PM,KXATPCHALLENGERMATCH-26APR18REIKEN-REI,70,937,no
2026-04-18 04:15:45 PM,KXATPCHALLENGERMATCH-26APR18REIKEN-REI,70,92,no
2026-04-18 04:15:45 PM,KXATPCHALLENGERMATCH-26APR18REIKEN-REI,71,34,yes
2026-04-18 04:15:45 PM,KXATPCHALLENGERMATCH-26APR18REIKEN-REI,70,461,no
2026-04-18 04:15:46 PM,KXATPCHALLENGERMATCH-26APR18REIKEN-REI,70,129,no
2026-04-18 04:15:47 PM,KXATPCHALLENGERMATCH-26APR18REIKEN-REI,71,17,yes
2026-04-18 04:15:47 PM,KXATPCHALLENGERMATCH-26APR18REIKEN-REI,70,16,no
2026-04-18 04:15:47 PM,KXATPCHALLENGERMATCH-26APR18REIKEN-REI,70,83,no
2026-04-18 04:15:47 PM,KXATPCHALLENGERMATCH-26APR18REIKEN-REI,70,92,no
2026-04-18 04:15:48 PM,KXATPCHALLENGERMATCH-26APR18REIKEN-REI,70,120,no
2026-04-18 04:15:49 PM,KXATPCHALLENGERMATCH-26APR18REIKEN-REI,71,66,yes
2026-04-18 04:15:49 PM,KXATPCHALLENGERMATCH-26APR18REIKEN-REI,71,2,yes
2026-04-18 04:15:49 PM,KXATPCHALLENGERMATCH-26APR18REIKEN-REI,71,1,yes
2026-04-18 04:15:49 PM,KXATPCHALLENGERMATCH-26APR18REIKEN-REI,70,100,no
2026-04-18 04:15:49 PM,KXATPCHALLENGERMATCH-26APR18REIKEN-REI,69,450,no
2026-04-18 04:15:49 PM,KXATPCHALLENGERMATCH-26APR18REIKEN-REI,69,36,no
2026-04-18 04:15:50 PM,KXATPCHALLENGERMATCH-26APR18REIKEN-REI,71,204,yes
2026-04-18 04:15:50 PM,KXATPCHALLENGERMATCH-26APR18REIKEN-REI,71,57,yes
2026-04-18 04:15:51 PM,KXATPCHALLENGERMATCH-26APR18REIKEN-REI,71,20,yes
2026-04-18 04:15:51 PM,KXATPCHALLENGERMATCH-26APR18REIKEN-REI,71,50,yes
2026-04-18 04:15:52 PM,KXATPCHALLENGERMATCH-26APR18REIKEN-REI,71,64,yes
2026-04-18 04:15:52 PM,KXATPCHALLENGERMATCH-26APR18REIKEN-REI,71,35,yes
2026-04-18 04:15:52 PM,KXATPCHALLENGERMATCH-26APR18REIKEN-REI,71,50,yes
2026-04-18 04:15:52 PM,KXATPCHALLENGERMATCH-26APR18REIKEN-REI,71,350,yes
2026-04-18 04:15:53 PM,KXATPCHALLENGERMATCH-26APR18REIKEN-REI,69,70,no
2026-04-18 04:15:53 PM,KXATPCHALLENGERMATCH-26APR18REIKEN-REI,69,24,no
2026-04-18 04:15:54 PM,KXATPCHALLENGERMATCH-26APR18REIKEN-REI,70,69,yes
2026-04-18 04:15:57 PM,KXATPCHALLENGERMATCH-26APR18REIKEN-REI,70,12,yes
2026-04-18 04:15:57 PM,KXATPCHALLENGERMATCH-26APR18REIKEN-REI,69,68,no
2026-04-18 04:15:58 PM,KXATPCHALLENGERMATCH-26APR18REIKEN-REI,70,138,yes
2026-04-18 04:15:58 PM,KXATPCHALLENGERMATCH-26APR18REIKEN-REI,70,783,yes
2026-04-18 04:15:58 PM,KXATPCHALLENGERMATCH-26APR18REIKEN-REI,70,69,yes
2026-04-18 04:16:00 PM,KXATPCHALLENGERMATCH-26APR18REIKEN-REI,69,50,no
2026-04-18 04:16:00 PM,KXATPCHALLENGERMATCH-26APR18REIKEN-REI,69,18,no
2026-04-18 04:16:00 PM,KXATPCHALLENGERMATCH-26APR18REIKEN-REI,70,27,yes
2026-04-18 04:16:02 PM,KXATPCHALLENGERMATCH-26APR18REIKEN-REI,70,34,yes
2026-04-18 04:16:02 PM,KXATPCHALLENGERMATCH-26APR18REIKEN-REI,70,4,yes
2026-04-18 04:16:04 PM,KXATPCHALLENGERMATCH-26APR18REIKEN-REI,69,15,no
2026-04-18 04:16:04 PM,KXATPCHALLENGERMATCH-26APR18REIKEN-REI,69,84,no
2026-04-18 04:16:04 PM,KXATPCHALLENGERMATCH-26APR18REIKEN-REI,69,100,no
2026-04-18 04:16:04 PM,KXATPCHALLENGERMATCH-26APR18REIKEN-REI,69,25,no
2026-04-18 04:16:04 PM,KXATPCHALLENGERMATCH-26APR18REIKEN-REI,69,1000,no
2026-04-18 04:16:04 PM,KXATPCHALLENGERMATCH-26APR18REIKEN-REI,69,578,no
2026-04-18 04:16:04 PM,KXATPCHALLENGERMATCH-26APR18REIKEN-REI,69,50,no
2026-04-18 04:16:05 PM,KXATPCHALLENGERMATCH-26APR18REIKEN-REI,70,19,yes
2026-04-18 04:16:06 PM,KXATPCHALLENGERMATCH-26APR18REIKEN-REI,69,82,no
2026-04-18 04:16:06 PM,KXATPCHALLENGERMATCH-26APR18REIKEN-REI,69,8,no
2026-04-18 04:16:06 PM,KXATPCHALLENGERMATCH-26APR18REIKEN-REI,70,60,yes
2026-04-18 04:16:07 PM,KXATPCHALLENGERMATCH-26APR18REIKEN-REI,70,139,yes
2026-04-18 04:16:07 PM,KXATPCHALLENGERMATCH-26APR18REIKEN-REI,70,19,yes
2026-04-18 04:16:09 PM,KXATPCHALLENGERMATCH-26APR18REIKEN-REI,69,391,no
2026-04-18 04:16:09 PM,KXATPCHALLENGERMATCH-26APR18REIKEN-REI,69,100,no
2026-04-18 04:16:13 PM,KXATPCHALLENGERMATCH-26APR18REIKEN-REI,68,637,no
2026-04-18 04:16:13 PM,KXATPCHALLENGERMATCH-26APR18REIKEN-REI,69,8,yes
2026-04-18 04:16:14 PM,KXATPCHALLENGERMATCH-26APR18REIKEN-REI,69,391,no
2026-04-18 04:16:14 PM,KXATPCHALLENGERMATCH-26APR18REIKEN-REI,68,4729,no
2026-04-18 04:16:14 PM,KXATPCHALLENGERMATCH-26APR18REIKEN-REI,68,400,no
2026-04-18 04:16:14 PM,KXATPCHALLENGERMATCH-26APR18REIKEN-REI,68,50,no
2026-04-18 04:16:14 PM,KXATPCHALLENGERMATCH-26APR18REIKEN-REI,68,711,no
2026-04-18 04:16:14 PM,KXATPCHALLENGERMATCH-26APR18REIKEN-REI,68,300,no
2026-04-18 04:16:14 PM,KXATPCHALLENGERMATCH-26APR18REIKEN-REI,68,100,no
2026-04-18 04:16:14 PM,KXATPCHALLENGERMATCH-26APR18REIKEN-REI,67,4272,no
2026-04-18 04:16:16 PM,KXATPCHALLENGERMATCH-26APR18REIKEN-REI,67,130,no
2026-04-18 04:16:18 PM,KXATPCHALLENGERMATCH-26APR18REIKEN-REI,69,8,yes
2026-04-18 04:16:19 PM,KXATPCHALLENGERMATCH-26APR18REIKEN-REI,69,1,yes
2026-04-18 04:16:19 PM,KXATPCHALLENGERMATCH-26APR18REIKEN-REI,68,100,no
2026-04-18 04:16:22 PM,KXATPCHALLENGERMATCH-26APR18REIKEN-REI,68,21,no
2026-04-18 04:16:23 PM,KXATPCHALLENGERMATCH-26APR18REIKEN-REI,68,114,no
2026-04-18 04:16:23 PM,KXATPCHALLENGERMATCH-26APR18REIKEN-REI,68,358,no
2026-04-18 04:16:24 PM,KXATPCHALLENGERMATCH-26APR18REIKEN-REI,69,20,yes
2026-04-18 04:16:25 PM,KXATPCHALLENGERMATCH-26APR18REIKEN-REI,69,120,yes
2026-04-18 04:16:26 PM,KXATPCHALLENGERMATCH-26APR18REIKEN-REI,69,208,yes
2026-04-18 04:16:26 PM,KXATPCHALLENGERMATCH-26APR18REIKEN-REI,68,20,no
2026-04-18 04:16:26 PM,KXATPCHALLENGERMATCH-26APR18REIKEN-REI,69,14,yes
2026-04-18 04:16:27 PM,KXATPCHALLENGERMATCH-26APR18REIKEN-REI,68,25,no
2026-04-18 04:16:30 PM,KXATPCHALLENGERMATCH-26APR18REIKEN-REI,68,4,no
2026-04-18 04:16:31 PM,KXATPCHALLENGERMATCH-26APR18REIKEN-REI,69,28,yes
2026-04-18 04:16:31 PM,KXATPCHALLENGERMATCH-26APR18REIKEN-REI,69,56,yes
2026-04-18 04:16:33 PM,KXATPCHALLENGERMATCH-26APR18REIKEN-REI,69,741,yes
2026-04-18 04:16:33 PM,KXATPCHALLENGERMATCH-26APR18REIKEN-REI,68,65,no
2026-04-18 04:16:33 PM,KXATPCHALLENGERMATCH-26APR18REIKEN-REI,68,1,no
2026-04-18 04:16:33 PM,KXATPCHALLENGERMATCH-26APR18REIKEN-REI,68,14,no
2026-04-18 04:16:34 PM,KXATPCHALLENGERMATCH-26APR18REIKEN-REI,68,100,no
2026-04-18 04:16:35 PM,KXATPCHALLENGERMATCH-26APR18REIKEN-REI,69,28,yes
2026-04-18 04:16:37 PM,KXATPCHALLENGERMATCH-26APR18REIKEN-REI,69,709,yes
2026-04-18 04:16:37 PM,KXATPCHALLENGERMATCH-26APR18REIKEN-REI,68,3,no
2026-04-18 04:16:37 PM,KXATPCHALLENGERMATCH-26APR18REIKEN-REI,69,72,yes
2026-04-18 04:16:37 PM,KXATPCHALLENGERMATCH-26APR18REIKEN-REI,68,100,no
2026-04-18 04:16:38 PM,KXATPCHALLENGERMATCH-26APR18REIKEN-REI,68,54,no
2026-04-18 04:16:42 PM,KXATPCHALLENGERMATCH-26APR18REIKEN-REI,69,35,yes
2026-04-18 04:16:43 PM,KXATPCHALLENGERMATCH-26APR18REIKEN-REI,69,13,yes
2026-04-18 04:16:47 PM,KXATPCHALLENGERMATCH-26APR18REIKEN-REI,68,128,no
2026-04-18 04:16:47 PM,KXATPCHALLENGERMATCH-26APR18REIKEN-REI,68,100,no
2026-04-18 04:16:47 PM,KXATPCHALLENGERMATCH-26APR18REIKEN-REI,68,50,no
2026-04-18 04:16:47 PM,KXATPCHALLENGERMATCH-26APR18REIKEN-REI,68,10000,no
2026-04-18 04:16:47 PM,KXATPCHALLENGERMATCH-26APR18REIKEN-REI,68,6926,no
2026-04-18 04:16:48 PM,KXATPCHALLENGERMATCH-26APR18REIKEN-REI,68,28,yes
2026-04-18 04:16:48 PM,KXATPCHALLENGERMATCH-26APR18REIKEN-REI,67,964,no
2026-04-18 04:16:48 PM,KXATPCHALLENGERMATCH-26APR18REIKEN-REI,67,358,no
2026-04-18 04:16:49 PM,KXATPCHALLENGERMATCH-26APR18REIKEN-REI,68,100,yes
2026-04-18 04:16:50 PM,KXATPCHALLENGERMATCH-26APR18REIKEN-REI,68,35,yes
2026-04-18 04:16:51 PM,KXATPCHALLENGERMATCH-26APR18REIKEN-REI,68,7,yes
2026-04-18 04:16:57 PM,KXATPCHALLENGERMATCH-26APR18REIKEN-REI,68,345,yes
2026-04-18 04:16:57 PM,KXATPCHALLENGERMATCH-26APR18REIKEN-REI,67,9,no
2026-04-18 04:16:58 PM,KXATPCHALLENGERMATCH-26APR18REIKEN-REI,67,1,no
2026-04-18 04:17:00 PM,KXATPCHALLENGERMATCH-26APR18REIKEN-REI,67,30,no
2026-04-18 04:17:00 PM,KXATPCHALLENGERMATCH-26APR18REIKEN-REI,67,269,no
2026-04-18 04:17:00 PM,KXATPCHALLENGERMATCH-26APR18REIKEN-REI,68,25,yes
2026-04-18 04:17:03 PM,KXATPCHALLENGERMATCH-26APR18REIKEN-REI,67,50,no
2026-04-18 04:17:04 PM,KXATPCHALLENGERMATCH-26APR18REIKEN-REI,68,28,yes
2026-04-18 04:17:05 PM,KXATPCHALLENGERMATCH-26APR18REIKEN-REI,68,15,yes
2026-04-18 04:17:08 PM,KXATPCHALLENGERMATCH-26APR18REIKEN-REI,67,50,no
2026-04-18 04:17:08 PM,KXATPCHALLENGERMATCH-26APR18REIKEN-REI,68,1,yes
2026-04-18 04:17:09 PM,KXATPCHALLENGERMATCH-26APR18REIKEN-REI,68,11,yes
2026-04-18 04:17:10 PM,KXATPCHALLENGERMATCH-26APR18REIKEN-REI,68,43,yes
2026-04-18 04:17:11 PM,KXATPCHALLENGERMATCH-26APR18REIKEN-REI,68,28,yes
2026-04-18 04:17:14 PM,KXATPCHALLENGERMATCH-26APR18REIKEN-REI,67,32,no
2026-04-18 04:17:16 PM,KXATPCHALLENGERMATCH-26APR18REIKEN-REI,68,1006,yes
2026-04-18 04:17:17 PM,KXATPCHALLENGERMATCH-26APR18REIKEN-REI,66,111,no
2026-04-18 04:17:18 PM,KXATPCHALLENGERMATCH-26APR18REIKEN-REI,64,12,no
2026-04-18 04:17:18 PM,KXATPCHALLENGERMATCH-26APR18REIKEN-REI,64,35,no
2026-04-18 04:17:19 PM,KXATPCHALLENGERMATCH-26APR18REIKEN-REI,64,1,yes
2026-04-18 04:17:21 PM,KXATPCHALLENGERMATCH-26APR18REIKEN-REI,63,50,no
2026-04-18 04:17:21 PM,KXATPCHALLENGERMATCH-26APR18REIKEN-REI,63,400,no
2026-04-18 04:17:22 PM,KXATPCHALLENGERMATCH-26APR18REIKEN-REI,63,8,yes
2026-04-18 04:17:24 PM,KXATPCHALLENGERMATCH-26APR18REIKEN-REI,63,1818,yes
2026-04-18 04:17:27 PM,KXATPCHALLENGERMATCH-26APR18REIKEN-REI,63,125,yes
2026-04-18 04:17:27 PM,KXATPCHALLENGERMATCH-26APR18REIKEN-REI,63,125,no
2026-04-18 04:17:27 PM,KXATPCHALLENGERMATCH-26APR18REIKEN-REI,63,125,no
2026-04-18 04:17:32 PM,KXATPCHALLENGERMATCH-26APR18REIKEN-REI,64,125,yes
2026-04-18 04:17:32 PM,KXATPCHALLENGERMATCH-26APR18REIKEN-REI,65,1,yes
2026-04-18 04:17:32 PM,KXATPCHALLENGERMATCH-26APR18REIKEN-REI,65,116,yes
2026-04-18 04:17:34 PM,KXATPCHALLENGERMATCH-26APR18REIKEN-REI,63,25,no
2026-04-18 04:17:34 PM,KXATPCHALLENGERMATCH-26APR18REIKEN-REI,63,50,no
2026-04-18 04:17:34 PM,KXATPCHALLENGERMATCH-26APR18REIKEN-REI,63,30,no
2026-04-18 04:17:34 PM,KXATPCHALLENGERMATCH-26APR18REIKEN-REI,63,35,no
2026-04-18 04:17:34 PM,KXATPCHALLENGERMATCH-26APR18REIKEN-REI,63,150,no
2026-04-18 04:17:34 PM,KXATPCHALLENGERMATCH-26APR18REIKEN-REI,62,400,no
2026-04-18 04:17:34 PM,KXATPCHALLENGERMATCH-26APR18REIKEN-REI,62,510,no
2026-04-18 04:17:35 PM,KXATPCHALLENGERMATCH-26APR18REIKEN-REI,62,4,no
2026-04-18 04:17:35 PM,KXATPCHALLENGERMATCH-26APR18REIKEN-REI,62,1485,no
2026-04-18 04:17:35 PM,KXATPCHALLENGERMATCH-26APR18REIKEN-REI,62,12,no
2026-04-18 04:17:35 PM,KXATPCHALLENGERMATCH-26APR18REIKEN-REI,61,5,no
2026-04-18 04:17:35 PM,KXATPCHALLENGERMATCH-26APR18REIKEN-REI,61,400,no
2026-04-18 04:17:35 PM,KXATPCHALLENGERMATCH-26APR18REIKEN-REI,61,2000,no
2026-04-18 04:17:36 PM,KXATPCHALLENGERMATCH-26APR18REIKEN-REI,59,5,no
2026-04-18 04:17:36 PM,KXATPCHALLENGERMATCH-26APR18REIKEN-REI,58,20,no
2026-04-18 04:17:36 PM,KXATPCHALLENGERMATCH-26APR18REIKEN-REI,57,32,no
2026-04-18 04:17:36 PM,KXATPCHALLENGERMATCH-26APR18REIKEN-REI,58,114,yes
2026-04-18 04:17:37 PM,KXATPCHALLENGERMATCH-26APR18REIKEN-REI,58,77,yes
2026-04-18 04:17:37 PM,KXATPCHALLENGERMATCH-26APR18REIKEN-REI,57,2,no
2026-04-18 04:17:37 PM,KXATPCHALLENGERMATCH-26APR18REIKEN-REI,56,156,no
2026-04-18 04:17:38 PM,KXATPCHALLENGERMATCH-26APR18REIKEN-REI,57,32,yes
2026-04-18 04:17:38 PM,KXATPCHALLENGERMATCH-26APR18REIKEN-REI,57,83,yes
2026-04-18 04:17:39 PM,KXATPCHALLENGERMATCH-26APR18REIKEN-REI,57,5,yes
2026-04-18 04:17:42 PM,KXATPCHALLENGERMATCH-26APR18REIKEN-REI,57,7,yes
2026-04-18 04:17:42 PM,KXATPCHALLENGERMATCH-26APR18REIKEN-REI,56,53,no
2026-04-18 04:17:43 PM,KXATPCHALLENGERMATCH-26APR18REIKEN-REI,57,80,yes
2026-04-18 04:17:43 PM,KXATPCHALLENGERMATCH-26APR18REIKEN-REI,57,0,yes
2026-04-18 04:17:45 PM,KXATPCHALLENGERMATCH-26APR18REIKEN-REI,56,7,no
2026-04-18 04:17:49 PM,KXATPCHALLENGERMATCH-26APR18REIKEN-REI,56,50,no
2026-04-18 04:17:49 PM,KXATPCHALLENGERMATCH-26APR18REIKEN-REI,55,50,no
2026-04-18 04:17:49 PM,KXATPCHALLENGERMATCH-26APR18REIKEN-REI,54,5,no
2026-04-18 04:17:49 PM,KXATPCHALLENGERMATCH-26APR18REIKEN-REI,54,27,no
2026-04-18 04:17:51 PM,KXATPCHALLENGERMATCH-26APR18REIKEN-REI,57,17,yes
2026-04-18 04:17:53 PM,KXATPCHALLENGERMATCH-26APR18REIKEN-REI,57,12,yes
2026-04-18 04:17:53 PM,KXATPCHALLENGERMATCH-26APR18REIKEN-REI,57,80,yes
2026-04-18 04:17:53 PM,KXATPCHALLENGERMATCH-26APR18REIKEN-REI,57,125,yes
2026-04-18 04:17:53 PM,KXATPCHALLENGERMATCH-26APR18REIKEN-REI,58,1,yes
2026-04-18 04:17:53 PM,KXATPCHALLENGERMATCH-26APR18REIKEN-REI,59,113,yes
2026-04-18 04:17:55 PM,KXATPCHALLENGERMATCH-26APR18REIKEN-REI,57,125,yes
2026-04-18 04:17:55 PM,KXATPCHALLENGERMATCH-26APR18REIKEN-REI,58,1,yes
2026-04-18 04:17:55 PM,KXATPCHALLENGERMATCH-26APR18REIKEN-REI,59,11,yes
2026-04-18 04:17:55 PM,KXATPCHALLENGERMATCH-26APR18REIKEN-REI,59,80,yes
2026-04-18 04:17:55 PM,KXATPCHALLENGERMATCH-26APR18REIKEN-REI,59,100,yes
2026-04-18 04:17:55 PM,KXATPCHALLENGERMATCH-26APR18REIKEN-REI,59,76,yes
2026-04-18 04:17:55 PM,KXATPCHALLENGERMATCH-26APR18REIKEN-REI,56,27,no
2026-04-18 04:17:55 PM,KXATPCHALLENGERMATCH-26APR18REIKEN-REI,57,125,yes
2026-04-18 04:17:55 PM,KXATPCHALLENGERMATCH-26APR18REIKEN-REI,57,125,no
2026-04-18 04:17:55 PM,KXATPCHALLENGERMATCH-26APR18REIKEN-REI,58,1,yes
2026-04-18 04:17:55 PM,KXATPCHALLENGERMATCH-26APR18REIKEN-REI,58,125,yes
2026-04-18 04:17:55 PM,KXATPCHALLENGERMATCH-26APR18REIKEN-REI,58,55,no
2026-04-18 04:17:56 PM,KXATPCHALLENGERMATCH-26APR18REIKEN-REI,59,1,yes
2026-04-18 04:17:56 PM,KXATPCHALLENGERMATCH-26APR18REIKEN-REI,60,125,yes
2026-04-18 04:17:56 PM,KXATPCHALLENGERMATCH-26APR18REIKEN-REI,60,80,yes
2026-04-18 04:17:56 PM,KXATPCHALLENGERMATCH-26APR18REIKEN-REI,60,1,yes
2026-04-18 04:17:56 PM,KXATPCHALLENGERMATCH-26APR18REIKEN-REI,61,80,yes
2026-04-18 04:17:56 PM,KXATPCHALLENGERMATCH-26APR18REIKEN-REI,61,125,yes
2026-04-18 04:17:56 PM,KXATPCHALLENGERMATCH-26APR18REIKEN-REI,62,35,yes
2026-04-18 04:18:02 PM,KXATPCHALLENGERMATCH-26APR18REIKEN-REI,63,400,no
2026-04-18 04:18:02 PM,KXATPCHALLENGERMATCH-26APR18REIKEN-REI,62,31,no
2026-04-18 04:18:03 PM,KXATPCHALLENGERMATCH-26APR18REIKEN-REI,63,81,yes
2026-04-18 04:18:03 PM,KXATPCHALLENGERMATCH-26APR18REIKEN-REI,63,0,yes
2026-04-18 04:18:04 PM,KXATPCHALLENGERMATCH-26APR18REIKEN-REI,62,750,no
2026-04-18 04:18:05 PM,KXATPCHALLENGERMATCH-26APR18REIKEN-REI,63,4954,yes
2026-04-18 04:18:05 PM,KXATPCHALLENGERMATCH-26APR18REIKEN-REI,62,56,no
2026-04-18 04:18:08 PM,KXATPCHALLENGERMATCH-26APR18REIKEN-REI,63,33,yes
2026-04-18 04:18:09 PM,KXATPCHALLENGERMATCH-26APR18REIKEN-REI,63,77,yes
2026-04-18 04:18:10 PM,KXATPCHALLENGERMATCH-26APR18REIKEN-REI,63,177,yes
2026-04-18 04:18:13 PM,KXATPCHALLENGERMATCH-26APR18REIKEN-REI,63,7,yes
2026-04-18 04:18:14 PM,KXATPCHALLENGERMATCH-26APR18REIKEN-REI,63,20,yes
2026-04-18 04:18:21 PM,KXATPCHALLENGERMATCH-26APR18REIKEN-REI,61,50,no
2026-04-18 04:18:22 PM,KXATPCHALLENGERMATCH-26APR18REIKEN-REI,64,1,yes
2026-04-18 04:18:22 PM,KXATPCHALLENGERMATCH-26APR18REIKEN-REI,64,10,yes
2026-04-18 04:18:22 PM,KXATPCHALLENGERMATCH-26APR18REIKEN-REI,65,33,yes
2026-04-18 04:18:22 PM,KXATPCHALLENGERMATCH-26APR18REIKEN-REI,65,100,yes
2026-04-18 04:18:22 PM,KXATPCHALLENGERMATCH-26APR18REIKEN-REI,66,30,yes
2026-04-18 04:18:22 PM,KXATPCHALLENGERMATCH-26APR18REIKEN-REI,66,30,yes
2026-04-18 04:18:22 PM,KXATPCHALLENGERMATCH-26APR18REIKEN-REI,66,50,yes
2026-04-18 04:18:22 PM,KXATPCHALLENGERMATCH-26APR18REIKEN-REI,66,100,yes
2026-04-18 04:18:22 PM,KXATPCHALLENGERMATCH-26APR18REIKEN-REI,66,100,yes
2026-04-18 04:18:22 PM,KXATPCHALLENGERMATCH-26APR18REIKEN-REI,66,10,yes
2026-04-18 04:18:22 PM,KXATPCHALLENGERMATCH-26APR18REIKEN-REI,67,400,yes
2026-04-18 04:18:22 PM,KXATPCHALLENGERMATCH-26APR18REIKEN-REI,67,100,yes
2026-04-18 04:18:22 PM,KXATPCHALLENGERMATCH-26APR18REIKEN-REI,66,300,yes
2026-04-18 04:18:22 PM,KXATPCHALLENGERMATCH-26APR18REIKEN-REI,66,1,yes
2026-04-18 04:18:22 PM,KXATPCHALLENGERMATCH-26APR18REIKEN-REI,67,50,yes
2026-04-18 04:18:23 PM,KXATPCHALLENGERMATCH-26APR18REIKEN-REI,68,400,yes
2026-04-18 04:18:23 PM,KXATPCHALLENGERMATCH-26APR18REIKEN-REI,68,100,yes
2026-04-18 04:18:23 PM,KXATPCHALLENGERMATCH-26APR18REIKEN-REI,68,400,yes
2026-04-18 04:18:23 PM,KXATPCHALLENGERMATCH-26APR18REIKEN-REI,68,1,yes
2026-04-18 04:18:23 PM,KXATPCHALLENGERMATCH-26APR18REIKEN-REI,68,50,yes
2026-04-18 04:18:23 PM,KXATPCHALLENGERMATCH-26APR18REIKEN-REI,69,45,yes
2026-04-18 04:18:23 PM,KXATPCHALLENGERMATCH-26APR18REIKEN-REI,69,823,yes
2026-04-18 04:18:23 PM,KXATPCHALLENGERMATCH-26APR18REIKEN-REI,69,1,yes
2026-04-18 04:18:23 PM,KXATPCHALLENGERMATCH-26APR18REIKEN-REI,70,21,yes
2026-04-18 04:18:23 PM,KXATPCHALLENGERMATCH-26APR18REIKEN-REI,71,501,yes
2026-04-18 04:18:26 PM,KXATPCHALLENGERMATCH-26APR18REIKEN-REI,72,1,yes
2026-04-18 04:18:27 PM,KXATPCHALLENGERMATCH-26APR18REIKEN-REI,70,448,no
2026-04-18 04:18:27 PM,KXATPCHALLENGERMATCH-26APR18REIKEN-REI,71,1,yes
2026-04-18 04:18:27 PM,KXATPCHALLENGERMATCH-26APR18REIKEN-REI,71,133,yes
2026-04-18 04:18:28 PM,KXATPCHALLENGERMATCH-26APR18REIKEN-REI,71,266,yes
2026-04-18 04:18:28 PM,KXATPCHALLENGERMATCH-26APR18REIKEN-REI,71,50,yes
2026-04-18 04:18:28 PM,KXATPCHALLENGERMATCH-26APR18REIKEN-REI,71,400,yes
2026-04-18 04:18:28 PM,KXATPCHALLENGERMATCH-26APR18REIKEN-REI,71,400,yes
2026-04-18 04:18:28 PM,KXATPCHALLENGERMATCH-26APR18REIKEN-REI,71,227,yes
2026-04-18 04:18:28 PM,KXATPCHALLENGERMATCH-26APR18REIKEN-REI,71,20,yes
2026-04-18 04:18:30 PM,KXATPCHALLENGERMATCH-26APR18REIKEN-REI,71,22,yes
2026-04-18 04:18:31 PM,KXATPCHALLENGERMATCH-26APR18REIKEN-REI,70,10,no
2026-04-18 04:18:34 PM,KXATPCHALLENGERMATCH-26APR18REIKEN-REI,70,803,no
2026-04-18 04:18:35 PM,KXATPCHALLENGERMATCH-26APR18REIKEN-REI,70,58,no
2026-04-18 04:18:35 PM,KXATPCHALLENGERMATCH-26APR18REIKEN-REI,71,4,yes
2026-04-18 04:18:36 PM,KXATPCHALLENGERMATCH-26APR18REIKEN-REI,70,1,no
2026-04-18 04:18:37 PM,KXATPCHALLENGERMATCH-26APR18REIKEN-REI,71,125,yes
2026-04-18 04:18:37 PM,KXATPCHALLENGERMATCH-26APR18REIKEN-REI,71,400,yes
2026-04-18 04:18:37 PM,KXATPCHALLENGERMATCH-26APR18REIKEN-REI,71,87,yes
2026-04-18 04:18:37 PM,KXATPCHALLENGERMATCH-26APR18REIKEN-REI,70,3500,no
2026-04-18 04:18:37 PM,KXATPCHALLENGERMATCH-26APR18REIKEN-REI,71,276,yes
2026-04-18 04:18:37 PM,KXATPCHALLENGERMATCH-26APR18REIKEN-REI,71,9,yes
2026-04-18 04:18:38 PM,KXATPCHALLENGERMATCH-26APR18REIKEN-REI,71,2,yes
2026-04-18 04:18:38 PM,KXATPCHALLENGERMATCH-26APR18REIKEN-REI,71,15,yes
2026-04-18 04:18:39 PM,KXATPCHALLENGERMATCH-26APR18REIKEN-REI,71,9,yes
2026-04-18 04:18:39 PM,KXATPCHALLENGERMATCH-26APR18REIKEN-REI,71,355,yes
2026-04-18 04:18:40 PM,KXATPCHALLENGERMATCH-26APR18REIKEN-REI,71,13,yes
2026-04-18 04:18:40 PM,KXATPCHALLENGERMATCH-26APR18REIKEN-REI,71,17,yes
2026-04-18 04:18:41 PM,KXATPCHALLENGERMATCH-26APR18REIKEN-REI,70,200,yes
2026-04-18 04:18:42 PM,KXATPCHALLENGERMATCH-26APR18REIKEN-REI,70,45,yes
2026-04-18 04:18:42 PM,KXATPCHALLENGERMATCH-26APR18REIKEN-REI,71,13,yes
2026-04-18 04:18:42 PM,KXATPCHALLENGERMATCH-26APR18REIKEN-REI,71,86,yes
2026-04-18 04:18:42 PM,KXATPCHALLENGERMATCH-26APR18REIKEN-REI,69,33,no
2026-04-18 04:18:43 PM,KXATPCHALLENGERMATCH-26APR18REIKEN-REI,71,69,yes
2026-04-18 04:18:44 PM,KXATPCHALLENGERMATCH-26APR18REIKEN-REI,70,62,no
2026-04-18 04:18:44 PM,KXATPCHALLENGERMATCH-26APR18REIKEN-REI,71,20,yes
2026-04-18 04:18:46 PM,KXATPCHALLENGERMATCH-26APR18REIKEN-REI,71,20,yes
2026-04-18 04:18:46 PM,KXATPCHALLENGERMATCH-26APR18REIKEN-REI,71,25,yes
2026-04-18 04:18:49 PM,KXATPCHALLENGERMATCH-26APR18REIKEN-REI,72,5,yes
2026-04-18 04:18:49 PM,KXATPCHALLENGERMATCH-26APR18REIKEN-REI,73,0,yes
2026-04-18 04:18:49 PM,KXATPCHALLENGERMATCH-26APR18REIKEN-REI,73,1,yes
2026-04-18 04:18:49 PM,KXATPCHALLENGERMATCH-26APR18REIKEN-REI,73,0,yes
