ts_et,ticker,price,count,taker_side
2026-04-18 04:07:20 PM,KXATPCHALLENGERMATCH-26APR18REIKEN-KEN,84,2,yes
2026-04-18 04:07:20 PM,KXATPCHALLENGERMATCH-26APR18REIKEN-KEN,84,135,yes
2026-04-18 04:07:20 PM,KXATPCHALLENGERMATCH-26APR18REIKEN-KEN,84,400,yes
2026-04-18 04:07:20 PM,KXATPCHALLENGERMATCH-26APR18REIKEN-KEN,84,400,yes
2026-04-18 04:07:20 PM,KXATPCHALLENGERMATCH-26APR18REIKEN-KEN,84,400,yes
2026-04-18 04:07:20 PM,KXATPCHALLENGERMATCH-26APR18REIKEN-KEN,84,685,yes
2026-04-18 04:07:20 PM,KXATPCHALLENGERMATCH-26APR18REIKEN-KEN,84,400,yes
2026-04-18 04:07:20 PM,KXATPCHALLENGERMATCH-26APR18REIKEN-KEN,84,400,yes
2026-04-18 04:07:20 PM,KXATPCHALLENGERMATCH-26APR18REIKEN-KEN,85,0,yes
2026-04-18 04:07:20 PM,KXATPCHALLENGERMATCH-26APR18REIKEN-KEN,84,122,no
2026-04-18 04:07:20 PM,KXATPCHALLENGERMATCH-26APR18REIKEN-KEN,85,345,yes
2026-04-18 04:07:23 PM,KXATPCHALLENGERMATCH-26APR18REIKEN-KEN,86,17,yes
2026-04-18 04:07:23 PM,KXATPCHALLENGERMATCH-26APR18REIKEN-KEN,86,50,yes
2026-04-18 04:07:23 PM,KXATPCHALLENGERMATCH-26APR18REIKEN-KEN,87,80,yes
2026-04-18 04:07:23 PM,KXATPCHALLENGERMATCH-26APR18REIKEN-KEN,87,400,yes
2026-04-18 04:07:23 PM,KXATPCHALLENGERMATCH-26APR18REIKEN-KEN,87,400,yes
2026-04-18 04:07:23 PM,KXATPCHALLENGERMATCH-26APR18REIKEN-KEN,87,45,yes
2026-04-18 04:07:23 PM,KXATPCHALLENGERMATCH-26APR18REIKEN-KEN,87,7,no
2026-04-18 04:07:23 PM,KXATPCHALLENGERMATCH-26APR18REIKEN-KEN,85,10,no
2026-04-18 04:07:23 PM,KXATPCHALLENGERMATCH-26APR18REIKEN-KEN,84,1002,no
2026-04-18 04:07:24 PM,KXATPCHALLENGERMATCH-26APR18REIKEN-KEN,84,186,no
2026-04-18 04:07:25 PM,KXATPCHALLENGERMATCH-26APR18REIKEN-KEN,86,50,yes
2026-04-18 04:07:25 PM,KXATPCHALLENGERMATCH-26APR18REIKEN-KEN,86,292,yes
2026-04-18 04:07:27 PM,KXATPCHALLENGERMATCH-26APR18REIKEN-KEN,86,2,yes
2026-04-18 04:07:28 PM,KXATPCHALLENGERMATCH-26APR18REIKEN-KEN,85,100,no
2026-04-18 04:07:30 PM,KXATPCHALLENGERMATCH-26APR18REIKEN-KEN,85,2,no
2026-04-18 04:07:31 PM,KXATPCHALLENGERMATCH-26APR18REIKEN-KEN,85,297,no
2026-04-18 04:07:31 PM,KXATPCHALLENGERMATCH-26APR18REIKEN-KEN,85,100,no
2026-04-18 04:07:31 PM,KXATPCHALLENGERMATCH-26APR18REIKEN-KEN,84,5867,no
2026-04-18 04:07:32 PM,KXATPCHALLENGERMATCH-26APR18REIKEN-KEN,82,7,no
2026-04-18 04:07:32 PM,KXATPCHALLENGERMATCH-26APR18REIKEN-KEN,82,73,yes
2026-04-18 04:07:32 PM,KXATPCHALLENGERMATCH-26APR18REIKEN-KEN,81,35,no
2026-04-18 04:07:32 PM,KXATPCHALLENGERMATCH-26APR18REIKEN-KEN,80,18,no
2026-04-18 04:07:32 PM,KXATPCHALLENGERMATCH-26APR18REIKEN-KEN,79,400,no
2026-04-18 04:07:32 PM,KXATPCHALLENGERMATCH-26APR18REIKEN-KEN,79,50,no
2026-04-18 04:07:32 PM,KXATPCHALLENGERMATCH-26APR18REIKEN-KEN,78,332,no
2026-04-18 04:07:33 PM,KXATPCHALLENGERMATCH-26APR18REIKEN-KEN,82,49,yes
2026-04-18 04:07:33 PM,KXATPCHALLENGERMATCH-26APR18REIKEN-KEN,82,9,yes
2026-04-18 04:07:33 PM,KXATPCHALLENGERMATCH-26APR18REIKEN-KEN,82,261,yes
2026-04-18 04:07:33 PM,KXATPCHALLENGERMATCH-26APR18REIKEN-KEN,82,400,yes
2026-04-18 04:07:33 PM,KXATPCHALLENGERMATCH-26APR18REIKEN-KEN,82,1720,yes
2026-04-18 04:07:34 PM,KXATPCHALLENGERMATCH-26APR18REIKEN-KEN,82,46,yes
2026-04-18 04:07:34 PM,KXATPCHALLENGERMATCH-26APR18REIKEN-KEN,82,100,yes
2026-04-18 04:07:34 PM,KXATPCHALLENGERMATCH-26APR18REIKEN-KEN,82,1500,yes
2026-04-18 04:07:34 PM,KXATPCHALLENGERMATCH-26APR18REIKEN-KEN,82,7147,yes
2026-04-18 04:07:34 PM,KXATPCHALLENGERMATCH-26APR18REIKEN-KEN,82,400,yes
2026-04-18 04:07:34 PM,KXATPCHALLENGERMATCH-26APR18REIKEN-KEN,82,400,yes
2026-04-18 04:07:34 PM,KXATPCHALLENGERMATCH-26APR18REIKEN-KEN,82,400,yes
2026-04-18 04:07:34 PM,KXATPCHALLENGERMATCH-26APR18REIKEN-KEN,82,400,yes
2026-04-18 04:07:34 PM,KXATPCHALLENGERMATCH-26APR18REIKEN-KEN,82,400,yes
2026-04-18 04:07:34 PM,KXATPCHALLENGERMATCH-26APR18REIKEN-KEN,82,400,yes
2026-04-18 04:07:34 PM,KXATPCHALLENGERMATCH-26APR18REIKEN-KEN,82,1000,yes
2026-04-18 04:07:34 PM,KXATPCHALLENGERMATCH-26APR18REIKEN-KEN,82,1000,yes
2026-04-18 04:07:34 PM,KXATPCHALLENGERMATCH-26APR18REIKEN-KEN,82,1000,yes
2026-04-18 04:07:34 PM,KXATPCHALLENGERMATCH-26APR18REIKEN-KEN,82,400,yes
2026-04-18 04:07:34 PM,KXATPCHALLENGERMATCH-26APR18REIKEN-KEN,82,50,yes
2026-04-18 04:07:34 PM,KXATPCHALLENGERMATCH-26APR18REIKEN-KEN,83,400,yes
2026-04-18 04:07:34 PM,KXATPCHALLENGERMATCH-26APR18REIKEN-KEN,83,400,yes
2026-04-18 04:07:34 PM,KXATPCHALLENGERMATCH-26APR18REIKEN-KEN,83,400,yes
2026-04-18 04:07:34 PM,KXATPCHALLENGERMATCH-26APR18REIKEN-KEN,83,400,yes
2026-04-18 04:07:34 PM,KXATPCHALLENGERMATCH-26APR18REIKEN-KEN,83,375,yes
2026-04-18 04:07:34 PM,KXATPCHALLENGERMATCH-26APR18REIKEN-KEN,83,1000,yes
2026-04-18 04:07:34 PM,KXATPCHALLENGERMATCH-26APR18REIKEN-KEN,83,1541,yes
2026-04-18 04:07:34 PM,KXATPCHALLENGERMATCH-26APR18REIKEN-KEN,83,150,yes
2026-04-18 04:07:34 PM,KXATPCHALLENGERMATCH-26APR18REIKEN-KEN,84,7406,yes
2026-04-18 04:07:34 PM,KXATPCHALLENGERMATCH-26APR18REIKEN-KEN,84,400,yes
2026-04-18 04:07:34 PM,KXATPCHALLENGERMATCH-26APR18REIKEN-KEN,84,400,yes
2026-04-18 04:07:34 PM,KXATPCHALLENGERMATCH-26APR18REIKEN-KEN,84,5068,yes
2026-04-18 04:07:34 PM,KXATPCHALLENGERMATCH-26APR18REIKEN-KEN,85,400,yes
2026-04-18 04:07:34 PM,KXATPCHALLENGERMATCH-26APR18REIKEN-KEN,85,6521,yes
2026-04-18 04:07:34 PM,KXATPCHALLENGERMATCH-26APR18REIKEN-KEN,85,10,yes
2026-04-18 04:07:34 PM,KXATPCHALLENGERMATCH-26APR18REIKEN-KEN,85,100,yes
2026-04-18 04:07:34 PM,KXATPCHALLENGERMATCH-26APR18REIKEN-KEN,86,80,yes
2026-04-18 04:07:34 PM,KXATPCHALLENGERMATCH-26APR18REIKEN-KEN,86,125,yes
2026-04-18 04:07:37 PM,KXATPCHALLENGERMATCH-26APR18REIKEN-KEN,81,300,yes
2026-04-18 04:07:37 PM,KXATPCHALLENGERMATCH-26APR18REIKEN-KEN,81,298,yes
2026-04-18 04:07:39 PM,KXATPCHALLENGERMATCH-26APR18REIKEN-KEN,81,1,yes
2026-04-18 04:07:40 PM,KXATPCHALLENGERMATCH-26APR18REIKEN-KEN,81,84,yes
2026-04-18 04:07:40 PM,KXATPCHALLENGERMATCH-26APR18REIKEN-KEN,81,96,yes
2026-04-18 04:07:42 PM,KXATPCHALLENGERMATCH-26APR18REIKEN-KEN,81,60,yes
2026-04-18 04:07:42 PM,KXATPCHALLENGERMATCH-26APR18REIKEN-KEN,81,20,yes
2026-04-18 04:07:42 PM,KXATPCHALLENGERMATCH-26APR18REIKEN-KEN,81,15,yes
2026-04-18 04:07:43 PM,KXATPCHALLENGERMATCH-26APR18REIKEN-KEN,80,1882,no
2026-04-18 04:07:43 PM,KXATPCHALLENGERMATCH-26APR18REIKEN-KEN,80,164,no
2026-04-18 04:07:43 PM,KXATPCHALLENGERMATCH-26APR18REIKEN-KEN,80,38,no
2026-04-18 04:07:44 PM,KXATPCHALLENGERMATCH-26APR18REIKEN-KEN,80,51,no
2026-04-18 04:07:44 PM,KXATPCHALLENGERMATCH-26APR18REIKEN-KEN,81,243,yes
2026-04-18 04:07:44 PM,KXATPCHALLENGERMATCH-26APR18REIKEN-KEN,80,1197,no
2026-04-18 04:07:45 PM,KXATPCHALLENGERMATCH-26APR18REIKEN-KEN,80,66,no
2026-04-18 04:07:45 PM,KXATPCHALLENGERMATCH-26APR18REIKEN-KEN,80,49,no
2026-04-18 04:07:45 PM,KXATPCHALLENGERMATCH-26APR18REIKEN-KEN,80,343,no
2026-04-18 04:07:45 PM,KXATPCHALLENGERMATCH-26APR18REIKEN-KEN,81,0,yes
2026-04-18 04:07:45 PM,KXATPCHALLENGERMATCH-26APR18REIKEN-KEN,81,60,yes
2026-04-18 04:07:46 PM,KXATPCHALLENGERMATCH-26APR18REIKEN-KEN,80,90,no
2026-04-18 04:07:46 PM,KXATPCHALLENGERMATCH-26APR18REIKEN-KEN,81,1,yes
2026-04-18 04:07:46 PM,KXATPCHALLENGERMATCH-26APR18REIKEN-KEN,81,91,yes
2026-04-18 04:07:47 PM,KXATPCHALLENGERMATCH-26APR18REIKEN-KEN,81,48,yes
2026-04-18 04:07:48 PM,KXATPCHALLENGERMATCH-26APR18REIKEN-KEN,81,750,yes
2026-04-18 04:07:49 PM,KXATPCHALLENGERMATCH-26APR18REIKEN-KEN,80,9,no
2026-04-18 04:07:49 PM,KXATPCHALLENGERMATCH-26APR18REIKEN-KEN,80,2,no
2026-04-18 04:07:49 PM,KXATPCHALLENGERMATCH-26APR18REIKEN-KEN,80,88,no
2026-04-18 04:07:49 PM,KXATPCHALLENGERMATCH-26APR18REIKEN-KEN,80,11,no
2026-04-18 04:07:50 PM,KXATPCHALLENGERMATCH-26APR18REIKEN-KEN,78,33,no
2026-04-18 04:07:50 PM,KXATPCHALLENGERMATCH-26APR18REIKEN-KEN,78,400,no
2026-04-18 04:07:50 PM,KXATPCHALLENGERMATCH-26APR18REIKEN-KEN,77,42,no
2026-04-18 04:07:51 PM,KXATPCHALLENGERMATCH-26APR18REIKEN-KEN,80,10,yes
2026-04-18 04:07:51 PM,KXATPCHALLENGERMATCH-26APR18REIKEN-KEN,78,83,no
2026-04-18 04:07:51 PM,KXATPCHALLENGERMATCH-26APR18REIKEN-KEN,78,11,no
2026-04-18 04:07:51 PM,KXATPCHALLENGERMATCH-26APR18REIKEN-KEN,77,7,no
2026-04-18 04:07:51 PM,KXATPCHALLENGERMATCH-26APR18REIKEN-KEN,77,74,no
2026-04-18 04:07:51 PM,KXATPCHALLENGERMATCH-26APR18REIKEN-KEN,75,200,no
2026-04-18 04:07:51 PM,KXATPCHALLENGERMATCH-26APR18REIKEN-KEN,74,258,no
2026-04-18 04:07:52 PM,KXATPCHALLENGERMATCH-26APR18REIKEN-KEN,80,24,yes
2026-04-18 04:07:52 PM,KXATPCHALLENGERMATCH-26APR18REIKEN-KEN,78,13,no
2026-04-18 04:07:53 PM,KXATPCHALLENGERMATCH-26APR18REIKEN-KEN,78,34,no
2026-04-18 04:07:53 PM,KXATPCHALLENGERMATCH-26APR18REIKEN-KEN,77,50,no
2026-04-18 04:07:53 PM,KXATPCHALLENGERMATCH-26APR18REIKEN-KEN,77,58,no
2026-04-18 04:07:54 PM,KXATPCHALLENGERMATCH-26APR18REIKEN-KEN,79,39,no
2026-04-18 04:07:56 PM,KXATPCHALLENGERMATCH-26APR18REIKEN-KEN,79,0,no
2026-04-18 04:07:56 PM,KXATPCHALLENGERMATCH-26APR18REIKEN-KEN,79,9,no
2026-04-18 04:07:56 PM,KXATPCHALLENGERMATCH-26APR18REIKEN-KEN,79,100,no
2026-04-18 04:07:56 PM,KXATPCHALLENGERMATCH-26APR18REIKEN-KEN,77,400,no
2026-04-18 04:07:56 PM,KXATPCHALLENGERMATCH-26APR18REIKEN-KEN,76,300,no
2026-04-18 04:07:56 PM,KXATPCHALLENGERMATCH-26APR18REIKEN-KEN,76,400,no
2026-04-18 04:07:56 PM,KXATPCHALLENGERMATCH-26APR18REIKEN-KEN,75,200,no
2026-04-18 04:07:56 PM,KXATPCHALLENGERMATCH-26APR18REIKEN-KEN,75,400,no
2026-04-18 04:07:56 PM,KXATPCHALLENGERMATCH-26APR18REIKEN-KEN,74,1117,no
2026-04-18 04:07:56 PM,KXATPCHALLENGERMATCH-26APR18REIKEN-KEN,79,10,yes
2026-04-18 04:07:58 PM,KXATPCHALLENGERMATCH-26APR18REIKEN-KEN,72,7,yes
2026-04-18 04:07:58 PM,KXATPCHALLENGERMATCH-26APR18REIKEN-KEN,71,685,yes
2026-04-18 04:07:58 PM,KXATPCHALLENGERMATCH-26APR18REIKEN-KEN,72,1,yes
2026-04-18 04:07:58 PM,KXATPCHALLENGERMATCH-26APR18REIKEN-KEN,72,5,yes
2026-04-18 04:08:00 PM,KXATPCHALLENGERMATCH-26APR18REIKEN-KEN,70,50,no
2026-04-18 04:08:00 PM,KXATPCHALLENGERMATCH-26APR18REIKEN-KEN,70,35,no
2026-04-18 04:08:00 PM,KXATPCHALLENGERMATCH-26APR18REIKEN-KEN,70,75,no
2026-04-18 04:08:00 PM,KXATPCHALLENGERMATCH-26APR18REIKEN-KEN,72,7,yes
2026-04-18 04:08:01 PM,KXATPCHALLENGERMATCH-26APR18REIKEN-KEN,72,6,yes
2026-04-18 04:08:01 PM,KXATPCHALLENGERMATCH-26APR18REIKEN-KEN,72,13,yes
2026-04-18 04:08:01 PM,KXATPCHALLENGERMATCH-26APR18REIKEN-KEN,72,0,yes
2026-04-18 04:08:01 PM,KXATPCHALLENGERMATCH-26APR18REIKEN-KEN,72,9,yes
2026-04-18 04:08:01 PM,KXATPCHALLENGERMATCH-26APR18REIKEN-KEN,72,234,yes
2026-04-18 04:08:03 PM,KXATPCHALLENGERMATCH-26APR18REIKEN-KEN,72,165,yes
2026-04-18 04:08:03 PM,KXATPCHALLENGERMATCH-26APR18REIKEN-KEN,72,400,yes
2026-04-18 04:08:03 PM,KXATPCHALLENGERMATCH-26APR18REIKEN-KEN,72,400,yes
2026-04-18 04:08:03 PM,KXATPCHALLENGERMATCH-26APR18REIKEN-KEN,72,396,yes
2026-04-18 04:08:04 PM,KXATPCHALLENGERMATCH-26APR18REIKEN-KEN,71,80,yes
2026-04-18 04:08:04 PM,KXATPCHALLENGERMATCH-26APR18REIKEN-KEN,71,424,yes
2026-04-18 04:08:04 PM,KXATPCHALLENGERMATCH-26APR18REIKEN-KEN,70,16,no
2026-04-18 04:08:04 PM,KXATPCHALLENGERMATCH-26APR18REIKEN-KEN,70,308,no
2026-04-18 04:08:04 PM,KXATPCHALLENGERMATCH-26APR18REIKEN-KEN,70,253,no
2026-04-18 04:08:05 PM,KXATPCHALLENGERMATCH-26APR18REIKEN-KEN,70,504,no
2026-04-18 04:08:05 PM,KXATPCHALLENGERMATCH-26APR18REIKEN-KEN,71,2,yes
2026-04-18 04:08:05 PM,KXATPCHALLENGERMATCH-26APR18REIKEN-KEN,70,1109,no
2026-04-18 04:08:06 PM,KXATPCHALLENGERMATCH-26APR18REIKEN-KEN,70,161,no
2026-04-18 04:08:06 PM,KXATPCHALLENGERMATCH-26APR18REIKEN-KEN,70,1058,no
2026-04-18 04:08:07 PM,KXATPCHALLENGERMATCH-26APR18REIKEN-KEN,70,426,no
2026-04-18 04:08:07 PM,KXATPCHALLENGERMATCH-26APR18REIKEN-KEN,70,3,no
2026-04-18 04:08:07 PM,KXATPCHALLENGERMATCH-26APR18REIKEN-KEN,70,3063,no
2026-04-18 04:08:07 PM,KXATPCHALLENGERMATCH-26APR18REIKEN-KEN,70,53,no
2026-04-18 04:08:07 PM,KXATPCHALLENGERMATCH-26APR18REIKEN-KEN,70,182,no
2026-04-18 04:08:08 PM,KXATPCHALLENGERMATCH-26APR18REIKEN-KEN,71,10,yes
2026-04-18 04:08:09 PM,KXATPCHALLENGERMATCH-26APR18REIKEN-KEN,70,300,no
2026-04-18 04:08:09 PM,KXATPCHALLENGERMATCH-26APR18REIKEN-KEN,70,50,no
2026-04-18 04:08:09 PM,KXATPCHALLENGERMATCH-26APR18REIKEN-KEN,70,100,no
2026-04-18 04:08:09 PM,KXATPCHALLENGERMATCH-26APR18REIKEN-KEN,70,400,no
2026-04-18 04:08:09 PM,KXATPCHALLENGERMATCH-26APR18REIKEN-KEN,69,400,no
2026-04-18 04:08:09 PM,KXATPCHALLENGERMATCH-26APR18REIKEN-KEN,69,947,no
2026-04-18 04:08:09 PM,KXATPCHALLENGERMATCH-26APR18REIKEN-KEN,71,2,yes
2026-04-18 04:08:10 PM,KXATPCHALLENGERMATCH-26APR18REIKEN-KEN,71,68,yes
2026-04-18 04:08:12 PM,KXATPCHALLENGERMATCH-26APR18REIKEN-KEN,70,218,no
2026-04-18 04:08:12 PM,KXATPCHALLENGERMATCH-26APR18REIKEN-KEN,71,1,yes
2026-04-18 04:08:12 PM,KXATPCHALLENGERMATCH-26APR18REIKEN-KEN,71,5,yes
2026-04-18 04:08:13 PM,KXATPCHALLENGERMATCH-26APR18REIKEN-KEN,69,48,no
2026-04-18 04:08:13 PM,KXATPCHALLENGERMATCH-26APR18REIKEN-KEN,69,101,no
2026-04-18 04:08:13 PM,KXATPCHALLENGERMATCH-26APR18REIKEN-KEN,68,14,no
2026-04-18 04:08:16 PM,KXATPCHALLENGERMATCH-26APR18REIKEN-KEN,70,1,yes
2026-04-18 04:08:16 PM,KXATPCHALLENGERMATCH-26APR18REIKEN-KEN,69,50,no
2026-04-18 04:08:16 PM,KXATPCHALLENGERMATCH-26APR18REIKEN-KEN,68,150,no
2026-04-18 04:08:16 PM,KXATPCHALLENGERMATCH-26APR18REIKEN-KEN,66,200,no
2026-04-18 04:08:16 PM,KXATPCHALLENGERMATCH-26APR18REIKEN-KEN,63,286,no
2026-04-18 04:08:17 PM,KXATPCHALLENGERMATCH-26APR18REIKEN-KEN,69,12,yes
2026-04-18 04:08:17 PM,KXATPCHALLENGERMATCH-26APR18REIKEN-KEN,70,13,yes
2026-04-18 04:08:17 PM,KXATPCHALLENGERMATCH-26APR18REIKEN-KEN,68,50,no
2026-04-18 04:08:17 PM,KXATPCHALLENGERMATCH-26APR18REIKEN-KEN,67,112,no
2026-04-18 04:08:17 PM,KXATPCHALLENGERMATCH-26APR18REIKEN-KEN,66,400,no
2026-04-18 04:08:17 PM,KXATPCHALLENGERMATCH-26APR18REIKEN-KEN,65,400,no
2026-04-18 04:08:17 PM,KXATPCHALLENGERMATCH-26APR18REIKEN-KEN,65,300,no
2026-04-18 04:08:17 PM,KXATPCHALLENGERMATCH-26APR18REIKEN-KEN,64,201,no
2026-04-18 04:08:20 PM,KXATPCHALLENGERMATCH-26APR18REIKEN-KEN,67,10,yes
2026-04-18 04:08:20 PM,KXATPCHALLENGERMATCH-26APR18REIKEN-KEN,67,45,yes
2026-04-18 04:08:20 PM,KXATPCHALLENGERMATCH-26APR18REIKEN-KEN,66,200,yes
2026-04-18 04:08:21 PM,KXATPCHALLENGERMATCH-26APR18REIKEN-KEN,67,54,yes
2026-04-18 04:08:21 PM,KXATPCHALLENGERMATCH-26APR18REIKEN-KEN,67,80,yes
2026-04-18 04:08:24 PM,KXATPCHALLENGERMATCH-26APR18REIKEN-KEN,68,6,yes
2026-04-18 04:08:25 PM,KXATPCHALLENGERMATCH-26APR18REIKEN-KEN,68,61,yes
2026-04-18 04:08:26 PM,KXATPCHALLENGERMATCH-26APR18REIKEN-KEN,69,50,no
2026-04-18 04:08:26 PM,KXATPCHALLENGERMATCH-26APR18REIKEN-KEN,68,80,no
2026-04-18 04:08:26 PM,KXATPCHALLENGERMATCH-26APR18REIKEN-KEN,66,37,no
2026-04-18 04:08:26 PM,KXATPCHALLENGERMATCH-26APR18REIKEN-KEN,67,16,no
2026-04-18 04:08:26 PM,KXATPCHALLENGERMATCH-26APR18REIKEN-KEN,66,20,no
2026-04-18 04:08:26 PM,KXATPCHALLENGERMATCH-26APR18REIKEN-KEN,66,150,no
2026-04-18 04:08:26 PM,KXATPCHALLENGERMATCH-26APR18REIKEN-KEN,66,400,no
2026-04-18 04:08:26 PM,KXATPCHALLENGERMATCH-26APR18REIKEN-KEN,65,35,no
2026-04-18 04:08:26 PM,KXATPCHALLENGERMATCH-26APR18REIKEN-KEN,65,177,no
2026-04-18 04:08:27 PM,KXATPCHALLENGERMATCH-26APR18REIKEN-KEN,63,4,no
2026-04-18 04:08:27 PM,KXATPCHALLENGERMATCH-26APR18REIKEN-KEN,61,14,yes
2026-04-18 04:08:28 PM,KXATPCHALLENGERMATCH-26APR18REIKEN-KEN,60,5,yes
2026-04-18 04:08:28 PM,KXATPCHALLENGERMATCH-26APR18REIKEN-KEN,61,30,yes
2026-04-18 04:08:29 PM,KXATPCHALLENGERMATCH-26APR18REIKEN-KEN,58,20,no
2026-04-18 04:08:29 PM,KXATPCHALLENGERMATCH-26APR18REIKEN-KEN,58,10,no
2026-04-18 04:08:29 PM,KXATPCHALLENGERMATCH-26APR18REIKEN-KEN,58,21,no
2026-04-18 04:08:29 PM,KXATPCHALLENGERMATCH-26APR18REIKEN-KEN,57,155,no
2026-04-18 04:08:31 PM,KXATPCHALLENGERMATCH-26APR18REIKEN-KEN,59,1,yes
2026-04-18 04:08:32 PM,KXATPCHALLENGERMATCH-26APR18REIKEN-KEN,59,8,yes
2026-04-18 04:08:33 PM,KXATPCHALLENGERMATCH-26APR18REIKEN-KEN,59,5,yes
2026-04-18 04:08:33 PM,KXATPCHALLENGERMATCH-26APR18REIKEN-KEN,58,69,no
2026-04-18 04:08:35 PM,KXATPCHALLENGERMATCH-26APR18REIKEN-KEN,58,53,no
2026-04-18 04:08:36 PM,KXATPCHALLENGERMATCH-26APR18REIKEN-KEN,58,20,no
2026-04-18 04:08:37 PM,KXATPCHALLENGERMATCH-26APR18REIKEN-KEN,58,67,no
2026-04-18 04:08:37 PM,KXATPCHALLENGERMATCH-26APR18REIKEN-KEN,58,52,no
2026-04-18 04:08:37 PM,KXATPCHALLENGERMATCH-26APR18REIKEN-KEN,58,4377,no
2026-04-18 04:08:38 PM,KXATPCHALLENGERMATCH-26APR18REIKEN-KEN,59,123,yes
2026-04-18 04:08:38 PM,KXATPCHALLENGERMATCH-26APR18REIKEN-KEN,58,565,no
2026-04-18 04:08:39 PM,KXATPCHALLENGERMATCH-26APR18REIKEN-KEN,59,261,yes
2026-04-18 04:08:39 PM,KXATPCHALLENGERMATCH-26APR18REIKEN-KEN,59,400,yes
2026-04-18 04:08:39 PM,KXATPCHALLENGERMATCH-26APR18REIKEN-KEN,59,138,yes
2026-04-18 04:08:39 PM,KXATPCHALLENGERMATCH-26APR18REIKEN-KEN,58,20,no
2026-04-18 04:08:39 PM,KXATPCHALLENGERMATCH-26APR18REIKEN-KEN,58,22,no
2026-04-18 04:08:40 PM,KXATPCHALLENGERMATCH-26APR18REIKEN-KEN,59,13,yes
2026-04-18 04:08:40 PM,KXATPCHALLENGERMATCH-26APR18REIKEN-KEN,58,28,no
2026-04-18 04:08:42 PM,KXATPCHALLENGERMATCH-26APR18REIKEN-KEN,58,53,no
2026-04-18 04:08:42 PM,KXATPCHALLENGERMATCH-26APR18REIKEN-KEN,58,100,yes
2026-04-18 04:08:42 PM,KXATPCHALLENGERMATCH-26APR18REIKEN-KEN,58,28,yes
2026-04-18 04:08:42 PM,KXATPCHALLENGERMATCH-26APR18REIKEN-KEN,58,9,yes
2026-04-18 04:08:43 PM,KXATPCHALLENGERMATCH-26APR18REIKEN-KEN,58,5,yes
2026-04-18 04:08:43 PM,KXATPCHALLENGERMATCH-26APR18REIKEN-KEN,56,4,no
2026-04-18 04:08:45 PM,KXATPCHALLENGERMATCH-26APR18REIKEN-KEN,58,3,yes
2026-04-18 04:08:45 PM,KXATPCHALLENGERMATCH-26APR18REIKEN-KEN,57,1,yes
2026-04-18 04:08:45 PM,KXATPCHALLENGERMATCH-26APR18REIKEN-KEN,56,46,no
2026-04-18 04:08:45 PM,KXATPCHALLENGERMATCH-26APR18REIKEN-KEN,56,48,no
2026-04-18 04:08:46 PM,KXATPCHALLENGERMATCH-26APR18REIKEN-KEN,56,340,no
2026-04-18 04:08:46 PM,KXATPCHALLENGERMATCH-26APR18REIKEN-KEN,56,11,no
2026-04-18 04:08:46 PM,KXATPCHALLENGERMATCH-26APR18REIKEN-KEN,55,3,no
2026-04-18 04:08:46 PM,KXATPCHALLENGERMATCH-26APR18REIKEN-KEN,55,115,no
2026-04-18 04:08:47 PM,KXATPCHALLENGERMATCH-26APR18REIKEN-KEN,55,280,no
2026-04-18 04:08:47 PM,KXATPCHALLENGERMATCH-26APR18REIKEN-KEN,54,400,no
2026-04-18 04:08:47 PM,KXATPCHALLENGERMATCH-26APR18REIKEN-KEN,54,1244,no
2026-04-18 04:08:47 PM,KXATPCHALLENGERMATCH-26APR18REIKEN-KEN,51,200,no
2026-04-18 04:08:47 PM,KXATPCHALLENGERMATCH-26APR18REIKEN-KEN,50,21,no
2026-04-18 04:08:48 PM,KXATPCHALLENGERMATCH-26APR18REIKEN-KEN,56,17,yes
2026-04-18 04:08:49 PM,KXATPCHALLENGERMATCH-26APR18REIKEN-KEN,53,118,no
2026-04-18 04:08:49 PM,KXATPCHALLENGERMATCH-26APR18REIKEN-KEN,55,50,no
2026-04-18 04:08:49 PM,KXATPCHALLENGERMATCH-26APR18REIKEN-KEN,53,181,no
2026-04-18 04:08:49 PM,KXATPCHALLENGERMATCH-26APR18REIKEN-KEN,53,80,no
2026-04-18 04:08:49 PM,KXATPCHALLENGERMATCH-26APR18REIKEN-KEN,53,26,no
2026-04-18 04:08:49 PM,KXATPCHALLENGERMATCH-26APR18REIKEN-KEN,52,150,no
2026-04-18 04:08:49 PM,KXATPCHALLENGERMATCH-26APR18REIKEN-KEN,52,200,no
2026-04-18 04:08:49 PM,KXATPCHALLENGERMATCH-26APR18REIKEN-KEN,51,685,no
2026-04-18 04:08:49 PM,KXATPCHALLENGERMATCH-26APR18REIKEN-KEN,50,1067,no
2026-04-18 04:08:49 PM,KXATPCHALLENGERMATCH-26APR18REIKEN-KEN,56,0,yes
2026-04-18 04:08:51 PM,KXATPCHALLENGERMATCH-26APR18REIKEN-KEN,56,1,yes
2026-04-18 04:08:51 PM,KXATPCHALLENGERMATCH-26APR18REIKEN-KEN,56,18,yes
2026-04-18 04:08:51 PM,KXATPCHALLENGERMATCH-26APR18REIKEN-KEN,56,22,yes
2026-04-18 04:08:51 PM,KXATPCHALLENGERMATCH-26APR18REIKEN-KEN,56,35,yes
2026-04-18 04:08:51 PM,KXATPCHALLENGERMATCH-26APR18REIKEN-KEN,56,80,yes
2026-04-18 04:08:52 PM,KXATPCHALLENGERMATCH-26APR18REIKEN-KEN,52,150,no
2026-04-18 04:08:54 PM,KXATPCHALLENGERMATCH-26APR18REIKEN-KEN,55,8,yes
2026-04-18 04:08:55 PM,KXATPCHALLENGERMATCH-26APR18REIKEN-KEN,54,35,yes
2026-04-18 04:08:56 PM,KXATPCHALLENGERMATCH-26APR18REIKEN-KEN,54,14,yes
2026-04-18 04:08:56 PM,KXATPCHALLENGERMATCH-26APR18REIKEN-KEN,54,3,yes
2026-04-18 04:08:56 PM,KXATPCHALLENGERMATCH-26APR18REIKEN-KEN,55,11,yes
2026-04-18 04:08:56 PM,KXATPCHALLENGERMATCH-26APR18REIKEN-KEN,55,23,yes
2026-04-18 04:08:56 PM,KXATPCHALLENGERMATCH-26APR18REIKEN-KEN,55,21,yes
2026-04-18 04:08:57 PM,KXATPCHALLENGERMATCH-26APR18REIKEN-KEN,51,50,no
2026-04-18 04:08:57 PM,KXATPCHALLENGERMATCH-26APR18REIKEN-KEN,50,80,no
2026-04-18 04:08:57 PM,KXATPCHALLENGERMATCH-26APR18REIKEN-KEN,48,5,no
2026-04-18 04:08:57 PM,KXATPCHALLENGERMATCH-26APR18REIKEN-KEN,48,16,no
2026-04-18 04:08:57 PM,KXATPCHALLENGERMATCH-26APR18REIKEN-KEN,48,6,no
2026-04-18 04:08:57 PM,KXATPCHALLENGERMATCH-26APR18REIKEN-KEN,47,33,no
2026-04-18 04:08:57 PM,KXATPCHALLENGERMATCH-26APR18REIKEN-KEN,47,80,no
2026-04-18 04:08:59 PM,KXATPCHALLENGERMATCH-26APR18REIKEN-KEN,55,35,yes
2026-04-18 04:08:59 PM,KXATPCHALLENGERMATCH-26APR18REIKEN-KEN,55,6,yes
2026-04-18 04:08:59 PM,KXATPCHALLENGERMATCH-26APR18REIKEN-KEN,55,150,yes
2026-04-18 04:08:59 PM,KXATPCHALLENGERMATCH-26APR18REIKEN-KEN,56,65,yes
2026-04-18 04:08:59 PM,KXATPCHALLENGERMATCH-26APR18REIKEN-KEN,56,80,yes
2026-04-18 04:08:59 PM,KXATPCHALLENGERMATCH-26APR18REIKEN-KEN,57,80,yes
2026-04-18 04:08:59 PM,KXATPCHALLENGERMATCH-26APR18REIKEN-KEN,57,400,yes
2026-04-18 04:08:59 PM,KXATPCHALLENGERMATCH-26APR18REIKEN-KEN,57,10,yes
2026-04-18 04:08:59 PM,KXATPCHALLENGERMATCH-26APR18REIKEN-KEN,57,100,yes
2026-04-18 04:08:59 PM,KXATPCHALLENGERMATCH-26APR18REIKEN-KEN,57,200,yes
2026-04-18 04:08:59 PM,KXATPCHALLENGERMATCH-26APR18REIKEN-KEN,58,703,yes
2026-04-18 04:08:59 PM,KXATPCHALLENGERMATCH-26APR18REIKEN-KEN,58,327,yes
2026-04-18 04:09:00 PM,KXATPCHALLENGERMATCH-26APR18REIKEN-KEN,55,300,yes
2026-04-18 04:09:00 PM,KXATPCHALLENGERMATCH-26APR18REIKEN-KEN,55,17,yes
2026-04-18 04:09:00 PM,KXATPCHALLENGERMATCH-26APR18REIKEN-KEN,58,1,yes
2026-04-18 04:09:00 PM,KXATPCHALLENGERMATCH-26APR18REIKEN-KEN,59,1,yes
2026-04-18 04:09:00 PM,KXATPCHALLENGERMATCH-26APR18REIKEN-KEN,59,35,yes
2026-04-18 04:09:00 PM,KXATPCHALLENGERMATCH-26APR18REIKEN-KEN,61,1,yes
2026-04-18 04:09:00 PM,KXATPCHALLENGERMATCH-26APR18REIKEN-KEN,61,684,yes
2026-04-18 04:09:00 PM,KXATPCHALLENGERMATCH-26APR18REIKEN-KEN,61,1,yes
2026-04-18 04:09:00 PM,KXATPCHALLENGERMATCH-26APR18REIKEN-KEN,62,306,yes
2026-04-18 04:09:00 PM,KXATPCHALLENGERMATCH-26APR18REIKEN-KEN,62,35,yes
2026-04-18 04:09:00 PM,KXATPCHALLENGERMATCH-26APR18REIKEN-KEN,59,1,no
2026-04-18 04:09:00 PM,KXATPCHALLENGERMATCH-26APR18REIKEN-KEN,62,205,yes
2026-04-18 04:09:00 PM,KXATPCHALLENGERMATCH-26APR18REIKEN-KEN,62,1,yes
2026-04-18 04:09:00 PM,KXATPCHALLENGERMATCH-26APR18REIKEN-KEN,64,60,yes
2026-04-18 04:09:00 PM,KXATPCHALLENGERMATCH-26APR18REIKEN-KEN,68,200,yes
2026-04-18 04:09:02 PM,KXATPCHALLENGERMATCH-26APR18REIKEN-KEN,68,13,no
2026-04-18 04:09:02 PM,KXATPCHALLENGERMATCH-26APR18REIKEN-KEN,69,1000,yes
2026-04-18 04:09:02 PM,KXATPCHALLENGERMATCH-26APR18REIKEN-KEN,69,1,yes
2026-04-18 04:09:02 PM,KXATPCHALLENGERMATCH-26APR18REIKEN-KEN,69,35,yes
2026-04-18 04:09:03 PM,KXATPCHALLENGERMATCH-26APR18REIKEN-KEN,70,84,yes
2026-04-18 04:09:03 PM,KXATPCHALLENGERMATCH-26APR18REIKEN-KEN,70,1,yes
2026-04-18 04:09:05 PM,KXATPCHALLENGERMATCH-26APR18REIKEN-KEN,70,30,no
2026-04-18 04:09:06 PM,KXATPCHALLENGERMATCH-26APR18REIKEN-KEN,70,151,no
2026-04-18 04:09:06 PM,KXATPCHALLENGERMATCH-26APR18REIKEN-KEN,70,41,no
2026-04-18 04:09:06 PM,KXATPCHALLENGERMATCH-26APR18REIKEN-KEN,71,345,yes
2026-04-18 04:09:06 PM,KXATPCHALLENGERMATCH-26APR18REIKEN-KEN,70,92,no
2026-04-18 04:09:06 PM,KXATPCHALLENGERMATCH-26APR18REIKEN-KEN,70,5389,no
2026-04-18 04:09:09 PM,KXATPCHALLENGERMATCH-26APR18REIKEN-KEN,70,9,no
2026-04-18 04:09:09 PM,KXATPCHALLENGERMATCH-26APR18REIKEN-KEN,70,10,no
2026-04-18 04:09:10 PM,KXATPCHALLENGERMATCH-26APR18REIKEN-KEN,70,29,no
2026-04-18 04:09:10 PM,KXATPCHALLENGERMATCH-26APR18REIKEN-KEN,70,199,no
2026-04-18 04:09:10 PM,KXATPCHALLENGERMATCH-26APR18REIKEN-KEN,69,692,no
2026-04-18 04:09:10 PM,KXATPCHALLENGERMATCH-26APR18REIKEN-KEN,70,100,yes
2026-04-18 04:09:10 PM,KXATPCHALLENGERMATCH-26APR18REIKEN-KEN,70,35,yes
2026-04-18 04:09:11 PM,KXATPCHALLENGERMATCH-26APR18REIKEN-KEN,71,15,yes
2026-04-18 04:09:11 PM,KXATPCHALLENGERMATCH-26APR18REIKEN-KEN,70,45,no
2026-04-18 04:09:11 PM,KXATPCHALLENGERMATCH-26APR18REIKEN-KEN,70,220,no
2026-04-18 04:09:11 PM,KXATPCHALLENGERMATCH-26APR18REIKEN-KEN,69,346,no
2026-04-18 04:09:12 PM,KXATPCHALLENGERMATCH-26APR18REIKEN-KEN,71,136,yes
2026-04-18 04:09:12 PM,KXATPCHALLENGERMATCH-26APR18REIKEN-KEN,69,75,no
2026-04-18 04:09:13 PM,KXATPCHALLENGERMATCH-26APR18REIKEN-KEN,70,16,yes
2026-04-18 04:09:14 PM,KXATPCHALLENGERMATCH-26APR18REIKEN-KEN,71,144,yes
2026-04-18 04:09:18 PM,KXATPCHALLENGERMATCH-26APR18REIKEN-KEN,70,50,no
2026-04-18 04:09:18 PM,KXATPCHALLENGERMATCH-26APR18REIKEN-KEN,70,86,no
2026-04-18 04:09:19 PM,KXATPCHALLENGERMATCH-26APR18REIKEN-KEN,70,25,no
2026-04-18 04:09:19 PM,KXATPCHALLENGERMATCH-26APR18REIKEN-KEN,70,288,no
2026-04-18 04:09:19 PM,KXATPCHALLENGERMATCH-26APR18REIKEN-KEN,70,20,no
2026-04-18 04:09:19 PM,KXATPCHALLENGERMATCH-26APR18REIKEN-KEN,69,191,no
2026-04-18 04:09:19 PM,KXATPCHALLENGERMATCH-26APR18REIKEN-KEN,69,164,no
2026-04-18 04:09:20 PM,KXATPCHALLENGERMATCH-26APR18REIKEN-KEN,71,15,yes
2026-04-18 04:09:20 PM,KXATPCHALLENGERMATCH-26APR18REIKEN-KEN,71,4,yes
2026-04-18 04:09:21 PM,KXATPCHALLENGERMATCH-26APR18REIKEN-KEN,69,103,no
2026-04-18 04:09:25 PM,KXATPCHALLENGERMATCH-26APR18REIKEN-KEN,71,8,yes
2026-04-18 04:09:25 PM,KXATPCHALLENGERMATCH-26APR18REIKEN-KEN,71,10,yes
2026-04-18 04:09:25 PM,KXATPCHALLENGERMATCH-26APR18REIKEN-KEN,71,52,yes
2026-04-18 04:09:26 PM,KXATPCHALLENGERMATCH-26APR18REIKEN-KEN,67,4,no
2026-04-18 04:09:26 PM,KXATPCHALLENGERMATCH-26APR18REIKEN-KEN,67,30,no
2026-04-18 04:09:26 PM,KXATPCHALLENGERMATCH-26APR18REIKEN-KEN,71,31,yes
2026-04-18 04:09:27 PM,KXATPCHALLENGERMATCH-26APR18REIKEN-KEN,71,116,yes
2026-04-18 04:09:27 PM,KXATPCHALLENGERMATCH-26APR18REIKEN-KEN,71,10,yes
2026-04-18 04:09:27 PM,KXATPCHALLENGERMATCH-26APR18REIKEN-KEN,72,186,yes
2026-04-18 04:09:28 PM,KXATPCHALLENGERMATCH-26APR18REIKEN-KEN,69,50,no
2026-04-18 04:09:28 PM,KXATPCHALLENGERMATCH-26APR18REIKEN-KEN,68,400,no
2026-04-18 04:09:28 PM,KXATPCHALLENGERMATCH-26APR18REIKEN-KEN,68,111,no
2026-04-18 04:09:28 PM,KXATPCHALLENGERMATCH-26APR18REIKEN-KEN,72,50,yes
2026-04-18 04:09:28 PM,KXATPCHALLENGERMATCH-26APR18REIKEN-KEN,72,35,yes
2026-04-18 04:09:28 PM,KXATPCHALLENGERMATCH-26APR18REIKEN-KEN,72,1,yes
2026-04-18 04:09:28 PM,KXATPCHALLENGERMATCH-26APR18REIKEN-KEN,73,300,yes
2026-04-18 04:09:28 PM,KXATPCHALLENGERMATCH-26APR18REIKEN-KEN,74,100,yes
2026-04-18 04:09:28 PM,KXATPCHALLENGERMATCH-26APR18REIKEN-KEN,74,10,yes
2026-04-18 04:09:28 PM,KXATPCHALLENGERMATCH-26APR18REIKEN-KEN,74,150,yes
2026-04-18 04:09:28 PM,KXATPCHALLENGERMATCH-26APR18REIKEN-KEN,77,60,yes
2026-04-18 04:09:28 PM,KXATPCHALLENGERMATCH-26APR18REIKEN-KEN,77,582,yes
2026-04-18 04:09:29 PM,KXATPCHALLENGERMATCH-26APR18REIKEN-KEN,73,400,yes
2026-04-18 04:09:29 PM,KXATPCHALLENGERMATCH-26APR18REIKEN-KEN,73,200,yes
2026-04-18 04:09:29 PM,KXATPCHALLENGERMATCH-26APR18REIKEN-KEN,73,1,yes
2026-04-18 04:09:29 PM,KXATPCHALLENGERMATCH-26APR18REIKEN-KEN,74,199,yes
2026-04-18 04:09:30 PM,KXATPCHALLENGERMATCH-26APR18REIKEN-KEN,76,1,yes
2026-04-18 04:09:30 PM,KXATPCHALLENGERMATCH-26APR18REIKEN-KEN,76,35,yes
2026-04-18 04:09:32 PM,KXATPCHALLENGERMATCH-26APR18REIKEN-KEN,79,1,yes
2026-04-18 04:09:32 PM,KXATPCHALLENGERMATCH-26APR18REIKEN-KEN,79,13,no
2026-04-18 04:09:34 PM,KXATPCHALLENGERMATCH-26APR18REIKEN-KEN,79,5,no
2026-04-18 04:09:35 PM,KXATPCHALLENGERMATCH-26APR18REIKEN-KEN,80,1,yes
2026-04-18 04:09:35 PM,KXATPCHALLENGERMATCH-26APR18REIKEN-KEN,80,8,yes
2026-04-18 04:09:36 PM,KXATPCHALLENGERMATCH-26APR18REIKEN-KEN,80,12,yes
2026-04-18 04:09:36 PM,KXATPCHALLENGERMATCH-26APR18REIKEN-KEN,80,369,yes
2026-04-18 04:09:37 PM,KXATPCHALLENGERMATCH-26APR18REIKEN-KEN,79,29,no
2026-04-18 04:09:37 PM,KXATPCHALLENGERMATCH-26APR18REIKEN-KEN,79,331,no
2026-04-18 04:09:38 PM,KXATPCHALLENGERMATCH-26APR18REIKEN-KEN,79,68,no
2026-04-18 04:09:38 PM,KXATPCHALLENGERMATCH-26APR18REIKEN-KEN,79,99,no
2026-04-18 04:09:38 PM,KXATPCHALLENGERMATCH-26APR18REIKEN-KEN,79,53,no
2026-04-18 04:09:39 PM,KXATPCHALLENGERMATCH-26APR18REIKEN-KEN,80,308,yes
2026-04-18 04:09:40 PM,KXATPCHALLENGERMATCH-26APR18REIKEN-KEN,79,10,no
2026-04-18 04:09:40 PM,KXATPCHALLENGERMATCH-26APR18REIKEN-KEN,80,6,yes
2026-04-18 04:09:41 PM,KXATPCHALLENGERMATCH-26APR18REIKEN-KEN,80,11,yes
2026-04-18 04:09:42 PM,KXATPCHALLENGERMATCH-26APR18REIKEN-KEN,79,50,yes
2026-04-18 04:09:42 PM,KXATPCHALLENGERMATCH-26APR18REIKEN-KEN,79,111,yes
2026-04-18 04:09:43 PM,KXATPCHALLENGERMATCH-26APR18REIKEN-KEN,78,5,no
2026-04-18 04:09:44 PM,KXATPCHALLENGERMATCH-26APR18REIKEN-KEN,77,50,no
2026-04-18 04:09:44 PM,KXATPCHALLENGERMATCH-26APR18REIKEN-KEN,77,65,no
2026-04-18 04:09:44 PM,KXATPCHALLENGERMATCH-26APR18REIKEN-KEN,80,3,yes
2026-04-18 04:09:46 PM,KXATPCHALLENGERMATCH-26APR18REIKEN-KEN,78,7,no
2026-04-18 04:09:48 PM,KXATPCHALLENGERMATCH-26APR18REIKEN-KEN,77,50,no
2026-04-18 04:09:48 PM,KXATPCHALLENGERMATCH-26APR18REIKEN-KEN,76,400,no
2026-04-18 04:09:48 PM,KXATPCHALLENGERMATCH-26APR18REIKEN-KEN,76,200,no
2026-04-18 04:09:48 PM,KXATPCHALLENGERMATCH-26APR18REIKEN-KEN,75,685,no
2026-04-18 04:09:48 PM,KXATPCHALLENGERMATCH-26APR18REIKEN-KEN,75,400,no
2026-04-18 04:09:48 PM,KXATPCHALLENGERMATCH-26APR18REIKEN-KEN,74,91,no
2026-04-18 04:09:48 PM,KXATPCHALLENGERMATCH-26APR18REIKEN-KEN,74,150,no
2026-04-18 04:09:48 PM,KXATPCHALLENGERMATCH-26APR18REIKEN-KEN,74,226,no
2026-04-18 04:09:49 PM,KXATPCHALLENGERMATCH-26APR18REIKEN-KEN,80,6,yes
2026-04-18 04:09:49 PM,KXATPCHALLENGERMATCH-26APR18REIKEN-KEN,80,1,yes
2026-04-18 04:09:49 PM,KXATPCHALLENGERMATCH-26APR18REIKEN-KEN,81,229,yes
2026-04-18 04:09:49 PM,KXATPCHALLENGERMATCH-26APR18REIKEN-KEN,74,421,yes
2026-04-18 04:09:49 PM,KXATPCHALLENGERMATCH-26APR18REIKEN-KEN,74,42,yes
2026-04-18 04:09:49 PM,KXATPCHALLENGERMATCH-26APR18REIKEN-KEN,74,50,yes
2026-04-18 04:09:49 PM,KXATPCHALLENGERMATCH-26APR18REIKEN-KEN,76,300,yes
2026-04-18 04:09:49 PM,KXATPCHALLENGERMATCH-26APR18REIKEN-KEN,77,186,yes
2026-04-18 04:09:50 PM,KXATPCHALLENGERMATCH-26APR18REIKEN-KEN,73,16,no
2026-04-18 04:09:50 PM,KXATPCHALLENGERMATCH-26APR18REIKEN-KEN,71,32,yes
2026-04-18 04:09:51 PM,KXATPCHALLENGERMATCH-26APR18REIKEN-KEN,70,100,yes
2026-04-18 04:09:51 PM,KXATPCHALLENGERMATCH-26APR18REIKEN-KEN,70,100,yes
2026-04-18 04:09:52 PM,KXATPCHALLENGERMATCH-26APR18REIKEN-KEN,70,6,yes
2026-04-18 04:09:53 PM,KXATPCHALLENGERMATCH-26APR18REIKEN-KEN,70,3,yes
2026-04-18 04:09:53 PM,KXATPCHALLENGERMATCH-26APR18REIKEN-KEN,70,8,yes
2026-04-18 04:09:54 PM,KXATPCHALLENGERMATCH-26APR18REIKEN-KEN,70,12,yes
2026-04-18 04:09:57 PM,KXATPCHALLENGERMATCH-26APR18REIKEN-KEN,70,0,yes
2026-04-18 04:09:58 PM,KXATPCHALLENGERMATCH-26APR18REIKEN-KEN,70,10,yes
2026-04-18 04:09:58 PM,KXATPCHALLENGERMATCH-26APR18REIKEN-KEN,70,33,yes
2026-04-18 04:09:58 PM,KXATPCHALLENGERMATCH-26APR18REIKEN-KEN,70,223,yes
2026-04-18 04:09:59 PM,KXATPCHALLENGERMATCH-26APR18REIKEN-KEN,69,13,no
2026-04-18 04:09:59 PM,KXATPCHALLENGERMATCH-26APR18REIKEN-KEN,70,139,yes
2026-04-18 04:09:59 PM,KXATPCHALLENGERMATCH-26APR18REIKEN-KEN,70,202,yes
2026-04-18 04:09:59 PM,KXATPCHALLENGERMATCH-26APR18REIKEN-KEN,69,36,no
2026-04-18 04:09:59 PM,KXATPCHALLENGERMATCH-26APR18REIKEN-KEN,69,400,no
2026-04-18 04:09:59 PM,KXATPCHALLENGERMATCH-26APR18REIKEN-KEN,69,1411,no
2026-04-18 04:10:00 PM,KXATPCHALLENGERMATCH-26APR18REIKEN-KEN,70,55,yes
2026-04-18 04:10:01 PM,KXATPCHALLENGERMATCH-26APR18REIKEN-KEN,70,139,yes
2026-04-18 04:10:01 PM,KXATPCHALLENGERMATCH-26APR18REIKEN-KEN,70,0,yes
2026-04-18 04:10:03 PM,KXATPCHALLENGERMATCH-26APR18REIKEN-KEN,70,13,yes
2026-04-18 04:10:06 PM,KXATPCHALLENGERMATCH-26APR18REIKEN-KEN,69,6,yes
2026-04-18 04:10:07 PM,KXATPCHALLENGERMATCH-26APR18REIKEN-KEN,69,3,yes
2026-04-18 04:10:08 PM,KXATPCHALLENGERMATCH-26APR18REIKEN-KEN,68,182,yes
2026-04-18 04:10:08 PM,KXATPCHALLENGERMATCH-26APR18REIKEN-KEN,69,5,yes
2026-04-18 04:10:10 PM,KXATPCHALLENGERMATCH-26APR18REIKEN-KEN,69,1,yes
2026-04-18 04:10:11 PM,KXATPCHALLENGERMATCH-26APR18REIKEN-KEN,68,50,no
2026-04-18 04:10:11 PM,KXATPCHALLENGERMATCH-26APR18REIKEN-KEN,68,125,no
2026-04-18 04:10:13 PM,KXATPCHALLENGERMATCH-26APR18REIKEN-KEN,70,16,yes
2026-04-18 04:10:14 PM,KXATPCHALLENGERMATCH-26APR18REIKEN-KEN,70,13,yes
2026-04-18 04:10:19 PM,KXATPCHALLENGERMATCH-26APR18REIKEN-KEN,70,35,yes
2026-04-18 04:10:19 PM,KXATPCHALLENGERMATCH-26APR18REIKEN-KEN,70,200,yes
2026-04-18 04:10:19 PM,KXATPCHALLENGERMATCH-26APR18REIKEN-KEN,69,19,no
2026-04-18 04:10:20 PM,KXATPCHALLENGERMATCH-26APR18REIKEN-KEN,71,13,yes
2026-04-18 04:10:20 PM,KXATPCHALLENGERMATCH-26APR18REIKEN-KEN,69,100,no
2026-04-18 04:10:20 PM,KXATPCHALLENGERMATCH-26APR18REIKEN-KEN,69,50,no
2026-04-18 04:10:20 PM,KXATPCHALLENGERMATCH-26APR18REIKEN-KEN,68,113,no
2026-04-18 04:10:24 PM,KXATPCHALLENGERMATCH-26APR18REIKEN-KEN,74,18,yes
2026-04-18 04:10:27 PM,KXATPCHALLENGERMATCH-26APR18REIKEN-KEN,74,6,yes
2026-04-18 04:10:28 PM,KXATPCHALLENGERMATCH-26APR18REIKEN-KEN,74,6,yes
2026-04-18 04:10:29 PM,KXATPCHALLENGERMATCH-26APR18REIKEN-KEN,67,25,no
2026-04-18 04:10:30 PM,KXATPCHALLENGERMATCH-26APR18REIKEN-KEN,66,50,no
2026-04-18 04:10:30 PM,KXATPCHALLENGERMATCH-26APR18REIKEN-KEN,64,30,no
2026-04-18 04:10:30 PM,KXATPCHALLENGERMATCH-26APR18REIKEN-KEN,61,45,no
2026-04-18 04:10:31 PM,KXATPCHALLENGERMATCH-26APR18REIKEN-KEN,64,6,yes
2026-04-18 04:10:31 PM,KXATPCHALLENGERMATCH-26APR18REIKEN-KEN,61,127,yes
2026-04-18 04:10:32 PM,KXATPCHALLENGERMATCH-26APR18REIKEN-KEN,59,75,no
2026-04-18 04:10:32 PM,KXATPCHALLENGERMATCH-26APR18REIKEN-KEN,59,35,no
2026-04-18 04:10:32 PM,KXATPCHALLENGERMATCH-26APR18REIKEN-KEN,59,9,yes
2026-04-18 04:10:32 PM,KXATPCHALLENGERMATCH-26APR18REIKEN-KEN,59,6,yes
2026-04-18 04:10:32 PM,KXATPCHALLENGERMATCH-26APR18REIKEN-KEN,59,85,yes
2026-04-18 04:10:36 PM,KXATPCHALLENGERMATCH-26APR18REIKEN-KEN,57,9,yes
2026-04-18 04:10:37 PM,KXATPCHALLENGERMATCH-26APR18REIKEN-KEN,56,29,no
2026-04-18 04:10:38 PM,KXATPCHALLENGERMATCH-26APR18REIKEN-KEN,57,170,yes
2026-04-18 04:10:40 PM,KXATPCHALLENGERMATCH-26APR18REIKEN-KEN,57,18,yes
2026-04-18 04:10:42 PM,KXATPCHALLENGERMATCH-26APR18REIKEN-KEN,57,201,yes
2026-04-18 04:10:42 PM,KXATPCHALLENGERMATCH-26APR18REIKEN-KEN,57,400,yes
2026-04-18 04:10:42 PM,KXATPCHALLENGERMATCH-26APR18REIKEN-KEN,57,400,yes
2026-04-18 04:10:42 PM,KXATPCHALLENGERMATCH-26APR18REIKEN-KEN,57,50,yes
2026-04-18 04:10:42 PM,KXATPCHALLENGERMATCH-26APR18REIKEN-KEN,57,38,yes
2026-04-18 04:10:42 PM,KXATPCHALLENGERMATCH-26APR18REIKEN-KEN,57,3,yes
2026-04-18 04:10:42 PM,KXATPCHALLENGERMATCH-26APR18REIKEN-KEN,57,200,yes
2026-04-18 04:10:44 PM,KXATPCHALLENGERMATCH-26APR18REIKEN-KEN,56,30,no
2026-04-18 04:10:44 PM,KXATPCHALLENGERMATCH-26APR18REIKEN-KEN,56,35,no
2026-04-18 04:10:44 PM,KXATPCHALLENGERMATCH-26APR18REIKEN-KEN,56,161,no
2026-04-18 04:10:44 PM,KXATPCHALLENGERMATCH-26APR18REIKEN-KEN,57,6,yes
2026-04-18 04:10:45 PM,KXATPCHALLENGERMATCH-26APR18REIKEN-KEN,57,152,yes
2026-04-18 04:10:45 PM,KXATPCHALLENGERMATCH-26APR18REIKEN-KEN,57,10,yes
2026-04-18 04:10:45 PM,KXATPCHALLENGERMATCH-26APR18REIKEN-KEN,57,91,yes
2026-04-18 04:10:45 PM,KXATPCHALLENGERMATCH-26APR18REIKEN-KEN,57,1,yes
2026-04-18 04:10:46 PM,KXATPCHALLENGERMATCH-26APR18REIKEN-KEN,56,51,no
2026-04-18 04:10:46 PM,KXATPCHALLENGERMATCH-26APR18REIKEN-KEN,57,6,yes
2026-04-18 04:10:46 PM,KXATPCHALLENGERMATCH-26APR18REIKEN-KEN,57,46,yes
2026-04-18 04:10:46 PM,KXATPCHALLENGERMATCH-26APR18REIKEN-KEN,57,34,yes
2026-04-18 04:10:46 PM,KXATPCHALLENGERMATCH-26APR18REIKEN-KEN,56,270,no
2026-04-18 04:10:46 PM,KXATPCHALLENGERMATCH-26APR18REIKEN-KEN,57,71,yes
2026-04-18 04:10:47 PM,KXATPCHALLENGERMATCH-26APR18REIKEN-KEN,57,42,yes
2026-04-18 04:10:49 PM,KXATPCHALLENGERMATCH-26APR18REIKEN-KEN,56,1355,no
2026-04-18 04:10:49 PM,KXATPCHALLENGERMATCH-26APR18REIKEN-KEN,56,106,no
2026-04-18 04:10:49 PM,KXATPCHALLENGERMATCH-26APR18REIKEN-KEN,56,50,no
2026-04-18 04:10:49 PM,KXATPCHALLENGERMATCH-26APR18REIKEN-KEN,56,103,no
2026-04-18 04:10:49 PM,KXATPCHALLENGERMATCH-26APR18REIKEN-KEN,57,17,yes
2026-04-18 04:10:50 PM,KXATPCHALLENGERMATCH-26APR18REIKEN-KEN,57,100,yes
2026-04-18 04:10:51 PM,KXATPCHALLENGERMATCH-26APR18REIKEN-KEN,57,12,no
2026-04-18 04:10:51 PM,KXATPCHALLENGERMATCH-26APR18REIKEN-KEN,56,500,no
2026-04-18 04:10:51 PM,KXATPCHALLENGERMATCH-26APR18REIKEN-KEN,56,200,no
2026-04-18 04:10:51 PM,KXATPCHALLENGERMATCH-26APR18REIKEN-KEN,55,3,no
2026-04-18 04:10:51 PM,KXATPCHALLENGERMATCH-26APR18REIKEN-KEN,55,10,no
2026-04-18 04:10:51 PM,KXATPCHALLENGERMATCH-26APR18REIKEN-KEN,53,95,no
2026-04-18 04:10:52 PM,KXATPCHALLENGERMATCH-26APR18REIKEN-KEN,57,10,no
2026-04-18 04:10:52 PM,KXATPCHALLENGERMATCH-26APR18REIKEN-KEN,56,36,no
2026-04-18 04:10:52 PM,KXATPCHALLENGERMATCH-26APR18REIKEN-KEN,54,96,no
2026-04-18 04:10:55 PM,KXATPCHALLENGERMATCH-26APR18REIKEN-KEN,59,4,yes
2026-04-18 04:10:56 PM,KXATPCHALLENGERMATCH-26APR18REIKEN-KEN,59,45,yes
2026-04-18 04:10:56 PM,KXATPCHALLENGERMATCH-26APR18REIKEN-KEN,60,35,yes
2026-04-18 04:10:56 PM,KXATPCHALLENGERMATCH-26APR18REIKEN-KEN,60,100,yes
2026-04-18 04:10:56 PM,KXATPCHALLENGERMATCH-26APR18REIKEN-KEN,60,9,yes
2026-04-18 04:10:56 PM,KXATPCHALLENGERMATCH-26APR18REIKEN-KEN,55,77,no
2026-04-18 04:10:57 PM,KXATPCHALLENGERMATCH-26APR18REIKEN-KEN,56,21,no
2026-04-18 04:10:57 PM,KXATPCHALLENGERMATCH-26APR18REIKEN-KEN,56,7,no
2026-04-18 04:10:57 PM,KXATPCHALLENGERMATCH-26APR18REIKEN-KEN,55,300,no
2026-04-18 04:10:57 PM,KXATPCHALLENGERMATCH-26APR18REIKEN-KEN,54,112,no
2026-04-18 04:10:57 PM,KXATPCHALLENGERMATCH-26APR18REIKEN-KEN,53,150,no
2026-04-18 04:10:57 PM,KXATPCHALLENGERMATCH-26APR18REIKEN-KEN,53,114,no
2026-04-18 04:10:57 PM,KXATPCHALLENGERMATCH-26APR18REIKEN-KEN,52,94,no
2026-04-18 04:10:57 PM,KXATPCHALLENGERMATCH-26APR18REIKEN-KEN,54,300,no
2026-04-18 04:10:57 PM,KXATPCHALLENGERMATCH-26APR18REIKEN-KEN,53,35,no
2026-04-18 04:10:57 PM,KXATPCHALLENGERMATCH-26APR18REIKEN-KEN,52,105,no
2026-04-18 04:10:57 PM,KXATPCHALLENGERMATCH-26APR18REIKEN-KEN,52,150,no
2026-04-18 04:10:57 PM,KXATPCHALLENGERMATCH-26APR18REIKEN-KEN,52,115,no
2026-04-18 04:10:57 PM,KXATPCHALLENGERMATCH-26APR18REIKEN-KEN,51,994,no
2026-04-18 04:10:58 PM,KXATPCHALLENGERMATCH-26APR18REIKEN-KEN,51,611,no
2026-04-18 04:10:58 PM,KXATPCHALLENGERMATCH-26APR18REIKEN-KEN,56,8,yes
2026-04-18 04:10:58 PM,KXATPCHALLENGERMATCH-26APR18REIKEN-KEN,54,10,yes
2026-04-18 04:10:58 PM,KXATPCHALLENGERMATCH-26APR18REIKEN-KEN,54,75,yes
2026-04-18 04:10:58 PM,KXATPCHALLENGERMATCH-26APR18REIKEN-KEN,51,150,no
2026-04-18 04:10:58 PM,KXATPCHALLENGERMATCH-26APR18REIKEN-KEN,50,50,no
2026-04-18 04:10:58 PM,KXATPCHALLENGERMATCH-26APR18REIKEN-KEN,46,60,no
2026-04-18 04:10:58 PM,KXATPCHALLENGERMATCH-26APR18REIKEN-KEN,45,30,yes
2026-04-18 04:11:00 PM,KXATPCHALLENGERMATCH-26APR18REIKEN-KEN,43,55,yes
2026-04-18 04:11:00 PM,KXATPCHALLENGERMATCH-26APR18REIKEN-KEN,43,1,yes
2026-04-18 04:11:01 PM,KXATPCHALLENGERMATCH-26APR18REIKEN-KEN,42,1,yes
2026-04-18 04:11:01 PM,KXATPCHALLENGERMATCH-26APR18REIKEN-KEN,43,7,yes
2026-04-18 04:11:03 PM,KXATPCHALLENGERMATCH-26APR18REIKEN-KEN,43,22,yes
2026-04-18 04:11:04 PM,KXATPCHALLENGERMATCH-26APR18REIKEN-KEN,43,313,yes
2026-04-18 04:11:04 PM,KXATPCHALLENGERMATCH-26APR18REIKEN-KEN,43,245,yes
2026-04-18 04:11:04 PM,KXATPCHALLENGERMATCH-26APR18REIKEN-KEN,43,46,yes
2026-04-18 04:11:04 PM,KXATPCHALLENGERMATCH-26APR18REIKEN-KEN,42,122,no
2026-04-18 04:11:04 PM,KXATPCHALLENGERMATCH-26APR18REIKEN-KEN,42,318,no
2026-04-18 04:11:05 PM,KXATPCHALLENGERMATCH-26APR18REIKEN-KEN,43,33,yes
2026-04-18 04:11:05 PM,KXATPCHALLENGERMATCH-26APR18REIKEN-KEN,43,74,yes
2026-04-18 04:11:05 PM,KXATPCHALLENGERMATCH-26APR18REIKEN-KEN,43,36,yes
2026-04-18 04:11:08 PM,KXATPCHALLENGERMATCH-26APR18REIKEN-KEN,42,60,no
2026-04-18 04:11:08 PM,KXATPCHALLENGERMATCH-26APR18REIKEN-KEN,43,24,yes
2026-04-18 04:11:09 PM,KXATPCHALLENGERMATCH-26APR18REIKEN-KEN,43,11,yes
2026-04-18 04:11:10 PM,KXATPCHALLENGERMATCH-26APR18REIKEN-KEN,42,75,no
2026-04-18 04:11:11 PM,KXATPCHALLENGERMATCH-26APR18REIKEN-KEN,43,327,yes
2026-04-18 04:11:11 PM,KXATPCHALLENGERMATCH-26APR18REIKEN-KEN,43,172,yes
2026-04-18 04:11:12 PM,KXATPCHALLENGERMATCH-26APR18REIKEN-KEN,43,227,yes
2026-04-18 04:11:12 PM,KXATPCHALLENGERMATCH-26APR18REIKEN-KEN,43,400,yes
2026-04-18 04:11:12 PM,KXATPCHALLENGERMATCH-26APR18REIKEN-KEN,43,400,yes
2026-04-18 04:11:12 PM,KXATPCHALLENGERMATCH-26APR18REIKEN-KEN,43,400,yes
2026-04-18 04:11:12 PM,KXATPCHALLENGERMATCH-26APR18REIKEN-KEN,43,273,yes
2026-04-18 04:11:12 PM,KXATPCHALLENGERMATCH-26APR18REIKEN-KEN,43,22,yes
2026-04-18 04:11:12 PM,KXATPCHALLENGERMATCH-26APR18REIKEN-KEN,43,1,yes
2026-04-18 04:11:12 PM,KXATPCHALLENGERMATCH-26APR18REIKEN-KEN,42,54,no
2026-04-18 04:11:13 PM,KXATPCHALLENGERMATCH-26APR18REIKEN-KEN,43,100,yes
2026-04-18 04:11:13 PM,KXATPCHALLENGERMATCH-26APR18REIKEN-KEN,42,721,no
2026-04-18 04:11:14 PM,KXATPCHALLENGERMATCH-26APR18REIKEN-KEN,43,2,yes
2026-04-18 04:11:14 PM,KXATPCHALLENGERMATCH-26APR18REIKEN-KEN,43,8,yes
2026-04-18 04:11:15 PM,KXATPCHALLENGERMATCH-26APR18REIKEN-KEN,42,15,no
2026-04-18 04:11:15 PM,KXATPCHALLENGERMATCH-26APR18REIKEN-KEN,42,35,no
2026-04-18 04:11:15 PM,KXATPCHALLENGERMATCH-26APR18REIKEN-KEN,43,3,yes
2026-04-18 04:11:17 PM,KXATPCHALLENGERMATCH-26APR18REIKEN-KEN,42,534,no
2026-04-18 04:11:18 PM,KXATPCHALLENGERMATCH-26APR18REIKEN-KEN,43,111,yes
2026-04-18 04:11:18 PM,KXATPCHALLENGERMATCH-26APR18REIKEN-KEN,42,303,no
2026-04-18 04:11:19 PM,KXATPCHALLENGERMATCH-26APR18REIKEN-KEN,43,17,yes
2026-04-18 04:11:19 PM,KXATPCHALLENGERMATCH-26APR18REIKEN-KEN,43,0,yes
2026-04-18 04:11:20 PM,KXATPCHALLENGERMATCH-26APR18REIKEN-KEN,42,13,no
2026-04-18 04:11:21 PM,KXATPCHALLENGERMATCH-26APR18REIKEN-KEN,43,4,yes
2026-04-18 04:11:21 PM,KXATPCHALLENGERMATCH-26APR18REIKEN-KEN,43,50,yes
2026-04-18 04:11:22 PM,KXATPCHALLENGERMATCH-26APR18REIKEN-KEN,42,138,no
2026-04-18 04:11:22 PM,KXATPCHALLENGERMATCH-26APR18REIKEN-KEN,43,127,yes
2026-04-18 04:11:22 PM,KXATPCHALLENGERMATCH-26APR18REIKEN-KEN,42,473,no
2026-04-18 04:11:24 PM,KXATPCHALLENGERMATCH-26APR18REIKEN-KEN,42,286,no
2026-04-18 04:11:25 PM,KXATPCHALLENGERMATCH-26APR18REIKEN-KEN,43,11,yes
2026-04-18 04:11:25 PM,KXATPCHALLENGERMATCH-26APR18REIKEN-KEN,42,208,no
2026-04-18 04:11:26 PM,KXATPCHALLENGERMATCH-26APR18REIKEN-KEN,43,200,yes
2026-04-18 04:11:26 PM,KXATPCHALLENGERMATCH-26APR18REIKEN-KEN,43,1118,yes
2026-04-18 04:11:26 PM,KXATPCHALLENGERMATCH-26APR18REIKEN-KEN,43,6,yes
2026-04-18 04:11:26 PM,KXATPCHALLENGERMATCH-26APR18REIKEN-KEN,42,1344,no
2026-04-18 04:11:26 PM,KXATPCHALLENGERMATCH-26APR18REIKEN-KEN,42,147,no
2026-04-18 04:11:29 PM,KXATPCHALLENGERMATCH-26APR18REIKEN-KEN,43,11,yes
2026-04-18 04:11:29 PM,KXATPCHALLENGERMATCH-26APR18REIKEN-KEN,43,4,yes
2026-04-18 04:11:31 PM,KXATPCHALLENGERMATCH-26APR18REIKEN-KEN,43,22,yes
2026-04-18 04:11:32 PM,KXATPCHALLENGERMATCH-26APR18REIKEN-KEN,43,11,yes
2026-04-18 04:11:32 PM,KXATPCHALLENGERMATCH-26APR18REIKEN-KEN,42,25,no
2026-04-18 04:11:32 PM,KXATPCHALLENGERMATCH-26APR18REIKEN-KEN,43,11,yes
2026-04-18 04:11:32 PM,KXATPCHALLENGERMATCH-26APR18REIKEN-KEN,43,10,yes
2026-04-18 04:11:32 PM,KXATPCHALLENGERMATCH-26APR18REIKEN-KEN,43,0,yes
2026-04-18 04:11:38 PM,KXATPCHALLENGERMATCH-26APR18REIKEN-KEN,43,9,yes
2026-04-18 04:11:38 PM,KXATPCHALLENGERMATCH-26APR18REIKEN-KEN,43,10,yes
2026-04-18 04:11:38 PM,KXATPCHALLENGERMATCH-26APR18REIKEN-KEN,44,12,yes
2026-04-18 04:11:38 PM,KXATPCHALLENGERMATCH-26APR18REIKEN-KEN,43,59,no
2026-04-18 04:11:38 PM,KXATPCHALLENGERMATCH-26APR18REIKEN-KEN,43,20,no
2026-04-18 04:11:38 PM,KXATPCHALLENGERMATCH-26APR18REIKEN-KEN,42,4,no
2026-04-18 04:11:38 PM,KXATPCHALLENGERMATCH-26APR18REIKEN-KEN,42,199,no
2026-04-18 04:11:41 PM,KXATPCHALLENGERMATCH-26APR18REIKEN-KEN,40,89,no
2026-04-18 04:11:41 PM,KXATPCHALLENGERMATCH-26APR18REIKEN-KEN,40,57,no
2026-04-18 04:11:41 PM,KXATPCHALLENGERMATCH-26APR18REIKEN-KEN,43,21,yes
2026-04-18 04:11:42 PM,KXATPCHALLENGERMATCH-26APR18REIKEN-KEN,42,42,yes
2026-04-18 04:11:42 PM,KXATPCHALLENGERMATCH-26APR18REIKEN-KEN,41,40,yes
2026-04-18 04:11:42 PM,KXATPCHALLENGERMATCH-26APR18REIKEN-KEN,42,183,yes
2026-04-18 04:11:42 PM,KXATPCHALLENGERMATCH-26APR18REIKEN-KEN,39,4,yes
2026-04-18 04:11:43 PM,KXATPCHALLENGERMATCH-26APR18REIKEN-KEN,39,11,yes
2026-04-18 04:11:43 PM,KXATPCHALLENGERMATCH-26APR18REIKEN-KEN,38,9,no
2026-04-18 04:11:43 PM,KXATPCHALLENGERMATCH-26APR18REIKEN-KEN,39,14,yes
2026-04-18 04:11:43 PM,KXATPCHALLENGERMATCH-26APR18REIKEN-KEN,39,2,yes
2026-04-18 04:11:43 PM,KXATPCHALLENGERMATCH-26APR18REIKEN-KEN,39,68,yes
2026-04-18 04:11:44 PM,KXATPCHALLENGERMATCH-26APR18REIKEN-KEN,39,2,yes
2026-04-18 04:11:44 PM,KXATPCHALLENGERMATCH-26APR18REIKEN-KEN,39,122,yes
2026-04-18 04:11:44 PM,KXATPCHALLENGERMATCH-26APR18REIKEN-KEN,39,23,yes
2026-04-18 04:11:45 PM,KXATPCHALLENGERMATCH-26APR18REIKEN-KEN,38,290,no
2026-04-18 04:11:48 PM,KXATPCHALLENGERMATCH-26APR18REIKEN-KEN,36,50,yes
2026-04-18 04:11:48 PM,KXATPCHALLENGERMATCH-26APR18REIKEN-KEN,36,93,yes
2026-04-18 04:11:48 PM,KXATPCHALLENGERMATCH-26APR18REIKEN-KEN,35,11,no
2026-04-18 04:11:48 PM,KXATPCHALLENGERMATCH-26APR18REIKEN-KEN,35,995,no
2026-04-18 04:11:48 PM,KXATPCHALLENGERMATCH-26APR18REIKEN-KEN,36,12,yes
2026-04-18 04:11:48 PM,KXATPCHALLENGERMATCH-26APR18REIKEN-KEN,35,105,no
2026-04-18 04:11:49 PM,KXATPCHALLENGERMATCH-26APR18REIKEN-KEN,36,244,yes
2026-04-18 04:11:49 PM,KXATPCHALLENGERMATCH-26APR18REIKEN-KEN,36,21,yes
2026-04-18 04:11:50 PM,KXATPCHALLENGERMATCH-26APR18REIKEN-KEN,35,298,no
2026-04-18 04:11:50 PM,KXATPCHALLENGERMATCH-26APR18REIKEN-KEN,36,53,yes
2026-04-18 04:11:51 PM,KXATPCHALLENGERMATCH-26APR18REIKEN-KEN,36,132,yes
2026-04-18 04:11:51 PM,KXATPCHALLENGERMATCH-26APR18REIKEN-KEN,35,190,no
2026-04-18 04:11:51 PM,KXATPCHALLENGERMATCH-26APR18REIKEN-KEN,36,26,yes
2026-04-18 04:11:52 PM,KXATPCHALLENGERMATCH-26APR18REIKEN-KEN,36,5,yes
2026-04-18 04:11:52 PM,KXATPCHALLENGERMATCH-26APR18REIKEN-KEN,36,5,yes
2026-04-18 04:11:52 PM,KXATPCHALLENGERMATCH-26APR18REIKEN-KEN,35,0,no
2026-04-18 04:11:52 PM,KXATPCHALLENGERMATCH-26APR18REIKEN-KEN,36,26,yes
2026-04-18 04:11:53 PM,KXATPCHALLENGERMATCH-26APR18REIKEN-KEN,35,40,no
2026-04-18 04:11:53 PM,KXATPCHALLENGERMATCH-26APR18REIKEN-KEN,36,2,yes
2026-04-18 04:11:56 PM,KXATPCHALLENGERMATCH-26APR18REIKEN-KEN,36,44,yes
2026-04-18 04:11:57 PM,KXATPCHALLENGERMATCH-26APR18REIKEN-KEN,36,100,yes
2026-04-18 04:11:59 PM,KXATPCHALLENGERMATCH-26APR18REIKEN-KEN,35,22,no
2026-04-18 04:12:01 PM,KXATPCHALLENGERMATCH-26APR18REIKEN-KEN,36,10,yes
2026-04-18 04:12:02 PM,KXATPCHALLENGERMATCH-26APR18REIKEN-KEN,35,18,no
2026-04-18 04:12:04 PM,KXATPCHALLENGERMATCH-26APR18REIKEN-KEN,36,122,no
2026-04-18 04:12:04 PM,KXATPCHALLENGERMATCH-26APR18REIKEN-KEN,35,58,no
2026-04-18 04:12:06 PM,KXATPCHALLENGERMATCH-26APR18REIKEN-KEN,37,7,yes
2026-04-18 04:12:07 PM,KXATPCHALLENGERMATCH-26APR18REIKEN-KEN,35,271,no
2026-04-18 04:12:08 PM,KXATPCHALLENGERMATCH-26APR18REIKEN-KEN,35,4,no
2026-04-18 04:12:09 PM,KXATPCHALLENGERMATCH-26APR18REIKEN-KEN,37,7,yes
2026-04-18 04:12:10 PM,KXATPCHALLENGERMATCH-26APR18REIKEN-KEN,35,47,no
2026-04-18 04:12:10 PM,KXATPCHALLENGERMATCH-26APR18REIKEN-KEN,35,25,no
2026-04-18 04:12:10 PM,KXATPCHALLENGERMATCH-26APR18REIKEN-KEN,35,30,no
2026-04-18 04:12:10 PM,KXATPCHALLENGERMATCH-26APR18REIKEN-KEN,35,50,no
2026-04-18 04:12:10 PM,KXATPCHALLENGERMATCH-26APR18REIKEN-KEN,36,2,yes
2026-04-18 04:12:11 PM,KXATPCHALLENGERMATCH-26APR18REIKEN-KEN,35,50,yes
2026-04-18 04:12:11 PM,KXATPCHALLENGERMATCH-26APR18REIKEN-KEN,35,14,yes
2026-04-18 04:12:12 PM,KXATPCHALLENGERMATCH-26APR18REIKEN-KEN,34,3,no
2026-04-18 04:12:12 PM,KXATPCHALLENGERMATCH-26APR18REIKEN-KEN,35,50,yes
2026-04-18 04:12:12 PM,KXATPCHALLENGERMATCH-26APR18REIKEN-KEN,35,204,yes
2026-04-18 04:12:13 PM,KXATPCHALLENGERMATCH-26APR18REIKEN-KEN,35,13,yes
2026-04-18 04:12:13 PM,KXATPCHALLENGERMATCH-26APR18REIKEN-KEN,34,13,no
2026-04-18 04:12:13 PM,KXATPCHALLENGERMATCH-26APR18REIKEN-KEN,34,235,no
2026-04-18 04:12:13 PM,KXATPCHALLENGERMATCH-26APR18REIKEN-KEN,34,264,no
2026-04-18 04:12:13 PM,KXATPCHALLENGERMATCH-26APR18REIKEN-KEN,34,20,no
2026-04-18 04:12:13 PM,KXATPCHALLENGERMATCH-26APR18REIKEN-KEN,34,119,yes
2026-04-18 04:12:13 PM,KXATPCHALLENGERMATCH-26APR18REIKEN-KEN,33,15,no
2026-04-18 04:12:15 PM,KXATPCHALLENGERMATCH-26APR18REIKEN-KEN,32,32,yes
2026-04-18 04:12:15 PM,KXATPCHALLENGERMATCH-26APR18REIKEN-KEN,32,73,yes
2026-04-18 04:12:15 PM,KXATPCHALLENGERMATCH-26APR18REIKEN-KEN,31,16,no
2026-04-18 04:12:15 PM,KXATPCHALLENGERMATCH-26APR18REIKEN-KEN,31,29,no
2026-04-18 04:12:15 PM,KXATPCHALLENGERMATCH-26APR18REIKEN-KEN,32,255,yes
2026-04-18 04:12:16 PM,KXATPCHALLENGERMATCH-26APR18REIKEN-KEN,32,149,yes
2026-04-18 04:12:16 PM,KXATPCHALLENGERMATCH-26APR18REIKEN-KEN,32,1491,yes
2026-04-18 04:12:17 PM,KXATPCHALLENGERMATCH-26APR18REIKEN-KEN,32,14,yes
2026-04-18 04:12:17 PM,KXATPCHALLENGERMATCH-26APR18REIKEN-KEN,32,29,yes
2026-04-18 04:12:17 PM,KXATPCHALLENGERMATCH-26APR18REIKEN-KEN,32,13,yes
2026-04-18 04:12:17 PM,KXATPCHALLENGERMATCH-26APR18REIKEN-KEN,32,1,yes
2026-04-18 04:12:18 PM,KXATPCHALLENGERMATCH-26APR18REIKEN-KEN,31,30,no
2026-04-18 04:12:19 PM,KXATPCHALLENGERMATCH-26APR18REIKEN-KEN,32,20,yes
2026-04-18 04:12:20 PM,KXATPCHALLENGERMATCH-26APR18REIKEN-KEN,32,184,yes
2026-04-18 04:12:21 PM,KXATPCHALLENGERMATCH-26APR18REIKEN-KEN,31,340,no
2026-04-18 04:12:21 PM,KXATPCHALLENGERMATCH-26APR18REIKEN-KEN,31,50,no
2026-04-18 04:12:21 PM,KXATPCHALLENGERMATCH-26APR18REIKEN-KEN,31,171,no
2026-04-18 04:12:21 PM,KXATPCHALLENGERMATCH-26APR18REIKEN-KEN,31,10,no
2026-04-18 04:12:22 PM,KXATPCHALLENGERMATCH-26APR18REIKEN-KEN,31,127,no
2026-04-18 04:12:22 PM,KXATPCHALLENGERMATCH-26APR18REIKEN-KEN,31,78,no
2026-04-18 04:12:22 PM,KXATPCHALLENGERMATCH-26APR18REIKEN-KEN,31,21,no
2026-04-18 04:12:22 PM,KXATPCHALLENGERMATCH-26APR18REIKEN-KEN,32,8,yes
2026-04-18 04:12:24 PM,KXATPCHALLENGERMATCH-26APR18REIKEN-KEN,32,3,yes
2026-04-18 04:12:24 PM,KXATPCHALLENGERMATCH-26APR18REIKEN-KEN,32,44,yes
2026-04-18 04:12:24 PM,KXATPCHALLENGERMATCH-26APR18REIKEN-KEN,32,25,yes
2026-04-18 04:12:25 PM,KXATPCHALLENGERMATCH-26APR18REIKEN-KEN,31,161,no
2026-04-18 04:12:26 PM,KXATPCHALLENGERMATCH-26APR18REIKEN-KEN,32,343,no
2026-04-18 04:12:27 PM,KXATPCHALLENGERMATCH-26APR18REIKEN-KEN,32,669,no
2026-04-18 04:12:27 PM,KXATPCHALLENGERMATCH-26APR18REIKEN-KEN,32,3916,no
2026-04-18 04:12:28 PM,KXATPCHALLENGERMATCH-26APR18REIKEN-KEN,32,138,no
2026-04-18 04:12:29 PM,KXATPCHALLENGERMATCH-26APR18REIKEN-KEN,33,1,yes
2026-04-18 04:12:29 PM,KXATPCHALLENGERMATCH-26APR18REIKEN-KEN,32,11,no
2026-04-18 04:12:30 PM,KXATPCHALLENGERMATCH-26APR18REIKEN-KEN,33,144,yes
2026-04-18 04:12:31 PM,KXATPCHALLENGERMATCH-26APR18REIKEN-KEN,32,622,no
2026-04-18 04:12:31 PM,KXATPCHALLENGERMATCH-26APR18REIKEN-KEN,31,594,no
2026-04-18 04:12:31 PM,KXATPCHALLENGERMATCH-26APR18REIKEN-KEN,33,239,yes
2026-04-18 04:12:31 PM,KXATPCHALLENGERMATCH-26APR18REIKEN-KEN,33,331,yes
2026-04-18 04:12:31 PM,KXATPCHALLENGERMATCH-26APR18REIKEN-KEN,33,68,yes
2026-04-18 04:12:31 PM,KXATPCHALLENGERMATCH-26APR18REIKEN-KEN,33,4,yes
2026-04-18 04:12:32 PM,KXATPCHALLENGERMATCH-26APR18REIKEN-KEN,33,28,yes
2026-04-18 04:12:32 PM,KXATPCHALLENGERMATCH-26APR18REIKEN-KEN,32,400,no
2026-04-18 04:12:32 PM,KXATPCHALLENGERMATCH-26APR18REIKEN-KEN,31,100,no
2026-04-18 04:12:32 PM,KXATPCHALLENGERMATCH-26APR18REIKEN-KEN,31,4,no
2026-04-18 04:12:34 PM,KXATPCHALLENGERMATCH-26APR18REIKEN-KEN,31,50,no
2026-04-18 04:12:34 PM,KXATPCHALLENGERMATCH-26APR18REIKEN-KEN,30,66,no
2026-04-18 04:12:34 PM,KXATPCHALLENGERMATCH-26APR18REIKEN-KEN,29,23,no
2026-04-18 04:12:37 PM,KXATPCHALLENGERMATCH-26APR18REIKEN-KEN,34,42,yes
2026-04-18 04:12:37 PM,KXATPCHALLENGERMATCH-26APR18REIKEN-KEN,30,10,no
2026-04-18 04:12:37 PM,KXATPCHALLENGERMATCH-26APR18REIKEN-KEN,30,25,no
2026-04-18 04:12:37 PM,KXATPCHALLENGERMATCH-26APR18REIKEN-KEN,29,1,no
2026-04-18 04:12:39 PM,KXATPCHALLENGERMATCH-26APR18REIKEN-KEN,30,125,no
2026-04-18 04:12:39 PM,KXATPCHALLENGERMATCH-26APR18REIKEN-KEN,30,5,yes
2026-04-18 04:12:39 PM,KXATPCHALLENGERMATCH-26APR18REIKEN-KEN,30,26,yes
2026-04-18 04:12:41 PM,KXATPCHALLENGERMATCH-26APR18REIKEN-KEN,30,267,yes
2026-04-18 04:12:41 PM,KXATPCHALLENGERMATCH-26APR18REIKEN-KEN,30,79,yes
2026-04-18 04:12:42 PM,KXATPCHALLENGERMATCH-26APR18REIKEN-KEN,29,159,no
2026-04-18 04:12:42 PM,KXATPCHALLENGERMATCH-26APR18REIKEN-KEN,30,245,yes
2026-04-18 04:12:42 PM,KXATPCHALLENGERMATCH-26APR18REIKEN-KEN,30,72,yes
2026-04-18 04:12:42 PM,KXATPCHALLENGERMATCH-26APR18REIKEN-KEN,29,239,no
2026-04-18 04:12:42 PM,KXATPCHALLENGERMATCH-26APR18REIKEN-KEN,29,50,no
2026-04-18 04:12:43 PM,KXATPCHALLENGERMATCH-26APR18REIKEN-KEN,28,16,no
2026-04-18 04:12:43 PM,KXATPCHALLENGERMATCH-26APR18REIKEN-KEN,28,10,no
2026-04-18 04:12:44 PM,KXATPCHALLENGERMATCH-26APR18REIKEN-KEN,30,9,yes
2026-04-18 04:12:44 PM,KXATPCHALLENGERMATCH-26APR18REIKEN-KEN,30,76,yes
2026-04-18 04:12:44 PM,KXATPCHALLENGERMATCH-26APR18REIKEN-KEN,28,333,no
2026-04-18 04:12:45 PM,KXATPCHALLENGERMATCH-26APR18REIKEN-KEN,28,22,no
2026-04-18 04:12:46 PM,KXATPCHALLENGERMATCH-26APR18REIKEN-KEN,28,3,no
2026-04-18 04:12:46 PM,KXATPCHALLENGERMATCH-26APR18REIKEN-KEN,28,16,no
2026-04-18 04:12:46 PM,KXATPCHALLENGERMATCH-26APR18REIKEN-KEN,28,22,no
2026-04-18 04:12:46 PM,KXATPCHALLENGERMATCH-26APR18REIKEN-KEN,28,46,no
2026-04-18 04:12:47 PM,KXATPCHALLENGERMATCH-26APR18REIKEN-KEN,28,5,no
2026-04-18 04:12:47 PM,KXATPCHALLENGERMATCH-26APR18REIKEN-KEN,29,16,yes
2026-04-18 04:12:48 PM,KXATPCHALLENGERMATCH-26APR18REIKEN-KEN,29,100,yes
2026-04-18 04:12:48 PM,KXATPCHALLENGERMATCH-26APR18REIKEN-KEN,28,5,no
2026-04-18 04:12:48 PM,KXATPCHALLENGERMATCH-26APR18REIKEN-KEN,28,34,no
2026-04-18 04:12:48 PM,KXATPCHALLENGERMATCH-26APR18REIKEN-KEN,28,162,no
2026-04-18 04:12:48 PM,KXATPCHALLENGERMATCH-26APR18REIKEN-KEN,29,65,yes
2026-04-18 04:12:48 PM,KXATPCHALLENGERMATCH-26APR18REIKEN-KEN,29,16,yes
2026-04-18 04:12:49 PM,KXATPCHALLENGERMATCH-26APR18REIKEN-KEN,28,74,no
2026-04-18 04:12:49 PM,KXATPCHALLENGERMATCH-26APR18REIKEN-KEN,29,100,yes
2026-04-18 04:12:49 PM,KXATPCHALLENGERMATCH-26APR18REIKEN-KEN,29,6,yes
2026-04-18 04:12:50 PM,KXATPCHALLENGERMATCH-26APR18REIKEN-KEN,28,162,no
2026-04-18 04:12:50 PM,KXATPCHALLENGERMATCH-26APR18REIKEN-KEN,28,1993,no
2026-04-18 04:12:50 PM,KXATPCHALLENGERMATCH-26APR18REIKEN-KEN,29,6,yes
2026-04-18 04:12:50 PM,KXATPCHALLENGERMATCH-26APR18REIKEN-KEN,28,13,no
2026-04-18 04:12:52 PM,KXATPCHALLENGERMATCH-26APR18REIKEN-KEN,28,1100,no
2026-04-18 04:12:53 PM,KXATPCHALLENGERMATCH-26APR18REIKEN-KEN,28,102,no
2026-04-18 04:12:53 PM,KXATPCHALLENGERMATCH-26APR18REIKEN-KEN,29,373,yes
2026-04-18 04:12:53 PM,KXATPCHALLENGERMATCH-26APR18REIKEN-KEN,29,283,yes
2026-04-18 04:12:55 PM,KXATPCHALLENGERMATCH-26APR18REIKEN-KEN,25,3,no
2026-04-18 04:12:56 PM,KXATPCHALLENGERMATCH-26APR18REIKEN-KEN,27,50,no
2026-04-18 04:12:56 PM,KXATPCHALLENGERMATCH-26APR18REIKEN-KEN,26,90,no
2026-04-18 04:12:56 PM,KXATPCHALLENGERMATCH-26APR18REIKEN-KEN,26,4,no
2026-04-18 04:13:00 PM,KXATPCHALLENGERMATCH-26APR18REIKEN-KEN,29,6,no
2026-04-18 04:13:01 PM,KXATPCHALLENGERMATCH-26APR18REIKEN-KEN,30,79,yes
2026-04-18 04:13:01 PM,KXATPCHALLENGERMATCH-26APR18REIKEN-KEN,29,393,no
2026-04-18 04:13:01 PM,KXATPCHALLENGERMATCH-26APR18REIKEN-KEN,29,50,no
2026-04-18 04:13:01 PM,KXATPCHALLENGERMATCH-26APR18REIKEN-KEN,29,100,no
2026-04-18 04:13:01 PM,KXATPCHALLENGERMATCH-26APR18REIKEN-KEN,28,2456,no
2026-04-18 04:13:01 PM,KXATPCHALLENGERMATCH-26APR18REIKEN-KEN,30,0,yes
2026-04-18 04:13:01 PM,KXATPCHALLENGERMATCH-26APR18REIKEN-KEN,30,9,yes
2026-04-18 04:13:02 PM,KXATPCHALLENGERMATCH-26APR18REIKEN-KEN,29,382,no
2026-04-18 04:13:02 PM,KXATPCHALLENGERMATCH-26APR18REIKEN-KEN,29,150,no
2026-04-18 04:13:03 PM,KXATPCHALLENGERMATCH-26APR18REIKEN-KEN,29,96,no
2026-04-18 04:13:04 PM,KXATPCHALLENGERMATCH-26APR18REIKEN-KEN,29,35,no
2026-04-18 04:13:05 PM,KXATPCHALLENGERMATCH-26APR18REIKEN-KEN,29,46,no
2026-04-18 04:13:06 PM,KXATPCHALLENGERMATCH-26APR18REIKEN-KEN,30,10,yes
2026-04-18 04:13:06 PM,KXATPCHALLENGERMATCH-26APR18REIKEN-KEN,30,11,yes
2026-04-18 04:13:06 PM,KXATPCHALLENGERMATCH-26APR18REIKEN-KEN,30,26,yes
2026-04-18 04:13:07 PM,KXATPCHALLENGERMATCH-26APR18REIKEN-KEN,29,569,no
2026-04-18 04:13:07 PM,KXATPCHALLENGERMATCH-26APR18REIKEN-KEN,30,246,yes
2026-04-18 04:13:08 PM,KXATPCHALLENGERMATCH-26APR18REIKEN-KEN,30,20,yes
2026-04-18 04:13:11 PM,KXATPCHALLENGERMATCH-26APR18REIKEN-KEN,30,3,yes
2026-04-18 04:13:12 PM,KXATPCHALLENGERMATCH-26APR18REIKEN-KEN,29,4054,no
2026-04-18 04:13:14 PM,KXATPCHALLENGERMATCH-26APR18REIKEN-KEN,30,50,no
2026-04-18 04:13:14 PM,KXATPCHALLENGERMATCH-26APR18REIKEN-KEN,30,400,no
2026-04-18 04:13:14 PM,KXATPCHALLENGERMATCH-26APR18REIKEN-KEN,29,974,no
2026-04-18 04:13:14 PM,KXATPCHALLENGERMATCH-26APR18REIKEN-KEN,29,100,no
2026-04-18 04:13:14 PM,KXATPCHALLENGERMATCH-26APR18REIKEN-KEN,29,400,no
2026-04-18 04:13:14 PM,KXATPCHALLENGERMATCH-26APR18REIKEN-KEN,29,20,no
2026-04-18 04:13:14 PM,KXATPCHALLENGERMATCH-26APR18REIKEN-KEN,28,437,no
2026-04-18 04:13:14 PM,KXATPCHALLENGERMATCH-26APR18REIKEN-KEN,29,15,no
2026-04-18 04:13:15 PM,KXATPCHALLENGERMATCH-26APR18REIKEN-KEN,31,3,yes
2026-04-18 04:13:17 PM,KXATPCHALLENGERMATCH-26APR18REIKEN-KEN,29,1973,no
2026-04-18 04:13:17 PM,KXATPCHALLENGERMATCH-26APR18REIKEN-KEN,29,100,no
2026-04-18 04:13:17 PM,KXATPCHALLENGERMATCH-26APR18REIKEN-KEN,29,3,yes
2026-04-18 04:13:18 PM,KXATPCHALLENGERMATCH-26APR18REIKEN-KEN,29,50,yes
2026-04-18 04:13:21 PM,KXATPCHALLENGERMATCH-26APR18REIKEN-KEN,29,256,yes
2026-04-18 04:13:23 PM,KXATPCHALLENGERMATCH-26APR18REIKEN-KEN,29,20,yes
2026-04-18 04:13:23 PM,KXATPCHALLENGERMATCH-26APR18REIKEN-KEN,29,32,yes
2026-04-18 04:13:24 PM,KXATPCHALLENGERMATCH-26APR18REIKEN-KEN,28,1000,no
2026-04-18 04:13:25 PM,KXATPCHALLENGERMATCH-26APR18REIKEN-KEN,29,98,yes
2026-04-18 04:13:25 PM,KXATPCHALLENGERMATCH-26APR18REIKEN-KEN,29,275,yes
2026-04-18 04:13:25 PM,KXATPCHALLENGERMATCH-26APR18REIKEN-KEN,29,985,yes
2026-04-18 04:13:26 PM,KXATPCHALLENGERMATCH-26APR18REIKEN-KEN,28,326,no
2026-04-18 04:13:27 PM,KXATPCHALLENGERMATCH-26APR18REIKEN-KEN,30,1,yes
2026-04-18 04:13:28 PM,KXATPCHALLENGERMATCH-26APR18REIKEN-KEN,29,24,no
2026-04-18 04:13:28 PM,KXATPCHALLENGERMATCH-26APR18REIKEN-KEN,30,33,yes
2026-04-18 04:13:28 PM,KXATPCHALLENGERMATCH-26APR18REIKEN-KEN,30,87,yes
2026-04-18 04:13:29 PM,KXATPCHALLENGERMATCH-26APR18REIKEN-KEN,27,11,no
2026-04-18 04:13:30 PM,KXATPCHALLENGERMATCH-26APR18REIKEN-KEN,29,8,no
2026-04-18 04:13:34 PM,KXATPCHALLENGERMATCH-26APR18REIKEN-KEN,31,4,yes
2026-04-18 04:13:36 PM,KXATPCHALLENGERMATCH-26APR18REIKEN-KEN,30,5,no
2026-04-18 04:13:38 PM,KXATPCHALLENGERMATCH-26APR18REIKEN-KEN,30,3,yes
2026-04-18 04:13:38 PM,KXATPCHALLENGERMATCH-26APR18REIKEN-KEN,30,0,yes
2026-04-18 04:13:39 PM,KXATPCHALLENGERMATCH-26APR18REIKEN-KEN,30,1,yes
2026-04-18 04:13:39 PM,KXATPCHALLENGERMATCH-26APR18REIKEN-KEN,30,990,yes
2026-04-18 04:13:39 PM,KXATPCHALLENGERMATCH-26APR18REIKEN-KEN,31,14,yes
2026-04-18 04:13:41 PM,KXATPCHALLENGERMATCH-26APR18REIKEN-KEN,31,1,no
2026-04-18 04:13:41 PM,KXATPCHALLENGERMATCH-26APR18REIKEN-KEN,32,18,no
2026-04-18 04:13:42 PM,KXATPCHALLENGERMATCH-26APR18REIKEN-KEN,32,0,no
2026-04-18 04:13:43 PM,KXATPCHALLENGERMATCH-26APR18REIKEN-KEN,33,14,yes
2026-04-18 04:13:43 PM,KXATPCHALLENGERMATCH-26APR18REIKEN-KEN,33,1,yes
2026-04-18 04:13:43 PM,KXATPCHALLENGERMATCH-26APR18REIKEN-KEN,33,14,yes
2026-04-18 04:13:50 PM,KXATPCHALLENGERMATCH-26APR18REIKEN-KEN,34,13,yes
2026-04-18 04:13:51 PM,KXATPCHALLENGERMATCH-26APR18REIKEN-KEN,33,20,no
2026-04-18 04:13:51 PM,KXATPCHALLENGERMATCH-26APR18REIKEN-KEN,35,109,yes
2026-04-18 04:13:53 PM,KXATPCHALLENGERMATCH-26APR18REIKEN-KEN,35,13,yes
2026-04-18 04:13:54 PM,KXATPCHALLENGERMATCH-26APR18REIKEN-KEN,35,73,yes
2026-04-18 04:13:54 PM,KXATPCHALLENGERMATCH-26APR18REIKEN-KEN,35,2,yes
2026-04-18 04:13:55 PM,KXATPCHALLENGERMATCH-26APR18REIKEN-KEN,35,54,yes
2026-04-18 04:13:55 PM,KXATPCHALLENGERMATCH-26APR18REIKEN-KEN,35,16,yes
2026-04-18 04:13:56 PM,KXATPCHALLENGERMATCH-26APR18REIKEN-KEN,35,27,yes
2026-04-18 04:13:56 PM,KXATPCHALLENGERMATCH-26APR18REIKEN-KEN,35,8,yes
2026-04-18 04:13:58 PM,KXATPCHALLENGERMATCH-26APR18REIKEN-KEN,35,54,yes
2026-04-18 04:13:58 PM,KXATPCHALLENGERMATCH-26APR18REIKEN-KEN,34,10,no
2026-04-18 04:13:58 PM,KXATPCHALLENGERMATCH-26APR18REIKEN-KEN,33,497,no
2026-04-18 04:13:59 PM,KXATPCHALLENGERMATCH-26APR18REIKEN-KEN,35,40,yes
2026-04-18 04:13:59 PM,KXATPCHALLENGERMATCH-26APR18REIKEN-KEN,35,9,yes
2026-04-18 04:13:59 PM,KXATPCHALLENGERMATCH-26APR18REIKEN-KEN,33,10,no
2026-04-18 04:13:59 PM,KXATPCHALLENGERMATCH-26APR18REIKEN-KEN,35,2,yes
2026-04-18 04:13:59 PM,KXATPCHALLENGERMATCH-26APR18REIKEN-KEN,35,7,yes
2026-04-18 04:13:59 PM,KXATPCHALLENGERMATCH-26APR18REIKEN-KEN,35,33,yes
2026-04-18 04:14:01 PM,KXATPCHALLENGERMATCH-26APR18REIKEN-KEN,35,10,yes
2026-04-18 04:14:01 PM,KXATPCHALLENGERMATCH-26APR18REIKEN-KEN,35,7,yes
2026-04-18 04:14:02 PM,KXATPCHALLENGERMATCH-26APR18REIKEN-KEN,35,344,yes
2026-04-18 04:14:03 PM,KXATPCHALLENGERMATCH-26APR18REIKEN-KEN,35,5,yes
2026-04-18 04:14:03 PM,KXATPCHALLENGERMATCH-26APR18REIKEN-KEN,35,5,yes
2026-04-18 04:14:04 PM,KXATPCHALLENGERMATCH-26APR18REIKEN-KEN,35,44,yes
2026-04-18 04:14:04 PM,KXATPCHALLENGERMATCH-26APR18REIKEN-KEN,35,1469,yes
2026-04-18 04:14:04 PM,KXATPCHALLENGERMATCH-26APR18REIKEN-KEN,35,100,yes
2026-04-18 04:14:05 PM,KXATPCHALLENGERMATCH-26APR18REIKEN-KEN,34,100,no
2026-04-18 04:14:05 PM,KXATPCHALLENGERMATCH-26APR18REIKEN-KEN,34,50,no
2026-04-18 04:14:05 PM,KXATPCHALLENGERMATCH-26APR18REIKEN-KEN,34,400,no
2026-04-18 04:14:05 PM,KXATPCHALLENGERMATCH-26APR18REIKEN-KEN,33,400,no
2026-04-18 04:14:05 PM,KXATPCHALLENGERMATCH-26APR18REIKEN-KEN,29,5,no
2026-04-18 04:14:05 PM,KXATPCHALLENGERMATCH-26APR18REIKEN-KEN,29,45,no
2026-04-18 04:14:07 PM,KXATPCHALLENGERMATCH-26APR18REIKEN-KEN,35,45,yes
2026-04-18 04:14:12 PM,KXATPCHALLENGERMATCH-26APR18REIKEN-KEN,37,20,yes
2026-04-18 04:14:13 PM,KXATPCHALLENGERMATCH-26APR18REIKEN-KEN,37,29,yes
2026-04-18 04:14:13 PM,KXATPCHALLENGERMATCH-26APR18REIKEN-KEN,37,70,yes
2026-04-18 04:14:13 PM,KXATPCHALLENGERMATCH-26APR18REIKEN-KEN,37,25,yes
2026-04-18 04:14:20 PM,KXATPCHALLENGERMATCH-26APR18REIKEN-KEN,37,25,yes
2026-04-18 04:14:20 PM,KXATPCHALLENGERMATCH-26APR18REIKEN-KEN,37,24,yes
2026-04-18 04:14:20 PM,KXATPCHALLENGERMATCH-26APR18REIKEN-KEN,37,12,yes
2026-04-18 04:14:21 PM,KXATPCHALLENGERMATCH-26APR18REIKEN-KEN,37,12,yes
2026-04-18 04:14:21 PM,KXATPCHALLENGERMATCH-26APR18REIKEN-KEN,37,0,yes
2026-04-18 04:14:21 PM,KXATPCHALLENGERMATCH-26APR18REIKEN-KEN,37,35,yes
2026-04-18 04:14:21 PM,KXATPCHALLENGERMATCH-26APR18REIKEN-KEN,37,4,yes
2026-04-18 04:14:22 PM,KXATPCHALLENGERMATCH-26APR18REIKEN-KEN,37,113,yes
2026-04-18 04:14:22 PM,KXATPCHALLENGERMATCH-26APR18REIKEN-KEN,38,400,yes
2026-04-18 04:14:22 PM,KXATPCHALLENGERMATCH-26APR18REIKEN-KEN,38,49,yes
2026-04-18 04:14:22 PM,KXATPCHALLENGERMATCH-26APR18REIKEN-KEN,39,500,yes
2026-04-18 04:14:22 PM,KXATPCHALLENGERMATCH-26APR18REIKEN-KEN,39,400,yes
2026-04-18 04:14:22 PM,KXATPCHALLENGERMATCH-26APR18REIKEN-KEN,39,10,yes
2026-04-18 04:14:22 PM,KXATPCHALLENGERMATCH-26APR18REIKEN-KEN,39,100,yes
2026-04-18 04:14:22 PM,KXATPCHALLENGERMATCH-26APR18REIKEN-KEN,40,20,yes
2026-04-18 04:14:22 PM,KXATPCHALLENGERMATCH-26APR18REIKEN-KEN,40,400,yes
2026-04-18 04:14:22 PM,KXATPCHALLENGERMATCH-26APR18REIKEN-KEN,41,46,yes
2026-04-18 04:14:22 PM,KXATPCHALLENGERMATCH-26APR18REIKEN-KEN,41,400,yes
2026-04-18 04:14:22 PM,KXATPCHALLENGERMATCH-26APR18REIKEN-KEN,41,182,yes
2026-04-18 04:14:24 PM,KXATPCHALLENGERMATCH-26APR18REIKEN-KEN,40,135,no
2026-04-18 04:14:25 PM,KXATPCHALLENGERMATCH-26APR18REIKEN-KEN,43,22,yes
2026-04-18 04:14:26 PM,KXATPCHALLENGERMATCH-26APR18REIKEN-KEN,43,50,yes
2026-04-18 04:14:27 PM,KXATPCHALLENGERMATCH-26APR18REIKEN-KEN,44,8,yes
2026-04-18 04:14:28 PM,KXATPCHALLENGERMATCH-26APR18REIKEN-KEN,44,21,yes
2026-04-18 04:14:28 PM,KXATPCHALLENGERMATCH-26APR18REIKEN-KEN,44,13,yes
2026-04-18 04:14:28 PM,KXATPCHALLENGERMATCH-26APR18REIKEN-KEN,44,19,yes
2026-04-18 04:14:30 PM,KXATPCHALLENGERMATCH-26APR18REIKEN-KEN,43,20,no
2026-04-18 04:14:31 PM,KXATPCHALLENGERMATCH-26APR18REIKEN-KEN,44,13,yes
2026-04-18 04:14:33 PM,KXATPCHALLENGERMATCH-26APR18REIKEN-KEN,44,36,yes
2026-04-18 04:14:33 PM,KXATPCHALLENGERMATCH-26APR18REIKEN-KEN,44,71,yes
2026-04-18 04:14:33 PM,KXATPCHALLENGERMATCH-26APR18REIKEN-KEN,44,21,yes
2026-04-18 04:14:34 PM,KXATPCHALLENGERMATCH-26APR18REIKEN-KEN,44,52,yes
2026-04-18 04:14:34 PM,KXATPCHALLENGERMATCH-26APR18REIKEN-KEN,44,49,yes
2026-04-18 04:14:34 PM,KXATPCHALLENGERMATCH-26APR18REIKEN-KEN,43,72,no
2026-04-18 04:14:34 PM,KXATPCHALLENGERMATCH-26APR18REIKEN-KEN,44,12,yes
2026-04-18 04:14:36 PM,KXATPCHALLENGERMATCH-26APR18REIKEN-KEN,44,21,yes
2026-04-18 04:14:37 PM,KXATPCHALLENGERMATCH-26APR18REIKEN-KEN,44,7,yes
2026-04-18 04:14:38 PM,KXATPCHALLENGERMATCH-26APR18REIKEN-KEN,43,25,no
2026-04-18 04:14:38 PM,KXATPCHALLENGERMATCH-26APR18REIKEN-KEN,44,65,yes
2026-04-18 04:14:38 PM,KXATPCHALLENGERMATCH-26APR18REIKEN-KEN,43,25,no
2026-04-18 04:14:39 PM,KXATPCHALLENGERMATCH-26APR18REIKEN-KEN,43,4,no
2026-04-18 04:14:39 PM,KXATPCHALLENGERMATCH-26APR18REIKEN-KEN,44,98,yes
2026-04-18 04:14:39 PM,KXATPCHALLENGERMATCH-26APR18REIKEN-KEN,43,1099,no
2026-04-18 04:14:39 PM,KXATPCHALLENGERMATCH-26APR18REIKEN-KEN,44,400,yes
2026-04-18 04:14:39 PM,KXATPCHALLENGERMATCH-26APR18REIKEN-KEN,44,24,yes
2026-04-18 04:14:40 PM,KXATPCHALLENGERMATCH-26APR18REIKEN-KEN,44,26,yes
2026-04-18 04:14:40 PM,KXATPCHALLENGERMATCH-26APR18REIKEN-KEN,45,28,yes
2026-04-18 04:14:41 PM,KXATPCHALLENGERMATCH-26APR18REIKEN-KEN,45,44,yes
2026-04-18 04:14:42 PM,KXATPCHALLENGERMATCH-26APR18REIKEN-KEN,45,134,yes
2026-04-18 04:14:42 PM,KXATPCHALLENGERMATCH-26APR18REIKEN-KEN,45,10,yes
2026-04-18 04:14:44 PM,KXATPCHALLENGERMATCH-26APR18REIKEN-KEN,45,2,yes
2026-04-18 04:14:44 PM,KXATPCHALLENGERMATCH-26APR18REIKEN-KEN,45,42,yes
2026-04-18 04:14:44 PM,KXATPCHALLENGERMATCH-26APR18REIKEN-KEN,44,5,no
2026-04-18 04:14:45 PM,KXATPCHALLENGERMATCH-26APR18REIKEN-KEN,44,45,yes
2026-04-18 04:14:45 PM,KXATPCHALLENGERMATCH-26APR18REIKEN-KEN,45,51,yes
2026-04-18 04:14:47 PM,KXATPCHALLENGERMATCH-26APR18REIKEN-KEN,43,29,no
2026-04-18 04:14:47 PM,KXATPCHALLENGERMATCH-26APR18REIKEN-KEN,43,294,no
2026-04-18 04:14:47 PM,KXATPCHALLENGERMATCH-26APR18REIKEN-KEN,45,18,yes
2026-04-18 04:14:47 PM,KXATPCHALLENGERMATCH-26APR18REIKEN-KEN,45,30,yes
2026-04-18 04:14:47 PM,KXATPCHALLENGERMATCH-26APR18REIKEN-KEN,47,30,yes
2026-04-18 04:14:47 PM,KXATPCHALLENGERMATCH-26APR18REIKEN-KEN,47,53,yes
2026-04-18 04:14:48 PM,KXATPCHALLENGERMATCH-26APR18REIKEN-KEN,43,150,no
2026-04-18 04:14:48 PM,KXATPCHALLENGERMATCH-26APR18REIKEN-KEN,42,300,no
2026-04-18 04:14:48 PM,KXATPCHALLENGERMATCH-26APR18REIKEN-KEN,42,400,no
2026-04-18 04:14:48 PM,KXATPCHALLENGERMATCH-26APR18REIKEN-KEN,41,50,no
2026-04-18 04:14:48 PM,KXATPCHALLENGERMATCH-26APR18REIKEN-KEN,41,18,no
2026-04-18 04:14:48 PM,KXATPCHALLENGERMATCH-26APR18REIKEN-KEN,41,400,no
2026-04-18 04:14:48 PM,KXATPCHALLENGERMATCH-26APR18REIKEN-KEN,40,150,no
2026-04-18 04:14:48 PM,KXATPCHALLENGERMATCH-26APR18REIKEN-KEN,40,131,no
2026-04-18 04:14:49 PM,KXATPCHALLENGERMATCH-26APR18REIKEN-KEN,46,202,yes
2026-04-18 04:14:49 PM,KXATPCHALLENGERMATCH-26APR18REIKEN-KEN,46,197,yes
2026-04-18 04:14:49 PM,KXATPCHALLENGERMATCH-26APR18REIKEN-KEN,46,3,yes
2026-04-18 04:14:49 PM,KXATPCHALLENGERMATCH-26APR18REIKEN-KEN,38,30,no
2026-04-18 04:14:51 PM,KXATPCHALLENGERMATCH-26APR18REIKEN-KEN,36,50,yes
2026-04-18 04:14:52 PM,KXATPCHALLENGERMATCH-26APR18REIKEN-KEN,36,10,yes
2026-04-18 04:14:52 PM,KXATPCHALLENGERMATCH-26APR18REIKEN-KEN,36,25,yes
2026-04-18 04:14:54 PM,KXATPCHALLENGERMATCH-26APR18REIKEN-KEN,36,26,yes
2026-04-18 04:14:56 PM,KXATPCHALLENGERMATCH-26APR18REIKEN-KEN,35,45,no
2026-04-18 04:14:57 PM,KXATPCHALLENGERMATCH-26APR18REIKEN-KEN,35,26,yes
2026-04-18 04:14:58 PM,KXATPCHALLENGERMATCH-26APR18REIKEN-KEN,35,112,yes
2026-04-18 04:15:00 PM,KXATPCHALLENGERMATCH-26APR18REIKEN-KEN,35,13,yes
2026-04-18 04:15:02 PM,KXATPCHALLENGERMATCH-26APR18REIKEN-KEN,35,303,yes
2026-04-18 04:15:04 PM,KXATPCHALLENGERMATCH-26APR18REIKEN-KEN,35,139,no
2026-04-18 04:15:05 PM,KXATPCHALLENGERMATCH-26APR18REIKEN-KEN,35,350,no
2026-04-18 04:15:05 PM,KXATPCHALLENGERMATCH-26APR18REIKEN-KEN,36,287,yes
2026-04-18 04:15:05 PM,KXATPCHALLENGERMATCH-26APR18REIKEN-KEN,36,400,yes
2026-04-18 04:15:05 PM,KXATPCHALLENGERMATCH-26APR18REIKEN-KEN,36,830,yes
2026-04-18 04:15:05 PM,KXATPCHALLENGERMATCH-26APR18REIKEN-KEN,36,7,yes
2026-04-18 04:15:11 PM,KXATPCHALLENGERMATCH-26APR18REIKEN-KEN,38,50,yes
2026-04-18 04:15:11 PM,KXATPCHALLENGERMATCH-26APR18REIKEN-KEN,38,13,yes
2026-04-18 04:15:11 PM,KXATPCHALLENGERMATCH-26APR18REIKEN-KEN,38,19,yes
2026-04-18 04:15:11 PM,KXATPCHALLENGERMATCH-26APR18REIKEN-KEN,38,81,yes
2026-04-18 04:15:11 PM,KXATPCHALLENGERMATCH-26APR18REIKEN-KEN,38,50,yes
2026-04-18 04:15:11 PM,KXATPCHALLENGERMATCH-26APR18REIKEN-KEN,38,27,yes
2026-04-18 04:15:11 PM,KXATPCHALLENGERMATCH-26APR18REIKEN-KEN,38,50,yes
2026-04-18 04:15:11 PM,KXATPCHALLENGERMATCH-26APR18REIKEN-KEN,38,35,yes
2026-04-18 04:15:11 PM,KXATPCHALLENGERMATCH-26APR18REIKEN-KEN,39,400,yes
2026-04-18 04:15:11 PM,KXATPCHALLENGERMATCH-26APR18REIKEN-KEN,40,91,yes
2026-04-18 04:15:15 PM,KXATPCHALLENGERMATCH-26APR18REIKEN-KEN,38,89,yes
2026-04-18 04:15:15 PM,KXATPCHALLENGERMATCH-26APR18REIKEN-KEN,38,50,yes
2026-04-18 04:15:15 PM,KXATPCHALLENGERMATCH-26APR18REIKEN-KEN,38,24,yes
2026-04-18 04:15:15 PM,KXATPCHALLENGERMATCH-26APR18REIKEN-KEN,38,50,yes
2026-04-18 04:15:15 PM,KXATPCHALLENGERMATCH-26APR18REIKEN-KEN,39,150,yes
2026-04-18 04:15:16 PM,KXATPCHALLENGERMATCH-26APR18REIKEN-KEN,39,35,yes
2026-04-18 04:15:16 PM,KXATPCHALLENGERMATCH-26APR18REIKEN-KEN,39,400,yes
2026-04-18 04:15:16 PM,KXATPCHALLENGERMATCH-26APR18REIKEN-KEN,40,593,yes
2026-04-18 04:15:16 PM,KXATPCHALLENGERMATCH-26APR18REIKEN-KEN,40,10,yes
2026-04-18 04:15:16 PM,KXATPCHALLENGERMATCH-26APR18REIKEN-KEN,40,100,yes
2026-04-18 04:15:16 PM,KXATPCHALLENGERMATCH-26APR18REIKEN-KEN,40,400,yes
2026-04-18 04:15:16 PM,KXATPCHALLENGERMATCH-26APR18REIKEN-KEN,40,400,yes
2026-04-18 04:15:16 PM,KXATPCHALLENGERMATCH-26APR18REIKEN-KEN,41,92,yes
2026-04-18 04:15:17 PM,KXATPCHALLENGERMATCH-26APR18REIKEN-KEN,38,25,yes
2026-04-18 04:15:17 PM,KXATPCHALLENGERMATCH-26APR18REIKEN-KEN,38,24,yes
2026-04-18 04:15:17 PM,KXATPCHALLENGERMATCH-26APR18REIKEN-KEN,38,12,yes
2026-04-18 04:15:19 PM,KXATPCHALLENGERMATCH-26APR18REIKEN-KEN,36,5,no
2026-04-18 04:15:19 PM,KXATPCHALLENGERMATCH-26APR18REIKEN-KEN,35,7,no
2026-04-18 04:15:22 PM,KXATPCHALLENGERMATCH-26APR18REIKEN-KEN,38,12,yes
2026-04-18 04:15:25 PM,KXATPCHALLENGERMATCH-26APR18REIKEN-KEN,39,12,yes
2026-04-18 04:15:27 PM,KXATPCHALLENGERMATCH-26APR18REIKEN-KEN,39,4,yes
2026-04-18 04:15:31 PM,KXATPCHALLENGERMATCH-26APR18REIKEN-KEN,39,19,yes
2026-04-18 04:15:34 PM,KXATPCHALLENGERMATCH-26APR18REIKEN-KEN,38,800,no
2026-04-18 04:15:35 PM,KXATPCHALLENGERMATCH-26APR18REIKEN-KEN,38,200,no
2026-04-18 04:15:35 PM,KXATPCHALLENGERMATCH-26APR18REIKEN-KEN,34,50,no
2026-04-18 04:15:35 PM,KXATPCHALLENGERMATCH-26APR18REIKEN-KEN,32,5,no
2026-04-18 04:15:35 PM,KXATPCHALLENGERMATCH-26APR18REIKEN-KEN,31,135,no
2026-04-18 04:15:35 PM,KXATPCHALLENGERMATCH-26APR18REIKEN-KEN,30,35,no
2026-04-18 04:15:35 PM,KXATPCHALLENGERMATCH-26APR18REIKEN-KEN,30,400,no
2026-04-18 04:15:35 PM,KXATPCHALLENGERMATCH-26APR18REIKEN-KEN,30,50,no
2026-04-18 04:15:35 PM,KXATPCHALLENGERMATCH-26APR18REIKEN-KEN,29,400,no
2026-04-18 04:15:35 PM,KXATPCHALLENGERMATCH-26APR18REIKEN-KEN,29,50,no
2026-04-18 04:15:36 PM,KXATPCHALLENGERMATCH-26APR18REIKEN-KEN,34,12,yes
2026-04-18 04:15:36 PM,KXATPCHALLENGERMATCH-26APR18REIKEN-KEN,34,50,yes
2026-04-18 04:15:38 PM,KXATPCHALLENGERMATCH-26APR18REIKEN-KEN,30,24,yes
2026-04-18 04:15:39 PM,KXATPCHALLENGERMATCH-26APR18REIKEN-KEN,29,1129,yes
2026-04-18 04:15:41 PM,KXATPCHALLENGERMATCH-26APR18REIKEN-KEN,29,9,yes
2026-04-18 04:15:42 PM,KXATPCHALLENGERMATCH-26APR18REIKEN-KEN,29,65,yes
2026-04-18 04:15:43 PM,KXATPCHALLENGERMATCH-26APR18REIKEN-KEN,29,16,yes
2026-04-18 04:15:45 PM,KXATPCHALLENGERMATCH-26APR18REIKEN-KEN,28,5,no
2026-04-18 04:15:45 PM,KXATPCHALLENGERMATCH-26APR18REIKEN-KEN,28,30,no
2026-04-18 04:15:45 PM,KXATPCHALLENGERMATCH-26APR18REIKEN-KEN,28,105,no
2026-04-18 04:15:45 PM,KXATPCHALLENGERMATCH-26APR18REIKEN-KEN,29,9,yes
2026-04-18 04:15:46 PM,KXATPCHALLENGERMATCH-26APR18REIKEN-KEN,28,43,no
2026-04-18 04:15:46 PM,KXATPCHALLENGERMATCH-26APR18REIKEN-KEN,28,859,no
2026-04-18 04:15:47 PM,KXATPCHALLENGERMATCH-26APR18REIKEN-KEN,28,12,no
2026-04-18 04:15:47 PM,KXATPCHALLENGERMATCH-26APR18REIKEN-KEN,29,49,yes
2026-04-18 04:15:47 PM,KXATPCHALLENGERMATCH-26APR18REIKEN-KEN,28,68,no
2026-04-18 04:15:47 PM,KXATPCHALLENGERMATCH-26APR18REIKEN-KEN,29,160,yes
2026-04-18 04:15:48 PM,KXATPCHALLENGERMATCH-26APR18REIKEN-KEN,28,4,no
2026-04-18 04:15:48 PM,KXATPCHALLENGERMATCH-26APR18REIKEN-KEN,29,381,yes
2026-04-18 04:15:49 PM,KXATPCHALLENGERMATCH-26APR18REIKEN-KEN,29,59,yes
2026-04-18 04:15:49 PM,KXATPCHALLENGERMATCH-26APR18REIKEN-KEN,29,657,yes
2026-04-18 04:15:49 PM,KXATPCHALLENGERMATCH-26APR18REIKEN-KEN,29,328,yes
2026-04-18 04:15:52 PM,KXATPCHALLENGERMATCH-26APR18REIKEN-KEN,31,6,yes
2026-04-18 04:15:55 PM,KXATPCHALLENGERMATCH-26APR18REIKEN-KEN,30,400,no
2026-04-18 04:15:55 PM,KXATPCHALLENGERMATCH-26APR18REIKEN-KEN,30,201,no
2026-04-18 04:15:55 PM,KXATPCHALLENGERMATCH-26APR18REIKEN-KEN,29,118,no
2026-04-18 04:15:56 PM,KXATPCHALLENGERMATCH-26APR18REIKEN-KEN,31,30,yes
2026-04-18 04:15:57 PM,KXATPCHALLENGERMATCH-26APR18REIKEN-KEN,31,43,yes
2026-04-18 04:15:58 PM,KXATPCHALLENGERMATCH-26APR18REIKEN-KEN,31,46,yes
2026-04-18 04:15:58 PM,KXATPCHALLENGERMATCH-26APR18REIKEN-KEN,31,92,yes
2026-04-18 04:15:58 PM,KXATPCHALLENGERMATCH-26APR18REIKEN-KEN,31,17,yes
2026-04-18 04:15:58 PM,KXATPCHALLENGERMATCH-26APR18REIKEN-KEN,31,54,yes
2026-04-18 04:15:58 PM,KXATPCHALLENGERMATCH-26APR18REIKEN-KEN,31,153,yes
2026-04-18 04:15:59 PM,KXATPCHALLENGERMATCH-26APR18REIKEN-KEN,30,100,no
2026-04-18 04:15:59 PM,KXATPCHALLENGERMATCH-26APR18REIKEN-KEN,31,30,yes
2026-04-18 04:15:59 PM,KXATPCHALLENGERMATCH-26APR18REIKEN-KEN,31,153,yes
2026-04-18 04:16:00 PM,KXATPCHALLENGERMATCH-26APR18REIKEN-KEN,30,177,no
2026-04-18 04:16:00 PM,KXATPCHALLENGERMATCH-26APR18REIKEN-KEN,30,91,no
2026-04-18 04:16:00 PM,KXATPCHALLENGERMATCH-26APR18REIKEN-KEN,31,6,yes
2026-04-18 04:16:00 PM,KXATPCHALLENGERMATCH-26APR18REIKEN-KEN,31,387,yes
2026-04-18 04:16:00 PM,KXATPCHALLENGERMATCH-26APR18REIKEN-KEN,30,456,no
2026-04-18 04:16:01 PM,KXATPCHALLENGERMATCH-26APR18REIKEN-KEN,31,61,yes
2026-04-18 04:16:01 PM,KXATPCHALLENGERMATCH-26APR18REIKEN-KEN,31,50,yes
2026-04-18 04:16:01 PM,KXATPCHALLENGERMATCH-26APR18REIKEN-KEN,31,138,yes
2026-04-18 04:16:01 PM,KXATPCHALLENGERMATCH-26APR18REIKEN-KEN,31,123,yes
2026-04-18 04:16:01 PM,KXATPCHALLENGERMATCH-26APR18REIKEN-KEN,31,30,yes
2026-04-18 04:16:01 PM,KXATPCHALLENGERMATCH-26APR18REIKEN-KEN,31,606,yes
2026-04-18 04:16:02 PM,KXATPCHALLENGERMATCH-26APR18REIKEN-KEN,31,15,yes
2026-04-18 04:16:02 PM,KXATPCHALLENGERMATCH-26APR18REIKEN-KEN,31,9,yes
2026-04-18 04:16:02 PM,KXATPCHALLENGERMATCH-26APR18REIKEN-KEN,31,120,yes
2026-04-18 04:16:03 PM,KXATPCHALLENGERMATCH-26APR18REIKEN-KEN,31,147,yes
2026-04-18 04:16:03 PM,KXATPCHALLENGERMATCH-26APR18REIKEN-KEN,31,15,yes
2026-04-18 04:16:04 PM,KXATPCHALLENGERMATCH-26APR18REIKEN-KEN,31,9,yes
2026-04-18 04:16:04 PM,KXATPCHALLENGERMATCH-26APR18REIKEN-KEN,31,1,yes
2026-04-18 04:16:08 PM,KXATPCHALLENGERMATCH-26APR18REIKEN-KEN,31,22,yes
2026-04-18 04:16:08 PM,KXATPCHALLENGERMATCH-26APR18REIKEN-KEN,31,76,yes
2026-04-18 04:16:09 PM,KXATPCHALLENGERMATCH-26APR18REIKEN-KEN,31,470,yes
2026-04-18 04:16:10 PM,KXATPCHALLENGERMATCH-26APR18REIKEN-KEN,31,9,yes
2026-04-18 04:16:11 PM,KXATPCHALLENGERMATCH-26APR18REIKEN-KEN,31,153,yes
2026-04-18 04:16:12 PM,KXATPCHALLENGERMATCH-26APR18REIKEN-KEN,31,615,yes
2026-04-18 04:16:13 PM,KXATPCHALLENGERMATCH-26APR18REIKEN-KEN,31,92,yes
2026-04-18 04:16:14 PM,KXATPCHALLENGERMATCH-26APR18REIKEN-KEN,31,1,yes
2026-04-18 04:16:14 PM,KXATPCHALLENGERMATCH-26APR18REIKEN-KEN,31,9,yes
2026-04-18 04:16:14 PM,KXATPCHALLENGERMATCH-26APR18REIKEN-KEN,30,500,no
2026-04-18 04:16:15 PM,KXATPCHALLENGERMATCH-26APR18REIKEN-KEN,31,15,yes
2026-04-18 04:16:15 PM,KXATPCHALLENGERMATCH-26APR18REIKEN-KEN,31,21,yes
2026-04-18 04:16:15 PM,KXATPCHALLENGERMATCH-26APR18REIKEN-KEN,31,1,yes
2026-04-18 04:16:16 PM,KXATPCHALLENGERMATCH-26APR18REIKEN-KEN,31,61,yes
2026-04-18 04:16:16 PM,KXATPCHALLENGERMATCH-26APR18REIKEN-KEN,31,21,yes
2026-04-18 04:16:16 PM,KXATPCHALLENGERMATCH-26APR18REIKEN-KEN,31,30,yes
2026-04-18 04:16:17 PM,KXATPCHALLENGERMATCH-26APR18REIKEN-KEN,30,70,no
2026-04-18 04:16:17 PM,KXATPCHALLENGERMATCH-26APR18REIKEN-KEN,31,76,yes
2026-04-18 04:16:18 PM,KXATPCHALLENGERMATCH-26APR18REIKEN-KEN,31,161,yes
2026-04-18 04:16:18 PM,KXATPCHALLENGERMATCH-26APR18REIKEN-KEN,31,62,yes
2026-04-18 04:16:19 PM,KXATPCHALLENGERMATCH-26APR18REIKEN-KEN,31,100,yes
2026-04-18 04:16:22 PM,KXATPCHALLENGERMATCH-26APR18REIKEN-KEN,31,73,yes
2026-04-18 04:16:24 PM,KXATPCHALLENGERMATCH-26APR18REIKEN-KEN,31,15,yes
2026-04-18 04:16:25 PM,KXATPCHALLENGERMATCH-26APR18REIKEN-KEN,31,148,yes
2026-04-18 04:16:25 PM,KXATPCHALLENGERMATCH-26APR18REIKEN-KEN,31,1154,yes
2026-04-18 04:16:25 PM,KXATPCHALLENGERMATCH-26APR18REIKEN-KEN,31,235,yes
2026-04-18 04:16:26 PM,KXATPCHALLENGERMATCH-26APR18REIKEN-KEN,31,81,yes
2026-04-18 04:16:28 PM,KXATPCHALLENGERMATCH-26APR18REIKEN-KEN,31,30,yes
2026-04-18 04:16:29 PM,KXATPCHALLENGERMATCH-26APR18REIKEN-KEN,30,112,no
2026-04-18 04:16:30 PM,KXATPCHALLENGERMATCH-26APR18REIKEN-KEN,31,52,yes
2026-04-18 04:16:30 PM,KXATPCHALLENGERMATCH-26APR18REIKEN-KEN,31,210,yes
2026-04-18 04:16:31 PM,KXATPCHALLENGERMATCH-26APR18REIKEN-KEN,30,200,no
2026-04-18 04:16:31 PM,KXATPCHALLENGERMATCH-26APR18REIKEN-KEN,31,189,yes
2026-04-18 04:16:31 PM,KXATPCHALLENGERMATCH-26APR18REIKEN-KEN,31,400,yes
2026-04-18 04:16:31 PM,KXATPCHALLENGERMATCH-26APR18REIKEN-KEN,31,25,yes
2026-04-18 04:16:31 PM,KXATPCHALLENGERMATCH-26APR18REIKEN-KEN,31,30,yes
2026-04-18 04:16:32 PM,KXATPCHALLENGERMATCH-26APR18REIKEN-KEN,31,15,yes
2026-04-18 04:16:33 PM,KXATPCHALLENGERMATCH-26APR18REIKEN-KEN,30,134,no
2026-04-18 04:16:33 PM,KXATPCHALLENGERMATCH-26APR18REIKEN-KEN,31,54,yes
2026-04-18 04:16:34 PM,KXATPCHALLENGERMATCH-26APR18REIKEN-KEN,31,273,yes
2026-04-18 04:16:34 PM,KXATPCHALLENGERMATCH-26APR18REIKEN-KEN,31,35,yes
2026-04-18 04:16:35 PM,KXATPCHALLENGERMATCH-26APR18REIKEN-KEN,31,100,yes
2026-04-18 04:16:35 PM,KXATPCHALLENGERMATCH-26APR18REIKEN-KEN,31,264,yes
2026-04-18 04:16:35 PM,KXATPCHALLENGERMATCH-26APR18REIKEN-KEN,31,350,yes
2026-04-18 04:16:37 PM,KXATPCHALLENGERMATCH-26APR18REIKEN-KEN,31,15,yes
2026-04-18 04:16:38 PM,KXATPCHALLENGERMATCH-26APR18REIKEN-KEN,31,33,yes
2026-04-18 04:16:39 PM,KXATPCHALLENGERMATCH-26APR18REIKEN-KEN,30,1,no
2026-04-18 04:16:43 PM,KXATPCHALLENGERMATCH-26APR18REIKEN-KEN,32,134,yes
2026-04-18 04:16:43 PM,KXATPCHALLENGERMATCH-26APR18REIKEN-KEN,32,5,yes
2026-04-18 04:16:44 PM,KXATPCHALLENGERMATCH-26APR18REIKEN-KEN,32,134,yes
2026-04-18 04:16:45 PM,KXATPCHALLENGERMATCH-26APR18REIKEN-KEN,32,126,yes
2026-04-18 04:16:45 PM,KXATPCHALLENGERMATCH-26APR18REIKEN-KEN,32,400,yes
2026-04-18 04:16:45 PM,KXATPCHALLENGERMATCH-26APR18REIKEN-KEN,32,70,yes
2026-04-18 04:16:45 PM,KXATPCHALLENGERMATCH-26APR18REIKEN-KEN,32,300,yes
2026-04-18 04:16:46 PM,KXATPCHALLENGERMATCH-26APR18REIKEN-KEN,32,29,yes
2026-04-18 04:16:46 PM,KXATPCHALLENGERMATCH-26APR18REIKEN-KEN,32,400,yes
2026-04-18 04:16:46 PM,KXATPCHALLENGERMATCH-26APR18REIKEN-KEN,32,23,yes
2026-04-18 04:16:49 PM,KXATPCHALLENGERMATCH-26APR18REIKEN-KEN,32,29,yes
2026-04-18 04:16:50 PM,KXATPCHALLENGERMATCH-26APR18REIKEN-KEN,32,25,yes
2026-04-18 04:16:51 PM,KXATPCHALLENGERMATCH-26APR18REIKEN-KEN,32,5,yes
2026-04-18 04:16:51 PM,KXATPCHALLENGERMATCH-26APR18REIKEN-KEN,32,298,yes
2026-04-18 04:16:53 PM,KXATPCHALLENGERMATCH-26APR18REIKEN-KEN,32,23,yes
2026-04-18 04:16:53 PM,KXATPCHALLENGERMATCH-26APR18REIKEN-KEN,32,685,yes
2026-04-18 04:16:53 PM,KXATPCHALLENGERMATCH-26APR18REIKEN-KEN,32,50,yes
2026-04-18 04:16:53 PM,KXATPCHALLENGERMATCH-26APR18REIKEN-KEN,32,665,yes
2026-04-18 04:16:55 PM,KXATPCHALLENGERMATCH-26APR18REIKEN-KEN,32,1047,yes
2026-04-18 04:16:55 PM,KXATPCHALLENGERMATCH-26APR18REIKEN-KEN,32,400,yes
2026-04-18 04:16:55 PM,KXATPCHALLENGERMATCH-26APR18REIKEN-KEN,32,400,yes
2026-04-18 04:16:55 PM,KXATPCHALLENGERMATCH-26APR18REIKEN-KEN,32,400,yes
2026-04-18 04:16:55 PM,KXATPCHALLENGERMATCH-26APR18REIKEN-KEN,32,400,yes
2026-04-18 04:16:55 PM,KXATPCHALLENGERMATCH-26APR18REIKEN-KEN,32,400,yes
2026-04-18 04:16:55 PM,KXATPCHALLENGERMATCH-26APR18REIKEN-KEN,32,286,yes
2026-04-18 04:16:56 PM,KXATPCHALLENGERMATCH-26APR18REIKEN-KEN,32,5,yes
2026-04-18 04:16:56 PM,KXATPCHALLENGERMATCH-26APR18REIKEN-KEN,32,12,yes
2026-04-18 04:16:57 PM,KXATPCHALLENGERMATCH-26APR18REIKEN-KEN,32,53,yes
2026-04-18 04:16:59 PM,KXATPCHALLENGERMATCH-26APR18REIKEN-KEN,32,5,yes
2026-04-18 04:17:01 PM,KXATPCHALLENGERMATCH-26APR18REIKEN-KEN,32,149,yes
2026-04-18 04:17:02 PM,KXATPCHALLENGERMATCH-26APR18REIKEN-KEN,32,100,yes
2026-04-18 04:17:03 PM,KXATPCHALLENGERMATCH-26APR18REIKEN-KEN,32,73,yes
2026-04-18 04:17:03 PM,KXATPCHALLENGERMATCH-26APR18REIKEN-KEN,32,206,yes
2026-04-18 04:17:03 PM,KXATPCHALLENGERMATCH-26APR18REIKEN-KEN,32,193,yes
2026-04-18 04:17:03 PM,KXATPCHALLENGERMATCH-26APR18REIKEN-KEN,32,15,yes
2026-04-18 04:17:08 PM,KXATPCHALLENGERMATCH-26APR18REIKEN-KEN,32,5,yes
2026-04-18 04:17:09 PM,KXATPCHALLENGERMATCH-26APR18REIKEN-KEN,32,83,yes
2026-04-18 04:17:14 PM,KXATPCHALLENGERMATCH-26APR18REIKEN-KEN,31,24,yes
2026-04-18 04:17:15 PM,KXATPCHALLENGERMATCH-26APR18REIKEN-KEN,31,375,yes
2026-04-18 04:17:15 PM,KXATPCHALLENGERMATCH-26APR18REIKEN-KEN,31,55,yes
2026-04-18 04:17:15 PM,KXATPCHALLENGERMATCH-26APR18REIKEN-KEN,31,83,yes
2026-04-18 04:17:16 PM,KXATPCHALLENGERMATCH-26APR18REIKEN-KEN,31,261,yes
2026-04-18 04:17:16 PM,KXATPCHALLENGERMATCH-26APR18REIKEN-KEN,31,400,yes
2026-04-18 04:17:16 PM,KXATPCHALLENGERMATCH-26APR18REIKEN-KEN,31,50,yes
2026-04-18 04:17:16 PM,KXATPCHALLENGERMATCH-26APR18REIKEN-KEN,31,400,yes
2026-04-18 04:17:16 PM,KXATPCHALLENGERMATCH-26APR18REIKEN-KEN,31,400,yes
2026-04-18 04:17:16 PM,KXATPCHALLENGERMATCH-26APR18REIKEN-KEN,32,887,yes
2026-04-18 04:17:17 PM,KXATPCHALLENGERMATCH-26APR18REIKEN-KEN,32,2709,yes
2026-04-18 04:17:17 PM,KXATPCHALLENGERMATCH-26APR18REIKEN-KEN,32,1341,yes
2026-04-18 04:17:17 PM,KXATPCHALLENGERMATCH-26APR18REIKEN-KEN,32,264,yes
2026-04-18 04:17:17 PM,KXATPCHALLENGERMATCH-26APR18REIKEN-KEN,32,400,yes
2026-04-18 04:17:18 PM,KXATPCHALLENGERMATCH-26APR18REIKEN-KEN,36,5,yes
2026-04-18 04:17:18 PM,KXATPCHALLENGERMATCH-26APR18REIKEN-KEN,36,145,yes
2026-04-18 04:17:18 PM,KXATPCHALLENGERMATCH-26APR18REIKEN-KEN,36,35,yes
2026-04-18 04:17:18 PM,KXATPCHALLENGERMATCH-26APR18REIKEN-KEN,36,150,yes
2026-04-18 04:17:21 PM,KXATPCHALLENGERMATCH-26APR18REIKEN-KEN,38,638,yes
2026-04-18 04:17:21 PM,KXATPCHALLENGERMATCH-26APR18REIKEN-KEN,38,623,yes
2026-04-18 04:17:21 PM,KXATPCHALLENGERMATCH-26APR18REIKEN-KEN,38,494,yes
2026-04-18 04:17:23 PM,KXATPCHALLENGERMATCH-26APR18REIKEN-KEN,38,37,yes
2026-04-18 04:17:24 PM,KXATPCHALLENGERMATCH-26APR18REIKEN-KEN,38,50,yes
2026-04-18 04:17:24 PM,KXATPCHALLENGERMATCH-26APR18REIKEN-KEN,38,12,yes
2026-04-18 04:17:25 PM,KXATPCHALLENGERMATCH-26APR18REIKEN-KEN,38,252,yes
2026-04-18 04:17:26 PM,KXATPCHALLENGERMATCH-26APR18REIKEN-KEN,38,3,yes
2026-04-18 04:17:26 PM,KXATPCHALLENGERMATCH-26APR18REIKEN-KEN,38,121,yes
2026-04-18 04:17:27 PM,KXATPCHALLENGERMATCH-26APR18REIKEN-KEN,38,22,yes
2026-04-18 04:17:27 PM,KXATPCHALLENGERMATCH-26APR18REIKEN-KEN,38,15,yes
2026-04-18 04:17:28 PM,KXATPCHALLENGERMATCH-26APR18REIKEN-KEN,37,5,yes
2026-04-18 04:17:28 PM,KXATPCHALLENGERMATCH-26APR18REIKEN-KEN,38,15,yes
2026-04-18 04:17:30 PM,KXATPCHALLENGERMATCH-26APR18REIKEN-KEN,37,10,yes
2026-04-18 04:17:31 PM,KXATPCHALLENGERMATCH-26APR18REIKEN-KEN,37,33,yes
2026-04-18 04:17:33 PM,KXATPCHALLENGERMATCH-26APR18REIKEN-KEN,37,5,yes
2026-04-18 04:17:34 PM,KXATPCHALLENGERMATCH-26APR18REIKEN-KEN,37,1,yes
2026-04-18 04:17:34 PM,KXATPCHALLENGERMATCH-26APR18REIKEN-KEN,38,1,yes
2026-04-18 04:17:34 PM,KXATPCHALLENGERMATCH-26APR18REIKEN-KEN,38,27,yes
2026-04-18 04:17:34 PM,KXATPCHALLENGERMATCH-26APR18REIKEN-KEN,38,400,yes
2026-04-18 04:17:35 PM,KXATPCHALLENGERMATCH-26APR18REIKEN-KEN,39,80,yes
2026-04-18 04:17:35 PM,KXATPCHALLENGERMATCH-26APR18REIKEN-KEN,39,150,yes
2026-04-18 04:17:35 PM,KXATPCHALLENGERMATCH-26APR18REIKEN-KEN,39,1,yes
2026-04-18 04:17:35 PM,KXATPCHALLENGERMATCH-26APR18REIKEN-KEN,39,23,yes
2026-04-18 04:17:38 PM,KXATPCHALLENGERMATCH-26APR18REIKEN-KEN,41,149,no
2026-04-18 04:17:39 PM,KXATPCHALLENGERMATCH-26APR18REIKEN-KEN,43,55,yes
2026-04-18 04:17:39 PM,KXATPCHALLENGERMATCH-26APR18REIKEN-KEN,43,2,yes
2026-04-18 04:17:42 PM,KXATPCHALLENGERMATCH-26APR18REIKEN-KEN,43,22,yes
2026-04-18 04:17:42 PM,KXATPCHALLENGERMATCH-26APR18REIKEN-KEN,43,319,yes
2026-04-18 04:17:42 PM,KXATPCHALLENGERMATCH-26APR18REIKEN-KEN,43,30,yes
2026-04-18 04:17:43 PM,KXATPCHALLENGERMATCH-26APR18REIKEN-KEN,42,50,no
2026-04-18 04:17:44 PM,KXATPCHALLENGERMATCH-26APR18REIKEN-KEN,43,111,yes
2026-04-18 04:17:46 PM,KXATPCHALLENGERMATCH-26APR18REIKEN-KEN,43,73,yes
2026-04-18 04:17:48 PM,KXATPCHALLENGERMATCH-26APR18REIKEN-KEN,43,4,yes
2026-04-18 04:17:48 PM,KXATPCHALLENGERMATCH-26APR18REIKEN-KEN,43,55,yes
2026-04-18 04:17:48 PM,KXATPCHALLENGERMATCH-26APR18REIKEN-KEN,43,67,yes
2026-04-18 04:17:48 PM,KXATPCHALLENGERMATCH-26APR18REIKEN-KEN,42,50,no
2026-04-18 04:17:48 PM,KXATPCHALLENGERMATCH-26APR18REIKEN-KEN,39,5,no
2026-04-18 04:17:49 PM,KXATPCHALLENGERMATCH-26APR18REIKEN-KEN,43,4,yes
2026-04-18 04:17:51 PM,KXATPCHALLENGERMATCH-26APR18REIKEN-KEN,43,50,yes
2026-04-18 04:17:51 PM,KXATPCHALLENGERMATCH-26APR18REIKEN-KEN,43,11,yes
2026-04-18 04:17:51 PM,KXATPCHALLENGERMATCH-26APR18REIKEN-KEN,44,1,yes
2026-04-18 04:17:51 PM,KXATPCHALLENGERMATCH-26APR18REIKEN-KEN,44,35,yes
2026-04-18 04:17:51 PM,KXATPCHALLENGERMATCH-26APR18REIKEN-KEN,44,7,yes
2026-04-18 04:17:52 PM,KXATPCHALLENGERMATCH-26APR18REIKEN-KEN,44,142,yes
2026-04-18 04:17:52 PM,KXATPCHALLENGERMATCH-26APR18REIKEN-KEN,45,69,yes
2026-04-18 04:17:55 PM,KXATPCHALLENGERMATCH-26APR18REIKEN-KEN,43,166,yes
2026-04-18 04:17:55 PM,KXATPCHALLENGERMATCH-26APR18REIKEN-KEN,43,10,yes
2026-04-18 04:17:56 PM,KXATPCHALLENGERMATCH-26APR18REIKEN-KEN,38,50,yes
2026-04-18 04:17:56 PM,KXATPCHALLENGERMATCH-26APR18REIKEN-KEN,38,211,yes
2026-04-18 04:17:58 PM,KXATPCHALLENGERMATCH-26APR18REIKEN-KEN,36,24,yes
2026-04-18 04:17:59 PM,KXATPCHALLENGERMATCH-26APR18REIKEN-KEN,37,1500,yes
2026-04-18 04:17:59 PM,KXATPCHALLENGERMATCH-26APR18REIKEN-KEN,37,400,yes
2026-04-18 04:17:59 PM,KXATPCHALLENGERMATCH-26APR18REIKEN-KEN,37,400,yes
2026-04-18 04:17:59 PM,KXATPCHALLENGERMATCH-26APR18REIKEN-KEN,38,230,yes
2026-04-18 04:17:59 PM,KXATPCHALLENGERMATCH-26APR18REIKEN-KEN,38,13,yes
2026-04-18 04:18:00 PM,KXATPCHALLENGERMATCH-26APR18REIKEN-KEN,38,6,yes
2026-04-18 04:18:01 PM,KXATPCHALLENGERMATCH-26APR18REIKEN-KEN,38,37,yes
2026-04-18 04:18:02 PM,KXATPCHALLENGERMATCH-26APR18REIKEN-KEN,38,111,yes
2026-04-18 04:18:02 PM,KXATPCHALLENGERMATCH-26APR18REIKEN-KEN,38,14,yes
2026-04-18 04:18:03 PM,KXATPCHALLENGERMATCH-26APR18REIKEN-KEN,38,12,yes
2026-04-18 04:18:04 PM,KXATPCHALLENGERMATCH-26APR18REIKEN-KEN,37,6,no
2026-04-18 04:18:07 PM,KXATPCHALLENGERMATCH-26APR18REIKEN-KEN,38,171,yes
2026-04-18 04:18:07 PM,KXATPCHALLENGERMATCH-26APR18REIKEN-KEN,38,201,yes
2026-04-18 04:18:07 PM,KXATPCHALLENGERMATCH-26APR18REIKEN-KEN,38,50,yes
2026-04-18 04:18:07 PM,KXATPCHALLENGERMATCH-26APR18REIKEN-KEN,38,236,yes
2026-04-18 04:18:08 PM,KXATPCHALLENGERMATCH-26APR18REIKEN-KEN,37,170,no
2026-04-18 04:18:08 PM,KXATPCHALLENGERMATCH-26APR18REIKEN-KEN,38,132,yes
2026-04-18 04:18:09 PM,KXATPCHALLENGERMATCH-26APR18REIKEN-KEN,38,12,yes
2026-04-18 04:18:11 PM,KXATPCHALLENGERMATCH-26APR18REIKEN-KEN,38,12,yes
2026-04-18 04:18:11 PM,KXATPCHALLENGERMATCH-26APR18REIKEN-KEN,38,5,yes
2026-04-18 04:18:11 PM,KXATPCHALLENGERMATCH-26APR18REIKEN-KEN,38,14,yes
2026-04-18 04:18:12 PM,KXATPCHALLENGERMATCH-26APR18REIKEN-KEN,38,2,yes
2026-04-18 04:18:13 PM,KXATPCHALLENGERMATCH-26APR18REIKEN-KEN,37,5,no
2026-04-18 04:18:16 PM,KXATPCHALLENGERMATCH-26APR18REIKEN-KEN,37,15,yes
2026-04-18 04:18:17 PM,KXATPCHALLENGERMATCH-26APR18REIKEN-KEN,37,29,yes
2026-04-18 04:18:17 PM,KXATPCHALLENGERMATCH-26APR18REIKEN-KEN,37,66,yes
2026-04-18 04:18:19 PM,KXATPCHALLENGERMATCH-26APR18REIKEN-KEN,38,25,yes
2026-04-18 04:18:20 PM,KXATPCHALLENGERMATCH-26APR18REIKEN-KEN,37,9,no
2026-04-18 04:18:20 PM,KXATPCHALLENGERMATCH-26APR18REIKEN-KEN,38,2,yes
2026-04-18 04:18:22 PM,KXATPCHALLENGERMATCH-26APR18REIKEN-KEN,37,1018,no
2026-04-18 04:18:22 PM,KXATPCHALLENGERMATCH-26APR18REIKEN-KEN,37,1176,no
2026-04-18 04:18:22 PM,KXATPCHALLENGERMATCH-26APR18REIKEN-KEN,35,400,no
2026-04-18 04:18:22 PM,KXATPCHALLENGERMATCH-26APR18REIKEN-KEN,34,30,no
2026-04-18 04:18:22 PM,KXATPCHALLENGERMATCH-26APR18REIKEN-KEN,34,50,no
2026-04-18 04:18:22 PM,KXATPCHALLENGERMATCH-26APR18REIKEN-KEN,34,400,no
2026-04-18 04:18:22 PM,KXATPCHALLENGERMATCH-26APR18REIKEN-KEN,33,2,no
2026-04-18 04:18:22 PM,KXATPCHALLENGERMATCH-26APR18REIKEN-KEN,33,400,no
2026-04-18 04:18:23 PM,KXATPCHALLENGERMATCH-26APR18REIKEN-KEN,32,90,yes
2026-04-18 04:18:23 PM,KXATPCHALLENGERMATCH-26APR18REIKEN-KEN,31,45,no
2026-04-18 04:18:23 PM,KXATPCHALLENGERMATCH-26APR18REIKEN-KEN,31,38,yes
2026-04-18 04:18:24 PM,KXATPCHALLENGERMATCH-26APR18REIKEN-KEN,31,89,yes
2026-04-18 04:18:24 PM,KXATPCHALLENGERMATCH-26APR18REIKEN-KEN,31,227,yes
2026-04-18 04:18:24 PM,KXATPCHALLENGERMATCH-26APR18REIKEN-KEN,31,23,yes
2026-04-18 04:18:24 PM,KXATPCHALLENGERMATCH-26APR18REIKEN-KEN,31,376,yes
2026-04-18 04:18:24 PM,KXATPCHALLENGERMATCH-26APR18REIKEN-KEN,31,373,yes
2026-04-18 04:18:25 PM,KXATPCHALLENGERMATCH-26APR18REIKEN-KEN,31,31,yes
2026-04-18 04:18:26 PM,KXATPCHALLENGERMATCH-26APR18REIKEN-KEN,31,59,yes
2026-04-18 04:18:27 PM,KXATPCHALLENGERMATCH-26APR18REIKEN-KEN,31,11,yes
2026-04-18 04:18:27 PM,KXATPCHALLENGERMATCH-26APR18REIKEN-KEN,31,3,yes
2026-04-18 04:18:30 PM,KXATPCHALLENGERMATCH-26APR18REIKEN-KEN,31,30,yes
2026-04-18 04:18:31 PM,KXATPCHALLENGERMATCH-26APR18REIKEN-KEN,31,307,yes
2026-04-18 04:18:31 PM,KXATPCHALLENGERMATCH-26APR18REIKEN-KEN,31,78,yes
2026-04-18 04:18:32 PM,KXATPCHALLENGERMATCH-26APR18REIKEN-KEN,31,683,yes
2026-04-18 04:18:33 PM,KXATPCHALLENGERMATCH-26APR18REIKEN-KEN,31,12,yes
2026-04-18 04:18:33 PM,KXATPCHALLENGERMATCH-26APR18REIKEN-KEN,31,67,yes
2026-04-18 04:18:33 PM,KXATPCHALLENGERMATCH-26APR18REIKEN-KEN,30,5,no
2026-04-18 04:18:33 PM,KXATPCHALLENGERMATCH-26APR18REIKEN-KEN,30,2,no
2026-04-18 04:18:33 PM,KXATPCHALLENGERMATCH-26APR18REIKEN-KEN,30,1,no
2026-04-18 04:18:33 PM,KXATPCHALLENGERMATCH-26APR18REIKEN-KEN,29,50,no
2026-04-18 04:18:33 PM,KXATPCHALLENGERMATCH-26APR18REIKEN-KEN,29,15,no
2026-04-18 04:18:33 PM,KXATPCHALLENGERMATCH-26APR18REIKEN-KEN,30,80,yes
2026-04-18 04:18:33 PM,KXATPCHALLENGERMATCH-26APR18REIKEN-KEN,30,843,yes
2026-04-18 04:18:34 PM,KXATPCHALLENGERMATCH-26APR18REIKEN-KEN,30,1515,yes
2026-04-18 04:18:36 PM,KXATPCHALLENGERMATCH-26APR18REIKEN-KEN,30,5,yes
2026-04-18 04:18:36 PM,KXATPCHALLENGERMATCH-26APR18REIKEN-KEN,30,1,yes
2026-04-18 04:18:37 PM,KXATPCHALLENGERMATCH-26APR18REIKEN-KEN,30,31,yes
2026-04-18 04:18:39 PM,KXATPCHALLENGERMATCH-26APR18REIKEN-KEN,30,15,yes
2026-04-18 04:18:39 PM,KXATPCHALLENGERMATCH-26APR18REIKEN-KEN,29,2,no
2026-04-18 04:18:39 PM,KXATPCHALLENGERMATCH-26APR18REIKEN-KEN,30,80,yes
2026-04-18 04:18:39 PM,KXATPCHALLENGERMATCH-26APR18REIKEN-KEN,30,130,yes
2026-04-18 04:18:39 PM,KXATPCHALLENGERMATCH-26APR18REIKEN-KEN,29,63,no
2026-04-18 04:18:40 PM,KXATPCHALLENGERMATCH-26APR18REIKEN-KEN,30,31,yes
2026-04-18 04:18:41 PM,KXATPCHALLENGERMATCH-26APR18REIKEN-KEN,29,138,no
2026-04-18 04:18:44 PM,KXATPCHALLENGERMATCH-26APR18REIKEN-KEN,29,180,no
2026-04-18 04:18:44 PM,KXATPCHALLENGERMATCH-26APR18REIKEN-KEN,29,100,no
2026-04-18 04:18:44 PM,KXATPCHALLENGERMATCH-26APR18REIKEN-KEN,29,6357,no
2026-04-18 04:18:44 PM,KXATPCHALLENGERMATCH-26APR18REIKEN-KEN,29,500,no
2026-04-18 04:18:45 PM,KXATPCHALLENGERMATCH-26APR18REIKEN-KEN,30,10,yes
2026-04-18 04:18:45 PM,KXATPCHALLENGERMATCH-26APR18REIKEN-KEN,30,5,yes
2026-04-18 04:18:45 PM,KXATPCHALLENGERMATCH-26APR18REIKEN-KEN,30,32,yes
2026-04-18 04:18:46 PM,KXATPCHALLENGERMATCH-26APR18REIKEN-KEN,29,10,no
2026-04-18 04:18:47 PM,KXATPCHALLENGERMATCH-26APR18REIKEN-KEN,30,6,yes
2026-04-18 04:18:47 PM,KXATPCHALLENGERMATCH-26APR18REIKEN-KEN,29,1,yes
2026-04-18 04:18:48 PM,KXATPCHALLENGERMATCH-26APR18REIKEN-KEN,27,10,no
2026-04-18 04:18:48 PM,KXATPCHALLENGERMATCH-26APR18REIKEN-KEN,26,50,no
2026-04-18 04:18:48 PM,KXATPCHALLENGERMATCH-26APR18REIKEN-KEN,25,9,no
2026-04-18 04:18:48 PM,KXATPCHALLENGERMATCH-26APR18REIKEN-KEN,25,30,no
2026-04-18 04:18:48 PM,KXATPCHALLENGERMATCH-26APR18REIKEN-KEN,24,64,no
2026-04-18 04:18:48 PM,KXATPCHALLENGERMATCH-26APR18REIKEN-KEN,23,48,no
2026-04-18 04:18:50 PM,KXATPCHALLENGERMATCH-26APR18REIKEN-KEN,28,15,yes
2026-04-18 04:18:51 PM,KXATPCHALLENGERMATCH-26APR18REIKEN-KEN,28,134,yes
2026-04-18 04:18:51 PM,KXATPCHALLENGERMATCH-26APR18REIKEN-KEN,29,24,yes
2026-04-18 04:18:51 PM,KXATPCHALLENGERMATCH-26APR18REIKEN-KEN,29,16,yes
2026-04-18 04:18:55 PM,KXATPCHALLENGERMATCH-26APR18REIKEN-KEN,27,243,no
2026-04-18 04:18:56 PM,KXATPCHALLENGERMATCH-26APR18REIKEN-KEN,28,10,yes
2026-04-18 04:18:56 PM,KXATPCHALLENGERMATCH-26APR18REIKEN-KEN,28,53,yes
2026-04-18 04:18:58 PM,KXATPCHALLENGERMATCH-26APR18REIKEN-KEN,28,1,yes
2026-04-18 04:19:00 PM,KXATPCHALLENGERMATCH-26APR18REIKEN-KEN,28,300,yes
2026-04-18 04:19:00 PM,KXATPCHALLENGERMATCH-26APR18REIKEN-KEN,29,1,yes
2026-04-18 04:19:00 PM,KXATPCHALLENGERMATCH-26APR18REIKEN-KEN,29,50,yes
2026-04-18 04:19:00 PM,KXATPCHALLENGERMATCH-26APR18REIKEN-KEN,30,35,yes
2026-04-18 04:19:00 PM,KXATPCHALLENGERMATCH-26APR18REIKEN-KEN,30,150,yes
2026-04-18 04:19:00 PM,KXATPCHALLENGERMATCH-26APR18REIKEN-KEN,30,400,yes
2026-04-18 04:19:00 PM,KXATPCHALLENGERMATCH-26APR18REIKEN-KEN,31,257,yes
2026-04-18 04:19:00 PM,KXATPCHALLENGERMATCH-26APR18REIKEN-KEN,31,379,yes
2026-04-18 04:19:01 PM,KXATPCHALLENGERMATCH-26APR18REIKEN-KEN,32,1,yes
2026-04-18 04:19:02 PM,KXATPCHALLENGERMATCH-26APR18REIKEN-KEN,34,1,yes
2026-04-18 04:19:02 PM,KXATPCHALLENGERMATCH-26APR18REIKEN-KEN,34,4,yes
2026-04-18 04:19:02 PM,KXATPCHALLENGERMATCH-26APR18REIKEN-KEN,35,89,yes
2026-04-18 04:19:02 PM,KXATPCHALLENGERMATCH-26APR18REIKEN-KEN,36,3333,yes
2026-04-18 04:19:02 PM,KXATPCHALLENGERMATCH-26APR18REIKEN-KEN,37,3403,no
2026-04-18 04:19:02 PM,KXATPCHALLENGERMATCH-26APR18REIKEN-KEN,35,6825,no
2026-04-18 04:19:02 PM,KXATPCHALLENGERMATCH-26APR18REIKEN-KEN,34,50,no
2026-04-18 04:19:02 PM,KXATPCHALLENGERMATCH-26APR18REIKEN-KEN,34,6162,no
2026-04-18 04:19:02 PM,KXATPCHALLENGERMATCH-26APR18REIKEN-KEN,33,400,no
2026-04-18 04:19:02 PM,KXATPCHALLENGERMATCH-26APR18REIKEN-KEN,32,919,no
2026-04-18 04:19:02 PM,KXATPCHALLENGERMATCH-26APR18REIKEN-KEN,32,3,no
2026-04-18 04:19:02 PM,KXATPCHALLENGERMATCH-26APR18REIKEN-KEN,32,400,no
2026-04-18 04:19:02 PM,KXATPCHALLENGERMATCH-26APR18REIKEN-KEN,31,6171,no
2026-04-18 04:19:02 PM,KXATPCHALLENGERMATCH-26APR18REIKEN-KEN,31,400,no
2026-04-18 04:19:02 PM,KXATPCHALLENGERMATCH-26APR18REIKEN-KEN,30,6825,no
2026-04-18 04:19:02 PM,KXATPCHALLENGERMATCH-26APR18REIKEN-KEN,29,1123,no
2026-04-18 04:19:07 PM,KXATPCHALLENGERMATCH-26APR18REIKEN-KEN,37,30,no
2026-04-18 04:19:10 PM,KXATPCHALLENGERMATCH-26APR18REIKEN-KEN,37,20,no
2026-04-18 04:19:10 PM,KXATPCHALLENGERMATCH-26APR18REIKEN-KEN,37,59,no
2026-04-18 04:19:11 PM,KXATPCHALLENGERMATCH-26APR18REIKEN-KEN,37,2,no
2026-04-18 04:19:12 PM,KXATPCHALLENGERMATCH-26APR18REIKEN-KEN,39,7,yes
2026-04-18 04:19:13 PM,KXATPCHALLENGERMATCH-26APR18REIKEN-KEN,39,1000,yes
2026-04-18 04:19:13 PM,KXATPCHALLENGERMATCH-26APR18REIKEN-KEN,37,210,no
2026-04-18 04:19:14 PM,KXATPCHALLENGERMATCH-26APR18REIKEN-KEN,39,61,yes
2026-04-18 04:19:15 PM,KXATPCHALLENGERMATCH-26APR18REIKEN-KEN,38,0,no
2026-04-18 04:19:16 PM,KXATPCHALLENGERMATCH-26APR18REIKEN-KEN,37,25,no
2026-04-18 04:19:18 PM,KXATPCHALLENGERMATCH-26APR18REIKEN-KEN,38,5,yes
2026-04-18 04:19:18 PM,KXATPCHALLENGERMATCH-26APR18REIKEN-KEN,37,150,no
2026-04-18 04:19:18 PM,KXATPCHALLENGERMATCH-26APR18REIKEN-KEN,36,50,no
2026-04-18 04:19:18 PM,KXATPCHALLENGERMATCH-26APR18REIKEN-KEN,36,76,no
2026-04-18 04:19:18 PM,KXATPCHALLENGERMATCH-26APR18REIKEN-KEN,38,4,yes
2026-04-18 04:19:18 PM,KXATPCHALLENGERMATCH-26APR18REIKEN-KEN,38,3,yes
2026-04-18 04:19:18 PM,KXATPCHALLENGERMATCH-26APR18REIKEN-KEN,38,6,yes
2026-04-18 04:19:20 PM,KXATPCHALLENGERMATCH-26APR18REIKEN-KEN,38,2,yes
2026-04-18 04:19:21 PM,KXATPCHALLENGERMATCH-26APR18REIKEN-KEN,35,9,no
2026-04-18 04:19:21 PM,KXATPCHALLENGERMATCH-26APR18REIKEN-KEN,35,0,no
2026-04-18 04:19:21 PM,KXATPCHALLENGERMATCH-26APR18REIKEN-KEN,35,5,no
2026-04-18 04:19:21 PM,KXATPCHALLENGERMATCH-26APR18REIKEN-KEN,34,2,no
2026-04-18 04:19:22 PM,KXATPCHALLENGERMATCH-26APR18REIKEN-KEN,38,3,yes
2026-04-18 04:19:22 PM,KXATPCHALLENGERMATCH-26APR18REIKEN-KEN,38,10,yes
2026-04-18 04:19:24 PM,KXATPCHALLENGERMATCH-26APR18REIKEN-KEN,38,10,yes
2026-04-18 04:19:24 PM,KXATPCHALLENGERMATCH-26APR18REIKEN-KEN,38,12,yes
2026-04-18 04:19:24 PM,KXATPCHALLENGERMATCH-26APR18REIKEN-KEN,38,1,yes
2026-04-18 04:19:24 PM,KXATPCHALLENGERMATCH-26APR18REIKEN-KEN,39,36,yes
2026-04-18 04:19:25 PM,KXATPCHALLENGERMATCH-26APR18REIKEN-KEN,35,400,no
2026-04-18 04:19:25 PM,KXATPCHALLENGERMATCH-26APR18REIKEN-KEN,35,50,no
2026-04-18 04:19:25 PM,KXATPCHALLENGERMATCH-26APR18REIKEN-KEN,34,300,no
2026-04-18 04:19:25 PM,KXATPCHALLENGERMATCH-26APR18REIKEN-KEN,34,400,no
2026-04-18 04:19:25 PM,KXATPCHALLENGERMATCH-26APR18REIKEN-KEN,33,25,no
2026-04-18 04:19:25 PM,KXATPCHALLENGERMATCH-26APR18REIKEN-KEN,33,400,no
2026-04-18 04:19:27 PM,KXATPCHALLENGERMATCH-26APR18REIKEN-KEN,31,100,yes
2026-04-18 04:19:27 PM,KXATPCHALLENGERMATCH-26APR18REIKEN-KEN,31,10,yes
2026-04-18 04:19:27 PM,KXATPCHALLENGERMATCH-26APR18REIKEN-KEN,32,13,yes
2026-04-18 04:19:28 PM,KXATPCHALLENGERMATCH-26APR18REIKEN-KEN,31,5,yes
2026-04-18 04:19:28 PM,KXATPCHALLENGERMATCH-26APR18REIKEN-KEN,29,13,yes
2026-04-18 04:19:29 PM,KXATPCHALLENGERMATCH-26APR18REIKEN-KEN,29,191,yes
2026-04-18 04:19:29 PM,KXATPCHALLENGERMATCH-26APR18REIKEN-KEN,29,153,yes
2026-04-18 04:19:33 PM,KXATPCHALLENGERMATCH-26APR18REIKEN-KEN,29,64,yes
2026-04-18 04:19:34 PM,KXATPCHALLENGERMATCH-26APR18REIKEN-KEN,29,74,yes
2026-04-18 04:19:35 PM,KXATPCHALLENGERMATCH-26APR18REIKEN-KEN,28,400,no
2026-04-18 04:19:35 PM,KXATPCHALLENGERMATCH-26APR18REIKEN-KEN,28,50,no
2026-04-18 04:19:35 PM,KXATPCHALLENGERMATCH-26APR18REIKEN-KEN,28,30,no
2026-04-18 04:19:35 PM,KXATPCHALLENGERMATCH-26APR18REIKEN-KEN,27,400,no
2026-04-18 04:19:35 PM,KXATPCHALLENGERMATCH-26APR18REIKEN-KEN,27,685,no
2026-04-18 04:19:35 PM,KXATPCHALLENGERMATCH-26APR18REIKEN-KEN,27,100,no
2026-04-18 04:19:35 PM,KXATPCHALLENGERMATCH-26APR18REIKEN-KEN,27,514,no
2026-04-18 04:19:35 PM,KXATPCHALLENGERMATCH-26APR18REIKEN-KEN,27,957,no
2026-04-18 04:19:36 PM,KXATPCHALLENGERMATCH-26APR18REIKEN-KEN,29,1,yes
2026-04-18 04:19:37 PM,KXATPCHALLENGERMATCH-26APR18REIKEN-KEN,29,45,yes
2026-04-18 04:19:39 PM,KXATPCHALLENGERMATCH-26APR18REIKEN-KEN,29,338,yes
2026-04-18 04:19:39 PM,KXATPCHALLENGERMATCH-26APR18REIKEN-KEN,27,262,no
2026-04-18 04:19:39 PM,KXATPCHALLENGERMATCH-26APR18REIKEN-KEN,27,9,no
2026-04-18 04:19:40 PM,KXATPCHALLENGERMATCH-26APR18REIKEN-KEN,28,37,no
2026-04-18 04:19:41 PM,KXATPCHALLENGERMATCH-26APR18REIKEN-KEN,29,16,yes
2026-04-18 04:19:41 PM,KXATPCHALLENGERMATCH-26APR18REIKEN-KEN,29,108,yes
2026-04-18 04:19:41 PM,KXATPCHALLENGERMATCH-26APR18REIKEN-KEN,29,80,yes
