ts_et,ticker,price,count,taker_side
2026-04-18 04:07:46 PM,KXATPCHALLENGERMATCH-26APR18TABMMO-MMO,41,3,yes
2026-04-18 04:07:46 PM,KXATPCHALLENGERMATCH-26APR18TABMMO-MMO,41,4,yes
2026-04-18 04:07:47 PM,KXATPCHALLENGERMATCH-26APR18TABMMO-MMO,41,4,yes
2026-04-18 04:07:47 PM,KXATPCHALLENGERMATCH-26APR18TABMMO-MMO,41,4,yes
2026-04-18 04:07:47 PM,KXATPCHALLENGERMATCH-26APR18TABMMO-MMO,41,4,yes
2026-04-18 04:07:47 PM,KXATPCHALLENGERMATCH-26APR18TABMMO-MMO,41,4,yes
2026-04-18 04:07:47 PM,KXATPCHALLENGERMATCH-26APR18TABMMO-MMO,41,7,yes
2026-04-18 04:07:47 PM,KXATPCHALLENGERMATCH-26APR18TABMMO-MMO,41,4,yes
2026-04-18 04:07:47 PM,KXATPCHALLENGERMATCH-26APR18TABMMO-MMO,41,4,yes
2026-04-18 04:07:47 PM,KXATPCHALLENGERMATCH-26APR18TABMMO-MMO,42,395,yes
2026-04-18 04:07:47 PM,KXATPCHALLENGERMATCH-26APR18TABMMO-MMO,42,253,yes
2026-04-18 04:08:09 PM,KXATPCHALLENGERMATCH-26APR18TABMMO-MMO,41,4,yes
2026-04-18 04:08:09 PM,KXATPCHALLENGERMATCH-26APR18TABMMO-MMO,41,4,yes
2026-04-18 04:08:09 PM,KXATPCHALLENGERMATCH-26APR18TABMMO-MMO,41,4,yes
2026-04-18 04:08:09 PM,KXATPCHALLENGERMATCH-26APR18TABMMO-MMO,41,4,yes
2026-04-18 04:08:09 PM,KXATPCHALLENGERMATCH-26APR18TABMMO-MMO,41,4,yes
2026-04-18 04:08:09 PM,KXATPCHALLENGERMATCH-26APR18TABMMO-MMO,41,3,yes
2026-04-18 04:10:25 PM,KXATPCHALLENGERMATCH-26APR18TABMMO-MMO,40,4,no
2026-04-18 04:10:25 PM,KXATPCHALLENGERMATCH-26APR18TABMMO-MMO,40,9,no
2026-04-18 04:12:25 PM,KXATPCHALLENGERMATCH-26APR18TABMMO-MMO,41,0,yes
2026-04-18 04:12:25 PM,KXATPCHALLENGERMATCH-26APR18TABMMO-MMO,41,4,yes
2026-04-18 04:12:25 PM,KXATPCHALLENGERMATCH-26APR18TABMMO-MMO,41,4,yes
2026-04-18 04:12:25 PM,KXATPCHALLENGERMATCH-26APR18TABMMO-MMO,41,4,yes
2026-04-18 04:12:25 PM,KXATPCHALLENGERMATCH-26APR18TABMMO-MMO,41,4,yes
2026-04-18 04:12:25 PM,KXATPCHALLENGERMATCH-26APR18TABMMO-MMO,41,4,yes
2026-04-18 04:12:25 PM,KXATPCHALLENGERMATCH-26APR18TABMMO-MMO,41,4,yes
2026-04-18 04:12:25 PM,KXATPCHALLENGERMATCH-26APR18TABMMO-MMO,41,4,yes
2026-04-18 04:12:25 PM,KXATPCHALLENGERMATCH-26APR18TABMMO-MMO,41,10,yes
2026-04-18 04:13:12 PM,KXATPCHALLENGERMATCH-26APR18TABMMO-MMO,41,4,yes
2026-04-18 04:13:12 PM,KXATPCHALLENGERMATCH-26APR18TABMMO-MMO,41,4,yes
2026-04-18 04:13:12 PM,KXATPCHALLENGERMATCH-26APR18TABMMO-MMO,41,4,yes
2026-04-18 04:13:12 PM,KXATPCHALLENGERMATCH-26APR18TABMMO-MMO,41,4,yes
2026-04-18 04:14:05 PM,KXATPCHALLENGERMATCH-26APR18TABMMO-MMO,42,2,yes
2026-04-18 04:17:17 PM,KXATPCHALLENGERMATCH-26APR18TABMMO-MMO,42,38,yes
2026-04-18 04:17:44 PM,KXATPCHALLENGERMATCH-26APR18TABMMO-MMO,42,11,yes
2026-04-18 04:18:44 PM,KXATPCHALLENGERMATCH-26APR18TABMMO-MMO,42,90,yes
2026-04-18 04:19:27 PM,KXATPCHALLENGERMATCH-26APR18TABMMO-MMO,42,229,yes
2026-04-18 04:19:39 PM,KXATPCHALLENGERMATCH-26APR18TABMMO-MMO,42,22,yes
2026-04-18 04:20:36 PM,KXATPCHALLENGERMATCH-26APR18TABMMO-MMO,41,4,yes
2026-04-18 04:20:36 PM,KXATPCHALLENGERMATCH-26APR18TABMMO-MMO,41,4,yes
2026-04-18 04:20:36 PM,KXATPCHALLENGERMATCH-26APR18TABMMO-MMO,41,4,yes
2026-04-18 04:20:36 PM,KXATPCHALLENGERMATCH-26APR18TABMMO-MMO,41,4,yes
2026-04-18 04:20:36 PM,KXATPCHALLENGERMATCH-26APR18TABMMO-MMO,41,4,yes
2026-04-18 04:20:36 PM,KXATPCHALLENGERMATCH-26APR18TABMMO-MMO,41,4,yes
2026-04-18 04:20:36 PM,KXATPCHALLENGERMATCH-26APR18TABMMO-MMO,41,4,yes
2026-04-18 04:20:36 PM,KXATPCHALLENGERMATCH-26APR18TABMMO-MMO,41,4,yes
2026-04-18 04:20:36 PM,KXATPCHALLENGERMATCH-26APR18TABMMO-MMO,41,14,yes
2026-04-18 04:21:18 PM,KXATPCHALLENGERMATCH-26APR18TABMMO-MMO,41,4,yes
2026-04-18 04:21:18 PM,KXATPCHALLENGERMATCH-26APR18TABMMO-MMO,42,12,yes
2026-04-18 04:21:18 PM,KXATPCHALLENGERMATCH-26APR18TABMMO-MMO,41,4,yes
2026-04-18 04:21:18 PM,KXATPCHALLENGERMATCH-26APR18TABMMO-MMO,42,41,yes
2026-04-18 04:21:42 PM,KXATPCHALLENGERMATCH-26APR18TABMMO-MMO,41,4,yes
2026-04-18 04:21:42 PM,KXATPCHALLENGERMATCH-26APR18TABMMO-MMO,41,10,yes
2026-04-18 04:21:44 PM,KXATPCHALLENGERMATCH-26APR18TABMMO-MMO,41,4,yes
2026-04-18 04:21:45 PM,KXATPCHALLENGERMATCH-26APR18TABMMO-MMO,41,4,no
2026-04-18 04:22:05 PM,KXATPCHALLENGERMATCH-26APR18TABMMO-MMO,42,57,yes
2026-04-18 04:22:12 PM,KXATPCHALLENGERMATCH-26APR18TABMMO-MMO,42,87,yes
2026-04-18 04:22:19 PM,KXATPCHALLENGERMATCH-26APR18TABMMO-MMO,41,4,no
2026-04-18 04:22:19 PM,KXATPCHALLENGERMATCH-26APR18TABMMO-MMO,41,4,no
2026-04-18 04:22:19 PM,KXATPCHALLENGERMATCH-26APR18TABMMO-MMO,41,4,no
2026-04-18 04:22:19 PM,KXATPCHALLENGERMATCH-26APR18TABMMO-MMO,41,4,no
2026-04-18 04:22:19 PM,KXATPCHALLENGERMATCH-26APR18TABMMO-MMO,41,4,no
2026-04-18 04:22:19 PM,KXATPCHALLENGERMATCH-26APR18TABMMO-MMO,41,4,no
2026-04-18 04:22:19 PM,KXATPCHALLENGERMATCH-26APR18TABMMO-MMO,41,4,no
2026-04-18 04:22:19 PM,KXATPCHALLENGERMATCH-26APR18TABMMO-MMO,41,4,no
2026-04-18 04:22:33 PM,KXATPCHALLENGERMATCH-26APR18TABMMO-MMO,42,153,yes
2026-04-18 04:22:33 PM,KXATPCHALLENGERMATCH-26APR18TABMMO-MMO,42,187,yes
2026-04-18 04:22:37 PM,KXATPCHALLENGERMATCH-26APR18TABMMO-MMO,42,74,yes
2026-04-18 04:22:54 PM,KXATPCHALLENGERMATCH-26APR18TABMMO-MMO,42,20,yes
2026-04-18 04:23:01 PM,KXATPCHALLENGERMATCH-26APR18TABMMO-MMO,42,1717,yes
2026-04-18 04:23:01 PM,KXATPCHALLENGERMATCH-26APR18TABMMO-MMO,42,12,yes
2026-04-18 04:23:01 PM,KXATPCHALLENGERMATCH-26APR18TABMMO-MMO,42,500,yes
2026-04-18 04:23:01 PM,KXATPCHALLENGERMATCH-26APR18TABMMO-MMO,42,7,yes
2026-04-18 04:23:01 PM,KXATPCHALLENGERMATCH-26APR18TABMMO-MMO,42,37,yes
2026-04-18 04:23:01 PM,KXATPCHALLENGERMATCH-26APR18TABMMO-MMO,42,640,yes
2026-04-18 04:23:01 PM,KXATPCHALLENGERMATCH-26APR18TABMMO-MMO,42,11,yes
2026-04-18 04:23:01 PM,KXATPCHALLENGERMATCH-26APR18TABMMO-MMO,43,1000,yes
2026-04-18 04:23:01 PM,KXATPCHALLENGERMATCH-26APR18TABMMO-MMO,43,524,yes
2026-04-18 04:23:33 PM,KXATPCHALLENGERMATCH-26APR18TABMMO-MMO,42,4,yes
2026-04-18 04:23:33 PM,KXATPCHALLENGERMATCH-26APR18TABMMO-MMO,42,4,yes
2026-04-18 04:23:33 PM,KXATPCHALLENGERMATCH-26APR18TABMMO-MMO,42,4,yes
2026-04-18 04:23:33 PM,KXATPCHALLENGERMATCH-26APR18TABMMO-MMO,42,4,yes
2026-04-18 04:23:33 PM,KXATPCHALLENGERMATCH-26APR18TABMMO-MMO,42,4,yes
2026-04-18 04:23:33 PM,KXATPCHALLENGERMATCH-26APR18TABMMO-MMO,42,4,yes
2026-04-18 04:23:33 PM,KXATPCHALLENGERMATCH-26APR18TABMMO-MMO,42,4,yes
2026-04-18 04:23:33 PM,KXATPCHALLENGERMATCH-26APR18TABMMO-MMO,42,4,yes
2026-04-18 04:23:33 PM,KXATPCHALLENGERMATCH-26APR18TABMMO-MMO,42,82,yes
2026-04-18 04:23:41 PM,KXATPCHALLENGERMATCH-26APR18TABMMO-MMO,42,7,yes
2026-04-18 04:23:41 PM,KXATPCHALLENGERMATCH-26APR18TABMMO-MMO,42,4,yes
2026-04-18 04:23:41 PM,KXATPCHALLENGERMATCH-26APR18TABMMO-MMO,43,67,yes
2026-04-18 04:23:59 PM,KXATPCHALLENGERMATCH-26APR18TABMMO-MMO,42,4,yes
2026-04-18 04:23:59 PM,KXATPCHALLENGERMATCH-26APR18TABMMO-MMO,42,35,yes
2026-04-18 04:23:59 PM,KXATPCHALLENGERMATCH-26APR18TABMMO-MMO,43,606,yes
2026-04-18 04:23:59 PM,KXATPCHALLENGERMATCH-26APR18TABMMO-MMO,43,704,yes
2026-04-18 04:24:27 PM,KXATPCHALLENGERMATCH-26APR18TABMMO-MMO,42,4,yes
2026-04-18 04:24:27 PM,KXATPCHALLENGERMATCH-26APR18TABMMO-MMO,42,7,yes
2026-04-18 04:24:27 PM,KXATPCHALLENGERMATCH-26APR18TABMMO-MMO,42,30,yes
2026-04-18 04:24:27 PM,KXATPCHALLENGERMATCH-26APR18TABMMO-MMO,43,4,yes
2026-04-18 04:24:33 PM,KXATPCHALLENGERMATCH-26APR18TABMMO-MMO,42,4,yes
2026-04-18 04:24:33 PM,KXATPCHALLENGERMATCH-26APR18TABMMO-MMO,42,7,yes
2026-04-18 04:24:39 PM,KXATPCHALLENGERMATCH-26APR18TABMMO-MMO,42,4,yes
2026-04-18 04:24:39 PM,KXATPCHALLENGERMATCH-26APR18TABMMO-MMO,42,10,yes
2026-04-18 04:24:47 PM,KXATPCHALLENGERMATCH-26APR18TABMMO-MMO,42,4,yes
2026-04-18 04:24:47 PM,KXATPCHALLENGERMATCH-26APR18TABMMO-MMO,42,30,yes
2026-04-18 04:24:47 PM,KXATPCHALLENGERMATCH-26APR18TABMMO-MMO,42,7,yes
2026-04-18 04:24:56 PM,KXATPCHALLENGERMATCH-26APR18TABMMO-MMO,42,4,yes
2026-04-18 04:24:56 PM,KXATPCHALLENGERMATCH-26APR18TABMMO-MMO,42,30,yes
2026-04-18 04:25:03 PM,KXATPCHALLENGERMATCH-26APR18TABMMO-MMO,42,4,yes
2026-04-18 04:25:03 PM,KXATPCHALLENGERMATCH-26APR18TABMMO-MMO,42,30,yes
2026-04-18 04:25:03 PM,KXATPCHALLENGERMATCH-26APR18TABMMO-MMO,42,35,yes
2026-04-18 04:25:10 PM,KXATPCHALLENGERMATCH-26APR18TABMMO-MMO,42,4,yes
2026-04-18 04:25:10 PM,KXATPCHALLENGERMATCH-26APR18TABMMO-MMO,43,126,yes
2026-04-18 04:25:10 PM,KXATPCHALLENGERMATCH-26APR18TABMMO-MMO,43,4,yes
2026-04-18 04:25:10 PM,KXATPCHALLENGERMATCH-26APR18TABMMO-MMO,43,4,yes
2026-04-18 04:25:10 PM,KXATPCHALLENGERMATCH-26APR18TABMMO-MMO,43,10,yes
2026-04-18 04:25:10 PM,KXATPCHALLENGERMATCH-26APR18TABMMO-MMO,43,4,yes
2026-04-18 04:25:10 PM,KXATPCHALLENGERMATCH-26APR18TABMMO-MMO,43,4,yes
2026-04-18 04:25:10 PM,KXATPCHALLENGERMATCH-26APR18TABMMO-MMO,43,40,yes
2026-04-18 04:25:10 PM,KXATPCHALLENGERMATCH-26APR18TABMMO-MMO,43,1008,yes
2026-04-18 04:25:16 PM,KXATPCHALLENGERMATCH-26APR18TABMMO-MMO,42,4,yes
2026-04-18 04:25:16 PM,KXATPCHALLENGERMATCH-26APR18TABMMO-MMO,42,4,yes
2026-04-18 04:25:16 PM,KXATPCHALLENGERMATCH-26APR18TABMMO-MMO,42,4,yes
2026-04-18 04:25:16 PM,KXATPCHALLENGERMATCH-26APR18TABMMO-MMO,42,4,yes
2026-04-18 04:25:16 PM,KXATPCHALLENGERMATCH-26APR18TABMMO-MMO,42,4,yes
2026-04-18 04:25:16 PM,KXATPCHALLENGERMATCH-26APR18TABMMO-MMO,42,4,yes
2026-04-18 04:25:16 PM,KXATPCHALLENGERMATCH-26APR18TABMMO-MMO,42,4,yes
2026-04-18 04:25:16 PM,KXATPCHALLENGERMATCH-26APR18TABMMO-MMO,42,4,yes
2026-04-18 04:25:16 PM,KXATPCHALLENGERMATCH-26APR18TABMMO-MMO,42,25,yes
2026-04-18 04:25:16 PM,KXATPCHALLENGERMATCH-26APR18TABMMO-MMO,42,181,yes
2026-04-18 04:25:43 PM,KXATPCHALLENGERMATCH-26APR18TABMMO-MMO,42,4,yes
2026-04-18 04:25:43 PM,KXATPCHALLENGERMATCH-26APR18TABMMO-MMO,42,4,yes
2026-04-18 04:25:43 PM,KXATPCHALLENGERMATCH-26APR18TABMMO-MMO,42,4,yes
2026-04-18 04:25:43 PM,KXATPCHALLENGERMATCH-26APR18TABMMO-MMO,42,4,yes
2026-04-18 04:25:43 PM,KXATPCHALLENGERMATCH-26APR18TABMMO-MMO,42,4,yes
2026-04-18 04:25:43 PM,KXATPCHALLENGERMATCH-26APR18TABMMO-MMO,42,4,yes
2026-04-18 04:25:43 PM,KXATPCHALLENGERMATCH-26APR18TABMMO-MMO,42,10,yes
2026-04-18 04:25:43 PM,KXATPCHALLENGERMATCH-26APR18TABMMO-MMO,42,7,yes
2026-04-18 04:25:43 PM,KXATPCHALLENGERMATCH-26APR18TABMMO-MMO,42,35,yes
2026-04-18 04:25:43 PM,KXATPCHALLENGERMATCH-26APR18TABMMO-MMO,43,92,yes
2026-04-18 04:26:06 PM,KXATPCHALLENGERMATCH-26APR18TABMMO-MMO,42,4,yes
2026-04-18 04:26:06 PM,KXATPCHALLENGERMATCH-26APR18TABMMO-MMO,42,4,yes
2026-04-18 04:26:06 PM,KXATPCHALLENGERMATCH-26APR18TABMMO-MMO,42,4,yes
2026-04-18 04:26:06 PM,KXATPCHALLENGERMATCH-26APR18TABMMO-MMO,43,32,yes
2026-04-18 04:26:42 PM,KXATPCHALLENGERMATCH-26APR18TABMMO-MMO,42,4,yes
2026-04-18 04:26:52 PM,KXATPCHALLENGERMATCH-26APR18TABMMO-MMO,42,1,yes
2026-04-18 04:27:36 PM,KXATPCHALLENGERMATCH-26APR18TABMMO-MMO,42,3,yes
2026-04-18 04:27:36 PM,KXATPCHALLENGERMATCH-26APR18TABMMO-MMO,42,50,yes
2026-04-18 04:27:36 PM,KXATPCHALLENGERMATCH-26APR18TABMMO-MMO,42,4,yes
2026-04-18 04:27:36 PM,KXATPCHALLENGERMATCH-26APR18TABMMO-MMO,42,7,yes
2026-04-18 04:27:36 PM,KXATPCHALLENGERMATCH-26APR18TABMMO-MMO,42,50,yes
2026-04-18 04:27:47 PM,KXATPCHALLENGERMATCH-26APR18TABMMO-MMO,42,49,yes
2026-04-18 04:27:47 PM,KXATPCHALLENGERMATCH-26APR18TABMMO-MMO,42,1,yes
2026-04-18 04:27:47 PM,KXATPCHALLENGERMATCH-26APR18TABMMO-MMO,43,6,yes
2026-04-18 04:27:59 PM,KXATPCHALLENGERMATCH-26APR18TABMMO-MMO,42,38,yes
2026-04-18 04:27:59 PM,KXATPCHALLENGERMATCH-26APR18TABMMO-MMO,43,17,yes
2026-04-18 04:28:46 PM,KXATPCHALLENGERMATCH-26APR18TABMMO-MMO,42,2,yes
2026-04-18 04:28:50 PM,KXATPCHALLENGERMATCH-26APR18TABMMO-MMO,42,3,yes
2026-04-18 04:28:50 PM,KXATPCHALLENGERMATCH-26APR18TABMMO-MMO,42,18,yes
2026-04-18 04:28:50 PM,KXATPCHALLENGERMATCH-26APR18TABMMO-MMO,43,0,yes
2026-04-18 04:29:09 PM,KXATPCHALLENGERMATCH-26APR18TABMMO-MMO,42,9,yes
2026-04-18 04:29:09 PM,KXATPCHALLENGERMATCH-26APR18TABMMO-MMO,43,50,yes
2026-04-18 04:29:09 PM,KXATPCHALLENGERMATCH-26APR18TABMMO-MMO,43,7,yes
2026-04-18 04:29:17 PM,KXATPCHALLENGERMATCH-26APR18TABMMO-MMO,42,10,yes
2026-04-18 04:29:17 PM,KXATPCHALLENGERMATCH-26APR18TABMMO-MMO,43,4,yes
2026-04-18 04:29:17 PM,KXATPCHALLENGERMATCH-26APR18TABMMO-MMO,43,42,yes
2026-04-18 04:29:26 PM,KXATPCHALLENGERMATCH-26APR18TABMMO-MMO,43,44,yes
2026-04-18 04:29:32 PM,KXATPCHALLENGERMATCH-26APR18TABMMO-MMO,43,23,yes
2026-04-18 04:29:42 PM,KXATPCHALLENGERMATCH-26APR18TABMMO-MMO,43,100,yes
2026-04-18 04:29:49 PM,KXATPCHALLENGERMATCH-26APR18TABMMO-MMO,43,67,yes
2026-04-18 04:29:49 PM,KXATPCHALLENGERMATCH-26APR18TABMMO-MMO,43,67,yes
2026-04-18 04:29:52 PM,KXATPCHALLENGERMATCH-26APR18TABMMO-MMO,43,178,yes
2026-04-18 04:29:58 PM,KXATPCHALLENGERMATCH-26APR18TABMMO-MMO,43,306,yes
2026-04-18 04:29:58 PM,KXATPCHALLENGERMATCH-26APR18TABMMO-MMO,43,248,yes
2026-04-18 04:30:11 PM,KXATPCHALLENGERMATCH-26APR18TABMMO-MMO,42,8,yes
2026-04-18 04:30:11 PM,KXATPCHALLENGERMATCH-26APR18TABMMO-MMO,43,18,yes
2026-04-18 04:30:16 PM,KXATPCHALLENGERMATCH-26APR18TABMMO-MMO,42,24,yes
2026-04-18 04:30:16 PM,KXATPCHALLENGERMATCH-26APR18TABMMO-MMO,42,10,yes
2026-04-18 04:30:42 PM,KXATPCHALLENGERMATCH-26APR18TABMMO-MMO,43,732,yes
2026-04-18 04:30:42 PM,KXATPCHALLENGERMATCH-26APR18TABMMO-MMO,43,67,yes
2026-04-18 04:31:29 PM,KXATPCHALLENGERMATCH-26APR18TABMMO-MMO,42,4,yes
2026-04-18 04:31:29 PM,KXATPCHALLENGERMATCH-26APR18TABMMO-MMO,42,3,yes
2026-04-18 04:31:41 PM,KXATPCHALLENGERMATCH-26APR18TABMMO-MMO,42,4,yes
2026-04-18 04:31:45 PM,KXATPCHALLENGERMATCH-26APR18TABMMO-MMO,42,18,yes
2026-04-18 04:32:05 PM,KXATPCHALLENGERMATCH-26APR18TABMMO-MMO,42,11,yes
2026-04-18 04:32:11 PM,KXATPCHALLENGERMATCH-26APR18TABMMO-MMO,42,15,yes
2026-04-18 04:32:11 PM,KXATPCHALLENGERMATCH-26APR18TABMMO-MMO,42,4,yes
2026-04-18 04:32:42 PM,KXATPCHALLENGERMATCH-26APR18TABMMO-MMO,43,4,yes
2026-04-18 04:32:42 PM,KXATPCHALLENGERMATCH-26APR18TABMMO-MMO,43,4,yes
2026-04-18 04:32:42 PM,KXATPCHALLENGERMATCH-26APR18TABMMO-MMO,43,30,yes
2026-04-18 04:32:49 PM,KXATPCHALLENGERMATCH-26APR18TABMMO-MMO,43,19,yes
2026-04-18 04:32:49 PM,KXATPCHALLENGERMATCH-26APR18TABMMO-MMO,43,2,yes
2026-04-18 04:32:57 PM,KXATPCHALLENGERMATCH-26APR18TABMMO-MMO,42,40,yes
2026-04-18 04:32:57 PM,KXATPCHALLENGERMATCH-26APR18TABMMO-MMO,43,400,yes
2026-04-18 04:32:57 PM,KXATPCHALLENGERMATCH-26APR18TABMMO-MMO,43,108,yes
2026-04-18 04:33:00 PM,KXATPCHALLENGERMATCH-26APR18TABMMO-MMO,43,1,yes
2026-04-18 04:33:03 PM,KXATPCHALLENGERMATCH-26APR18TABMMO-MMO,43,290,yes
2026-04-18 04:33:03 PM,KXATPCHALLENGERMATCH-26APR18TABMMO-MMO,43,12,yes
2026-04-18 04:33:03 PM,KXATPCHALLENGERMATCH-26APR18TABMMO-MMO,43,50,yes
2026-04-18 04:33:03 PM,KXATPCHALLENGERMATCH-26APR18TABMMO-MMO,43,95,yes
2026-04-18 04:33:10 PM,KXATPCHALLENGERMATCH-26APR18TABMMO-MMO,43,22,yes
2026-04-18 04:33:28 PM,KXATPCHALLENGERMATCH-26APR18TABMMO-MMO,43,152,yes
2026-04-18 04:33:40 PM,KXATPCHALLENGERMATCH-26APR18TABMMO-MMO,43,44,yes
2026-04-18 04:33:40 PM,KXATPCHALLENGERMATCH-26APR18TABMMO-MMO,43,85,yes
2026-04-18 04:33:40 PM,KXATPCHALLENGERMATCH-26APR18TABMMO-MMO,43,400,yes
2026-04-18 04:33:40 PM,KXATPCHALLENGERMATCH-26APR18TABMMO-MMO,43,50,yes
2026-04-18 04:33:40 PM,KXATPCHALLENGERMATCH-26APR18TABMMO-MMO,43,53,yes
2026-04-18 04:33:51 PM,KXATPCHALLENGERMATCH-26APR18TABMMO-MMO,43,80,yes
2026-04-18 04:33:55 PM,KXATPCHALLENGERMATCH-26APR18TABMMO-MMO,43,33,yes
2026-04-18 04:33:58 PM,KXATPCHALLENGERMATCH-26APR18TABMMO-MMO,43,285,yes
2026-04-18 04:33:58 PM,KXATPCHALLENGERMATCH-26APR18TABMMO-MMO,43,27,yes
2026-04-18 04:34:00 PM,KXATPCHALLENGERMATCH-26APR18TABMMO-MMO,43,15,yes
2026-04-18 04:34:06 PM,KXATPCHALLENGERMATCH-26APR18TABMMO-MMO,43,7,yes
2026-04-18 04:34:06 PM,KXATPCHALLENGERMATCH-26APR18TABMMO-MMO,43,210,yes
2026-04-18 04:34:09 PM,KXATPCHALLENGERMATCH-26APR18TABMMO-MMO,43,189,yes
2026-04-18 04:34:09 PM,KXATPCHALLENGERMATCH-26APR18TABMMO-MMO,44,120,yes
2026-04-18 04:34:09 PM,KXATPCHALLENGERMATCH-26APR18TABMMO-MMO,43,6,yes
2026-04-18 04:34:46 PM,KXATPCHALLENGERMATCH-26APR18TABMMO-MMO,43,22,yes
2026-04-18 04:35:06 PM,KXATPCHALLENGERMATCH-26APR18TABMMO-MMO,43,17,yes
2026-04-18 04:35:13 PM,KXATPCHALLENGERMATCH-26APR18TABMMO-MMO,43,353,yes
2026-04-18 04:35:13 PM,KXATPCHALLENGERMATCH-26APR18TABMMO-MMO,43,90,yes
2026-04-18 04:35:15 PM,KXATPCHALLENGERMATCH-26APR18TABMMO-MMO,43,67,yes
2026-04-18 04:35:16 PM,KXATPCHALLENGERMATCH-26APR18TABMMO-MMO,43,242,yes
2026-04-18 04:35:16 PM,KXATPCHALLENGERMATCH-26APR18TABMMO-MMO,43,204,yes
2026-04-18 04:35:23 PM,KXATPCHALLENGERMATCH-26APR18TABMMO-MMO,43,195,yes
2026-04-18 04:35:23 PM,KXATPCHALLENGERMATCH-26APR18TABMMO-MMO,43,1,yes
2026-04-18 04:35:23 PM,KXATPCHALLENGERMATCH-26APR18TABMMO-MMO,43,27,yes
2026-04-18 04:35:32 PM,KXATPCHALLENGERMATCH-26APR18TABMMO-MMO,43,372,yes
2026-04-18 04:35:32 PM,KXATPCHALLENGERMATCH-26APR18TABMMO-MMO,43,37,yes
2026-04-18 04:35:32 PM,KXATPCHALLENGERMATCH-26APR18TABMMO-MMO,43,14,yes
2026-04-18 04:35:32 PM,KXATPCHALLENGERMATCH-26APR18TABMMO-MMO,43,13,yes
2026-04-18 04:35:32 PM,KXATPCHALLENGERMATCH-26APR18TABMMO-MMO,44,735,yes
2026-04-18 04:35:32 PM,KXATPCHALLENGERMATCH-26APR18TABMMO-MMO,44,1000,yes
2026-04-18 04:35:32 PM,KXATPCHALLENGERMATCH-26APR18TABMMO-MMO,44,4,yes
2026-04-18 04:35:32 PM,KXATPCHALLENGERMATCH-26APR18TABMMO-MMO,44,4,yes
2026-04-18 04:35:32 PM,KXATPCHALLENGERMATCH-26APR18TABMMO-MMO,44,400,yes
2026-04-18 04:35:32 PM,KXATPCHALLENGERMATCH-26APR18TABMMO-MMO,44,740,yes
2026-04-18 04:35:32 PM,KXATPCHALLENGERMATCH-26APR18TABMMO-MMO,44,1000,yes
2026-04-18 04:35:32 PM,KXATPCHALLENGERMATCH-26APR18TABMMO-MMO,44,1000,yes
2026-04-18 04:35:32 PM,KXATPCHALLENGERMATCH-26APR18TABMMO-MMO,44,400,yes
2026-04-18 04:35:32 PM,KXATPCHALLENGERMATCH-26APR18TABMMO-MMO,44,50,yes
2026-04-18 04:35:32 PM,KXATPCHALLENGERMATCH-26APR18TABMMO-MMO,45,215,yes
2026-04-18 04:35:32 PM,KXATPCHALLENGERMATCH-26APR18TABMMO-MMO,45,912,yes
2026-04-18 04:35:32 PM,KXATPCHALLENGERMATCH-26APR18TABMMO-MMO,45,4,yes
2026-04-18 04:35:32 PM,KXATPCHALLENGERMATCH-26APR18TABMMO-MMO,45,400,yes
2026-04-18 04:35:32 PM,KXATPCHALLENGERMATCH-26APR18TABMMO-MMO,45,1000,yes
2026-04-18 04:35:32 PM,KXATPCHALLENGERMATCH-26APR18TABMMO-MMO,45,413,yes
2026-04-18 04:35:32 PM,KXATPCHALLENGERMATCH-26APR18TABMMO-MMO,46,339,yes
2026-04-18 04:35:32 PM,KXATPCHALLENGERMATCH-26APR18TABMMO-MMO,46,614,yes
2026-04-18 04:35:32 PM,KXATPCHALLENGERMATCH-26APR18TABMMO-MMO,46,100,yes
2026-04-18 04:35:32 PM,KXATPCHALLENGERMATCH-26APR18TABMMO-MMO,46,10,yes
2026-04-18 04:35:32 PM,KXATPCHALLENGERMATCH-26APR18TABMMO-MMO,46,400,yes
2026-04-18 04:35:32 PM,KXATPCHALLENGERMATCH-26APR18TABMMO-MMO,46,672,yes
2026-04-18 04:35:32 PM,KXATPCHALLENGERMATCH-26APR18TABMMO-MMO,46,38,yes
2026-04-18 04:35:32 PM,KXATPCHALLENGERMATCH-26APR18TABMMO-MMO,47,2,yes
2026-04-18 04:35:32 PM,KXATPCHALLENGERMATCH-26APR18TABMMO-MMO,47,3,yes
2026-04-18 04:35:32 PM,KXATPCHALLENGERMATCH-26APR18TABMMO-MMO,47,50,yes
2026-04-18 04:35:32 PM,KXATPCHALLENGERMATCH-26APR18TABMMO-MMO,47,672,yes
2026-04-18 04:35:32 PM,KXATPCHALLENGERMATCH-26APR18TABMMO-MMO,48,640,yes
2026-04-18 04:35:32 PM,KXATPCHALLENGERMATCH-26APR18TABMMO-MMO,48,8,yes
2026-04-18 04:35:32 PM,KXATPCHALLENGERMATCH-26APR18TABMMO-MMO,49,780,yes
2026-04-18 04:35:32 PM,KXATPCHALLENGERMATCH-26APR18TABMMO-MMO,50,56,yes
2026-04-18 04:35:32 PM,KXATPCHALLENGERMATCH-26APR18TABMMO-MMO,51,1560,yes
2026-04-18 04:35:32 PM,KXATPCHALLENGERMATCH-26APR18TABMMO-MMO,52,44,yes
2026-04-18 04:35:32 PM,KXATPCHALLENGERMATCH-26APR18TABMMO-MMO,52,4781,yes
2026-04-18 04:35:40 PM,KXATPCHALLENGERMATCH-26APR18TABMMO-MMO,43,43,yes
2026-04-18 04:35:40 PM,KXATPCHALLENGERMATCH-26APR18TABMMO-MMO,43,10,yes
2026-04-18 04:35:40 PM,KXATPCHALLENGERMATCH-26APR18TABMMO-MMO,43,50,yes
2026-04-18 04:35:40 PM,KXATPCHALLENGERMATCH-26APR18TABMMO-MMO,43,5,yes
2026-04-18 04:35:40 PM,KXATPCHALLENGERMATCH-26APR18TABMMO-MMO,43,7,yes
2026-04-18 04:35:40 PM,KXATPCHALLENGERMATCH-26APR18TABMMO-MMO,44,185,yes
2026-04-18 04:35:46 PM,KXATPCHALLENGERMATCH-26APR18TABMMO-MMO,43,11,yes
2026-04-18 04:35:47 PM,KXATPCHALLENGERMATCH-26APR18TABMMO-MMO,43,29,yes
2026-04-18 04:35:47 PM,KXATPCHALLENGERMATCH-26APR18TABMMO-MMO,43,50,yes
2026-04-18 04:35:47 PM,KXATPCHALLENGERMATCH-26APR18TABMMO-MMO,43,10,yes
2026-04-18 04:35:47 PM,KXATPCHALLENGERMATCH-26APR18TABMMO-MMO,43,7,yes
2026-04-18 04:35:47 PM,KXATPCHALLENGERMATCH-26APR18TABMMO-MMO,44,215,yes
2026-04-18 04:35:47 PM,KXATPCHALLENGERMATCH-26APR18TABMMO-MMO,44,40,yes
2026-04-18 04:35:47 PM,KXATPCHALLENGERMATCH-26APR18TABMMO-MMO,44,86,yes
2026-04-18 04:35:59 PM,KXATPCHALLENGERMATCH-26APR18TABMMO-MMO,43,0,yes
2026-04-18 04:35:59 PM,KXATPCHALLENGERMATCH-26APR18TABMMO-MMO,43,18,yes
2026-04-18 04:35:59 PM,KXATPCHALLENGERMATCH-26APR18TABMMO-MMO,43,10,yes
2026-04-18 04:35:59 PM,KXATPCHALLENGERMATCH-26APR18TABMMO-MMO,43,19,yes
2026-04-18 04:35:59 PM,KXATPCHALLENGERMATCH-26APR18TABMMO-MMO,44,313,yes
2026-04-18 04:35:59 PM,KXATPCHALLENGERMATCH-26APR18TABMMO-MMO,44,300,yes
2026-04-18 04:35:59 PM,KXATPCHALLENGERMATCH-26APR18TABMMO-MMO,44,289,yes
2026-04-18 04:36:10 PM,KXATPCHALLENGERMATCH-26APR18TABMMO-MMO,43,67,yes
2026-04-18 04:36:20 PM,KXATPCHALLENGERMATCH-26APR18TABMMO-MMO,43,111,yes
2026-04-18 04:36:26 PM,KXATPCHALLENGERMATCH-26APR18TABMMO-MMO,43,11,yes
2026-04-18 04:36:28 PM,KXATPCHALLENGERMATCH-26APR18TABMMO-MMO,43,50,yes
2026-04-18 04:36:28 PM,KXATPCHALLENGERMATCH-26APR18TABMMO-MMO,43,44,yes
2026-04-18 04:36:41 PM,KXATPCHALLENGERMATCH-26APR18TABMMO-MMO,43,22,yes
2026-04-18 04:36:45 PM,KXATPCHALLENGERMATCH-26APR18TABMMO-MMO,43,92,yes
2026-04-18 04:36:45 PM,KXATPCHALLENGERMATCH-26APR18TABMMO-MMO,43,12,yes
2026-04-18 04:36:45 PM,KXATPCHALLENGERMATCH-26APR18TABMMO-MMO,43,95,yes
2026-04-18 04:36:47 PM,KXATPCHALLENGERMATCH-26APR18TABMMO-MMO,43,45,yes
2026-04-18 04:37:21 PM,KXATPCHALLENGERMATCH-26APR18TABMMO-MMO,42,300,no
2026-04-18 04:37:29 PM,KXATPCHALLENGERMATCH-26APR18TABMMO-MMO,43,14,yes
2026-04-18 04:37:29 PM,KXATPCHALLENGERMATCH-26APR18TABMMO-MMO,43,12,yes
2026-04-18 04:37:36 PM,KXATPCHALLENGERMATCH-26APR18TABMMO-MMO,44,72,yes
2026-04-18 04:37:48 PM,KXATPCHALLENGERMATCH-26APR18TABMMO-MMO,43,125,yes
2026-04-18 04:37:48 PM,KXATPCHALLENGERMATCH-26APR18TABMMO-MMO,43,80,yes
2026-04-18 04:37:48 PM,KXATPCHALLENGERMATCH-26APR18TABMMO-MMO,44,13,yes
2026-04-18 04:38:03 PM,KXATPCHALLENGERMATCH-26APR18TABMMO-MMO,43,12,yes
2026-04-18 04:38:03 PM,KXATPCHALLENGERMATCH-26APR18TABMMO-MMO,43,21,yes
2026-04-18 04:38:03 PM,KXATPCHALLENGERMATCH-26APR18TABMMO-MMO,43,19,yes
2026-04-18 04:38:05 PM,KXATPCHALLENGERMATCH-26APR18TABMMO-MMO,43,39,yes
2026-04-18 04:38:05 PM,KXATPCHALLENGERMATCH-26APR18TABMMO-MMO,43,125,yes
2026-04-18 04:38:05 PM,KXATPCHALLENGERMATCH-26APR18TABMMO-MMO,44,66,yes
2026-04-18 04:38:05 PM,KXATPCHALLENGERMATCH-26APR18TABMMO-MMO,44,19,yes
2026-04-18 04:38:10 PM,KXATPCHALLENGERMATCH-26APR18TABMMO-MMO,43,1,yes
2026-04-18 04:38:10 PM,KXATPCHALLENGERMATCH-26APR18TABMMO-MMO,43,79,yes
2026-04-18 04:38:10 PM,KXATPCHALLENGERMATCH-26APR18TABMMO-MMO,43,32,yes
2026-04-18 04:38:11 PM,KXATPCHALLENGERMATCH-26APR18TABMMO-MMO,43,1,yes
2026-04-18 04:38:17 PM,KXATPCHALLENGERMATCH-26APR18TABMMO-MMO,42,14,no
2026-04-18 04:38:17 PM,KXATPCHALLENGERMATCH-26APR18TABMMO-MMO,42,5,no
2026-04-18 04:38:21 PM,KXATPCHALLENGERMATCH-26APR18TABMMO-MMO,42,381,yes
2026-04-18 04:38:21 PM,KXATPCHALLENGERMATCH-26APR18TABMMO-MMO,42,23,yes
2026-04-18 04:38:23 PM,KXATPCHALLENGERMATCH-26APR18TABMMO-MMO,42,26,yes
2026-04-18 04:38:23 PM,KXATPCHALLENGERMATCH-26APR18TABMMO-MMO,42,400,yes
2026-04-18 04:38:23 PM,KXATPCHALLENGERMATCH-26APR18TABMMO-MMO,42,400,yes
2026-04-18 04:38:23 PM,KXATPCHALLENGERMATCH-26APR18TABMMO-MMO,42,500,yes
2026-04-18 04:38:23 PM,KXATPCHALLENGERMATCH-26APR18TABMMO-MMO,42,103,yes
2026-04-18 04:38:25 PM,KXATPCHALLENGERMATCH-26APR18TABMMO-MMO,42,22,yes
2026-04-18 04:38:28 PM,KXATPCHALLENGERMATCH-26APR18TABMMO-MMO,41,10,no
2026-04-18 04:38:28 PM,KXATPCHALLENGERMATCH-26APR18TABMMO-MMO,41,5,no
2026-04-18 04:38:28 PM,KXATPCHALLENGERMATCH-26APR18TABMMO-MMO,41,40,no
2026-04-18 04:38:28 PM,KXATPCHALLENGERMATCH-26APR18TABMMO-MMO,41,14,no
2026-04-18 04:38:28 PM,KXATPCHALLENGERMATCH-26APR18TABMMO-MMO,41,100,no
2026-04-18 04:38:37 PM,KXATPCHALLENGERMATCH-26APR18TABMMO-MMO,41,231,yes
2026-04-18 04:38:37 PM,KXATPCHALLENGERMATCH-26APR18TABMMO-MMO,41,40,yes
2026-04-18 04:38:37 PM,KXATPCHALLENGERMATCH-26APR18TABMMO-MMO,42,400,yes
2026-04-18 04:38:37 PM,KXATPCHALLENGERMATCH-26APR18TABMMO-MMO,42,400,yes
2026-04-18 04:38:37 PM,KXATPCHALLENGERMATCH-26APR18TABMMO-MMO,42,400,yes
2026-04-18 04:38:37 PM,KXATPCHALLENGERMATCH-26APR18TABMMO-MMO,42,400,yes
2026-04-18 04:38:37 PM,KXATPCHALLENGERMATCH-26APR18TABMMO-MMO,42,50,yes
2026-04-18 04:38:37 PM,KXATPCHALLENGERMATCH-26APR18TABMMO-MMO,42,500,yes
2026-04-18 04:38:37 PM,KXATPCHALLENGERMATCH-26APR18TABMMO-MMO,42,35,yes
2026-04-18 04:38:37 PM,KXATPCHALLENGERMATCH-26APR18TABMMO-MMO,42,562,yes
2026-04-18 04:38:38 PM,KXATPCHALLENGERMATCH-26APR18TABMMO-MMO,41,40,no
2026-04-18 04:38:41 PM,KXATPCHALLENGERMATCH-26APR18TABMMO-MMO,41,5,yes
2026-04-18 04:38:44 PM,KXATPCHALLENGERMATCH-26APR18TABMMO-MMO,41,395,yes
2026-04-18 04:38:45 PM,KXATPCHALLENGERMATCH-26APR18TABMMO-MMO,43,49,yes
2026-04-18 04:38:45 PM,KXATPCHALLENGERMATCH-26APR18TABMMO-MMO,43,6,yes
2026-04-18 04:38:49 PM,KXATPCHALLENGERMATCH-26APR18TABMMO-MMO,43,33,yes
2026-04-18 04:38:49 PM,KXATPCHALLENGERMATCH-26APR18TABMMO-MMO,43,44,yes
2026-04-18 04:38:58 PM,KXATPCHALLENGERMATCH-26APR18TABMMO-MMO,43,5,yes
2026-04-18 04:38:58 PM,KXATPCHALLENGERMATCH-26APR18TABMMO-MMO,43,30,yes
2026-04-18 04:38:58 PM,KXATPCHALLENGERMATCH-26APR18TABMMO-MMO,43,7,yes
2026-04-18 04:39:09 PM,KXATPCHALLENGERMATCH-26APR18TABMMO-MMO,43,223,yes
2026-04-18 04:39:18 PM,KXATPCHALLENGERMATCH-26APR18TABMMO-MMO,43,0,yes
2026-04-18 04:39:18 PM,KXATPCHALLENGERMATCH-26APR18TABMMO-MMO,43,11,yes
2026-04-18 04:39:19 PM,KXATPCHALLENGERMATCH-26APR18TABMMO-MMO,43,4,yes
2026-04-18 04:39:30 PM,KXATPCHALLENGERMATCH-26APR18TABMMO-MMO,43,2,yes
2026-04-18 04:39:33 PM,KXATPCHALLENGERMATCH-26APR18TABMMO-MMO,43,223,yes
2026-04-18 04:39:36 PM,KXATPCHALLENGERMATCH-26APR18TABMMO-MMO,43,174,yes
2026-04-18 04:39:39 PM,KXATPCHALLENGERMATCH-26APR18TABMMO-MMO,43,125,no
2026-04-18 04:39:54 PM,KXATPCHALLENGERMATCH-26APR18TABMMO-MMO,43,6,yes
2026-04-18 04:39:56 PM,KXATPCHALLENGERMATCH-26APR18TABMMO-MMO,42,5,no
2026-04-18 04:39:57 PM,KXATPCHALLENGERMATCH-26APR18TABMMO-MMO,42,15,yes
2026-04-18 04:39:57 PM,KXATPCHALLENGERMATCH-26APR18TABMMO-MMO,42,63,yes
2026-04-18 04:39:59 PM,KXATPCHALLENGERMATCH-26APR18TABMMO-MMO,41,2,no
2026-04-18 04:39:59 PM,KXATPCHALLENGERMATCH-26APR18TABMMO-MMO,41,3,no
2026-04-18 04:39:59 PM,KXATPCHALLENGERMATCH-26APR18TABMMO-MMO,41,17,no
2026-04-18 04:39:59 PM,KXATPCHALLENGERMATCH-26APR18TABMMO-MMO,41,40,no
2026-04-18 04:39:59 PM,KXATPCHALLENGERMATCH-26APR18TABMMO-MMO,41,100,no
2026-04-18 04:39:59 PM,KXATPCHALLENGERMATCH-26APR18TABMMO-MMO,41,36,no
2026-04-18 04:40:00 PM,KXATPCHALLENGERMATCH-26APR18TABMMO-MMO,41,116,yes
2026-04-18 04:40:06 PM,KXATPCHALLENGERMATCH-26APR18TABMMO-MMO,41,23,yes
2026-04-18 04:40:09 PM,KXATPCHALLENGERMATCH-26APR18TABMMO-MMO,41,62,yes
2026-04-18 04:40:09 PM,KXATPCHALLENGERMATCH-26APR18TABMMO-MMO,41,400,yes
2026-04-18 04:40:09 PM,KXATPCHALLENGERMATCH-26APR18TABMMO-MMO,41,400,yes
2026-04-18 04:40:09 PM,KXATPCHALLENGERMATCH-26APR18TABMMO-MMO,41,347,yes
2026-04-18 04:40:13 PM,KXATPCHALLENGERMATCH-26APR18TABMMO-MMO,41,2,yes
2026-04-18 04:40:14 PM,KXATPCHALLENGERMATCH-26APR18TABMMO-MMO,41,48,yes
2026-04-18 04:40:14 PM,KXATPCHALLENGERMATCH-26APR18TABMMO-MMO,41,273,yes
2026-04-18 04:40:14 PM,KXATPCHALLENGERMATCH-26APR18TABMMO-MMO,42,40,yes
2026-04-18 04:40:16 PM,KXATPCHALLENGERMATCH-26APR18TABMMO-MMO,43,33,yes
2026-04-18 04:40:17 PM,KXATPCHALLENGERMATCH-26APR18TABMMO-MMO,44,400,yes
2026-04-18 04:40:17 PM,KXATPCHALLENGERMATCH-26APR18TABMMO-MMO,44,36,yes
2026-04-18 04:40:20 PM,KXATPCHALLENGERMATCH-26APR18TABMMO-MMO,44,33,yes
2026-04-18 04:40:20 PM,KXATPCHALLENGERMATCH-26APR18TABMMO-MMO,44,40,yes
2026-04-18 04:40:20 PM,KXATPCHALLENGERMATCH-26APR18TABMMO-MMO,44,145,yes
2026-04-18 04:40:24 PM,KXATPCHALLENGERMATCH-26APR18TABMMO-MMO,44,1,yes
2026-04-18 04:40:38 PM,KXATPCHALLENGERMATCH-26APR18TABMMO-MMO,44,4,yes
2026-04-18 04:40:40 PM,KXATPCHALLENGERMATCH-26APR18TABMMO-MMO,44,18,yes
2026-04-18 04:40:43 PM,KXATPCHALLENGERMATCH-26APR18TABMMO-MMO,44,2,yes
2026-04-18 04:40:44 PM,KXATPCHALLENGERMATCH-26APR18TABMMO-MMO,44,21,yes
2026-04-18 04:40:49 PM,KXATPCHALLENGERMATCH-26APR18TABMMO-MMO,42,33,no
2026-04-18 04:40:49 PM,KXATPCHALLENGERMATCH-26APR18TABMMO-MMO,42,5,no
2026-04-18 04:40:49 PM,KXATPCHALLENGERMATCH-26APR18TABMMO-MMO,41,40,no
2026-04-18 04:40:49 PM,KXATPCHALLENGERMATCH-26APR18TABMMO-MMO,41,33,no
2026-04-18 04:40:52 PM,KXATPCHALLENGERMATCH-26APR18TABMMO-MMO,41,100,yes
2026-04-18 04:41:25 PM,KXATPCHALLENGERMATCH-26APR18TABMMO-MMO,42,20,yes
2026-04-18 04:41:29 PM,KXATPCHALLENGERMATCH-26APR18TABMMO-MMO,40,12,no
2026-04-18 04:41:29 PM,KXATPCHALLENGERMATCH-26APR18TABMMO-MMO,40,33,no
2026-04-18 04:41:29 PM,KXATPCHALLENGERMATCH-26APR18TABMMO-MMO,40,5,no
2026-04-18 04:41:29 PM,KXATPCHALLENGERMATCH-26APR18TABMMO-MMO,39,5,no
2026-04-18 04:41:32 PM,KXATPCHALLENGERMATCH-26APR18TABMMO-MMO,38,20,no
2026-04-18 04:41:32 PM,KXATPCHALLENGERMATCH-26APR18TABMMO-MMO,38,33,no
2026-04-18 04:41:32 PM,KXATPCHALLENGERMATCH-26APR18TABMMO-MMO,37,35,no
2026-04-18 04:41:43 PM,KXATPCHALLENGERMATCH-26APR18TABMMO-MMO,37,40,yes
2026-04-18 04:41:45 PM,KXATPCHALLENGERMATCH-26APR18TABMMO-MMO,36,672,no
2026-04-18 04:41:45 PM,KXATPCHALLENGERMATCH-26APR18TABMMO-MMO,35,5,no
2026-04-18 04:41:45 PM,KXATPCHALLENGERMATCH-26APR18TABMMO-MMO,35,1530,no
2026-04-18 04:41:45 PM,KXATPCHALLENGERMATCH-26APR18TABMMO-MMO,35,2776,no
2026-04-18 04:41:45 PM,KXATPCHALLENGERMATCH-26APR18TABMMO-MMO,35,672,no
2026-04-18 04:41:45 PM,KXATPCHALLENGERMATCH-26APR18TABMMO-MMO,35,100,no
2026-04-18 04:41:45 PM,KXATPCHALLENGERMATCH-26APR18TABMMO-MMO,35,400,no
2026-04-18 04:41:45 PM,KXATPCHALLENGERMATCH-26APR18TABMMO-MMO,34,400,no
2026-04-18 04:41:45 PM,KXATPCHALLENGERMATCH-26APR18TABMMO-MMO,34,2295,no
2026-04-18 04:41:49 PM,KXATPCHALLENGERMATCH-26APR18TABMMO-MMO,37,25,yes
2026-04-18 04:41:49 PM,KXATPCHALLENGERMATCH-26APR18TABMMO-MMO,37,8,yes
2026-04-18 04:42:08 PM,KXATPCHALLENGERMATCH-26APR18TABMMO-MMO,38,12,yes
2026-04-18 04:42:13 PM,KXATPCHALLENGERMATCH-26APR18TABMMO-MMO,38,20,yes
2026-04-18 04:42:13 PM,KXATPCHALLENGERMATCH-26APR18TABMMO-MMO,38,50,yes
2026-04-18 04:42:13 PM,KXATPCHALLENGERMATCH-26APR18TABMMO-MMO,38,40,yes
2026-04-18 04:42:13 PM,KXATPCHALLENGERMATCH-26APR18TABMMO-MMO,38,1,yes
2026-04-18 04:42:13 PM,KXATPCHALLENGERMATCH-26APR18TABMMO-MMO,39,33,yes
2026-04-18 04:42:14 PM,KXATPCHALLENGERMATCH-26APR18TABMMO-MMO,39,21,yes
2026-04-18 04:42:18 PM,KXATPCHALLENGERMATCH-26APR18TABMMO-MMO,40,33,yes
2026-04-18 04:42:18 PM,KXATPCHALLENGERMATCH-26APR18TABMMO-MMO,41,19,yes
2026-04-18 04:42:29 PM,KXATPCHALLENGERMATCH-26APR18TABMMO-MMO,41,18,yes
2026-04-18 04:42:29 PM,KXATPCHALLENGERMATCH-26APR18TABMMO-MMO,41,11,yes
2026-04-18 04:42:29 PM,KXATPCHALLENGERMATCH-26APR18TABMMO-MMO,41,40,yes
2026-04-18 04:42:29 PM,KXATPCHALLENGERMATCH-26APR18TABMMO-MMO,41,35,yes
2026-04-18 04:42:29 PM,KXATPCHALLENGERMATCH-26APR18TABMMO-MMO,41,213,yes
2026-04-18 04:42:47 PM,KXATPCHALLENGERMATCH-26APR18TABMMO-MMO,41,4,yes
2026-04-18 04:42:49 PM,KXATPCHALLENGERMATCH-26APR18TABMMO-MMO,40,50,no
2026-04-18 04:42:49 PM,KXATPCHALLENGERMATCH-26APR18TABMMO-MMO,40,30,no
2026-04-18 04:42:49 PM,KXATPCHALLENGERMATCH-26APR18TABMMO-MMO,40,40,no
2026-04-18 04:43:03 PM,KXATPCHALLENGERMATCH-26APR18TABMMO-MMO,40,11,yes
2026-04-18 04:43:08 PM,KXATPCHALLENGERMATCH-26APR18TABMMO-MMO,39,30,no
2026-04-18 04:43:08 PM,KXATPCHALLENGERMATCH-26APR18TABMMO-MMO,39,50,no
2026-04-18 04:43:14 PM,KXATPCHALLENGERMATCH-26APR18TABMMO-MMO,39,50,no
2026-04-18 04:43:16 PM,KXATPCHALLENGERMATCH-26APR18TABMMO-MMO,40,40,yes
2026-04-18 04:43:16 PM,KXATPCHALLENGERMATCH-26APR18TABMMO-MMO,40,20,yes
2026-04-18 04:43:16 PM,KXATPCHALLENGERMATCH-26APR18TABMMO-MMO,41,28,yes
2026-04-18 04:43:16 PM,KXATPCHALLENGERMATCH-26APR18TABMMO-MMO,41,50,yes
2026-04-18 04:43:16 PM,KXATPCHALLENGERMATCH-26APR18TABMMO-MMO,41,35,yes
2026-04-18 04:43:16 PM,KXATPCHALLENGERMATCH-26APR18TABMMO-MMO,41,50,yes
2026-04-18 04:43:16 PM,KXATPCHALLENGERMATCH-26APR18TABMMO-MMO,40,10,yes
2026-04-18 04:43:20 PM,KXATPCHALLENGERMATCH-26APR18TABMMO-MMO,41,50,no
2026-04-18 04:43:20 PM,KXATPCHALLENGERMATCH-26APR18TABMMO-MMO,40,100,no
2026-04-18 04:43:20 PM,KXATPCHALLENGERMATCH-26APR18TABMMO-MMO,40,40,no
2026-04-18 04:43:21 PM,KXATPCHALLENGERMATCH-26APR18TABMMO-MMO,42,50,yes
2026-04-18 04:43:21 PM,KXATPCHALLENGERMATCH-26APR18TABMMO-MMO,42,40,yes
2026-04-18 04:43:26 PM,KXATPCHALLENGERMATCH-26APR18TABMMO-MMO,43,5,yes
2026-04-18 04:43:29 PM,KXATPCHALLENGERMATCH-26APR18TABMMO-MMO,42,10,no
2026-04-18 04:43:29 PM,KXATPCHALLENGERMATCH-26APR18TABMMO-MMO,42,50,no
2026-04-18 04:43:29 PM,KXATPCHALLENGERMATCH-26APR18TABMMO-MMO,42,383,no
2026-04-18 04:43:33 PM,KXATPCHALLENGERMATCH-26APR18TABMMO-MMO,43,28,yes
2026-04-18 04:43:36 PM,KXATPCHALLENGERMATCH-26APR18TABMMO-MMO,43,47,yes
2026-04-18 04:43:36 PM,KXATPCHALLENGERMATCH-26APR18TABMMO-MMO,43,64,yes
2026-04-18 04:43:37 PM,KXATPCHALLENGERMATCH-26APR18TABMMO-MMO,43,11,yes
2026-04-18 04:43:52 PM,KXATPCHALLENGERMATCH-26APR18TABMMO-MMO,43,44,yes
2026-04-18 04:43:54 PM,KXATPCHALLENGERMATCH-26APR18TABMMO-MMO,43,4,yes
2026-04-18 04:43:54 PM,KXATPCHALLENGERMATCH-26APR18TABMMO-MMO,43,60,yes
2026-04-18 04:43:54 PM,KXATPCHALLENGERMATCH-26APR18TABMMO-MMO,43,80,yes
2026-04-18 04:43:54 PM,KXATPCHALLENGERMATCH-26APR18TABMMO-MMO,43,53,yes
2026-04-18 04:43:54 PM,KXATPCHALLENGERMATCH-26APR18TABMMO-MMO,44,80,yes
2026-04-18 04:43:54 PM,KXATPCHALLENGERMATCH-26APR18TABMMO-MMO,44,125,yes
2026-04-18 04:43:54 PM,KXATPCHALLENGERMATCH-26APR18TABMMO-MMO,44,35,yes
2026-04-18 04:44:03 PM,KXATPCHALLENGERMATCH-26APR18TABMMO-MMO,45,125,yes
2026-04-18 04:44:03 PM,KXATPCHALLENGERMATCH-26APR18TABMMO-MMO,45,80,yes
2026-04-18 04:44:03 PM,KXATPCHALLENGERMATCH-26APR18TABMMO-MMO,45,300,yes
2026-04-18 04:44:03 PM,KXATPCHALLENGERMATCH-26APR18TABMMO-MMO,46,370,yes
2026-04-18 04:44:03 PM,KXATPCHALLENGERMATCH-26APR18TABMMO-MMO,46,73,yes
2026-04-18 04:44:05 PM,KXATPCHALLENGERMATCH-26APR18TABMMO-MMO,45,53,yes
2026-04-18 04:44:08 PM,KXATPCHALLENGERMATCH-26APR18TABMMO-MMO,45,42,yes
2026-04-18 04:44:09 PM,KXATPCHALLENGERMATCH-26APR18TABMMO-MMO,45,28,yes
2026-04-18 04:44:09 PM,KXATPCHALLENGERMATCH-26APR18TABMMO-MMO,45,300,yes
2026-04-18 04:44:09 PM,KXATPCHALLENGERMATCH-26APR18TABMMO-MMO,45,257,yes
2026-04-18 04:44:10 PM,KXATPCHALLENGERMATCH-26APR18TABMMO-MMO,45,125,yes
2026-04-18 04:44:10 PM,KXATPCHALLENGERMATCH-26APR18TABMMO-MMO,45,91,yes
2026-04-18 04:44:17 PM,KXATPCHALLENGERMATCH-26APR18TABMMO-MMO,46,31,yes
2026-04-18 04:44:29 PM,KXATPCHALLENGERMATCH-26APR18TABMMO-MMO,46,125,yes
2026-04-18 04:44:29 PM,KXATPCHALLENGERMATCH-26APR18TABMMO-MMO,46,40,yes
2026-04-18 04:44:29 PM,KXATPCHALLENGERMATCH-26APR18TABMMO-MMO,46,135,yes
2026-04-18 04:44:31 PM,KXATPCHALLENGERMATCH-26APR18TABMMO-MMO,45,672,no
2026-04-18 04:44:31 PM,KXATPCHALLENGERMATCH-26APR18TABMMO-MMO,44,110,no
2026-04-18 04:44:41 PM,KXATPCHALLENGERMATCH-26APR18TABMMO-MMO,44,34,no
2026-04-18 04:44:43 PM,KXATPCHALLENGERMATCH-26APR18TABMMO-MMO,46,2,yes
2026-04-18 04:44:45 PM,KXATPCHALLENGERMATCH-26APR18TABMMO-MMO,46,52,yes
2026-04-18 04:44:51 PM,KXATPCHALLENGERMATCH-26APR18TABMMO-MMO,46,23,yes
2026-04-18 04:45:01 PM,KXATPCHALLENGERMATCH-26APR18TABMMO-MMO,45,10,yes
2026-04-18 04:45:01 PM,KXATPCHALLENGERMATCH-26APR18TABMMO-MMO,45,10,yes
2026-04-18 04:45:17 PM,KXATPCHALLENGERMATCH-26APR18TABMMO-MMO,43,0,no
2026-04-18 04:45:19 PM,KXATPCHALLENGERMATCH-26APR18TABMMO-MMO,43,671,no
2026-04-18 04:45:19 PM,KXATPCHALLENGERMATCH-26APR18TABMMO-MMO,42,53,no
2026-04-18 04:45:19 PM,KXATPCHALLENGERMATCH-26APR18TABMMO-MMO,42,6,no
2026-04-18 04:45:27 PM,KXATPCHALLENGERMATCH-26APR18TABMMO-MMO,44,25,yes
2026-04-18 04:45:34 PM,KXATPCHALLENGERMATCH-26APR18TABMMO-MMO,44,2,yes
2026-04-18 04:45:48 PM,KXATPCHALLENGERMATCH-26APR18TABMMO-MMO,42,40,no
2026-04-18 04:45:50 PM,KXATPCHALLENGERMATCH-26APR18TABMMO-MMO,44,15,yes
2026-04-18 04:46:07 PM,KXATPCHALLENGERMATCH-26APR18TABMMO-MMO,42,45,no
2026-04-18 04:46:09 PM,KXATPCHALLENGERMATCH-26APR18TABMMO-MMO,42,1,yes
2026-04-18 04:46:45 PM,KXATPCHALLENGERMATCH-26APR18TABMMO-MMO,42,125,yes
2026-04-18 04:46:45 PM,KXATPCHALLENGERMATCH-26APR18TABMMO-MMO,42,40,yes
2026-04-18 04:46:45 PM,KXATPCHALLENGERMATCH-26APR18TABMMO-MMO,42,80,yes
2026-04-18 04:46:47 PM,KXATPCHALLENGERMATCH-26APR18TABMMO-MMO,43,11,yes
2026-04-18 04:46:54 PM,KXATPCHALLENGERMATCH-26APR18TABMMO-MMO,43,65,no
2026-04-18 04:47:07 PM,KXATPCHALLENGERMATCH-26APR18TABMMO-MMO,44,80,yes
2026-04-18 04:47:07 PM,KXATPCHALLENGERMATCH-26APR18TABMMO-MMO,44,29,yes
2026-04-18 04:47:16 PM,KXATPCHALLENGERMATCH-26APR18TABMMO-MMO,43,21,yes
2026-04-18 04:47:22 PM,KXATPCHALLENGERMATCH-26APR18TABMMO-MMO,42,11,yes
2026-04-18 04:47:25 PM,KXATPCHALLENGERMATCH-26APR18TABMMO-MMO,42,56,yes
2026-04-18 04:47:30 PM,KXATPCHALLENGERMATCH-26APR18TABMMO-MMO,42,80,yes
2026-04-18 04:47:31 PM,KXATPCHALLENGERMATCH-26APR18TABMMO-MMO,41,53,no
2026-04-18 04:47:31 PM,KXATPCHALLENGERMATCH-26APR18TABMMO-MMO,42,11,yes
2026-04-18 04:47:48 PM,KXATPCHALLENGERMATCH-26APR18TABMMO-MMO,43,122,yes
2026-04-18 04:47:55 PM,KXATPCHALLENGERMATCH-26APR18TABMMO-MMO,42,69,yes
2026-04-18 04:48:20 PM,KXATPCHALLENGERMATCH-26APR18TABMMO-MMO,42,17,yes
2026-04-18 04:48:29 PM,KXATPCHALLENGERMATCH-26APR18TABMMO-MMO,42,11,yes
2026-04-18 04:48:36 PM,KXATPCHALLENGERMATCH-26APR18TABMMO-MMO,42,22,yes
2026-04-18 04:48:36 PM,KXATPCHALLENGERMATCH-26APR18TABMMO-MMO,42,169,yes
2026-04-18 04:48:38 PM,KXATPCHALLENGERMATCH-26APR18TABMMO-MMO,42,1708,yes
2026-04-18 04:48:45 PM,KXATPCHALLENGERMATCH-26APR18TABMMO-MMO,42,400,yes
2026-04-18 04:48:45 PM,KXATPCHALLENGERMATCH-26APR18TABMMO-MMO,42,1000,yes
2026-04-18 04:48:45 PM,KXATPCHALLENGERMATCH-26APR18TABMMO-MMO,42,1000,yes
2026-04-18 04:48:45 PM,KXATPCHALLENGERMATCH-26APR18TABMMO-MMO,42,400,yes
2026-04-18 04:48:45 PM,KXATPCHALLENGERMATCH-26APR18TABMMO-MMO,42,400,yes
2026-04-18 04:48:45 PM,KXATPCHALLENGERMATCH-26APR18TABMMO-MMO,42,78,yes
2026-04-18 04:48:45 PM,KXATPCHALLENGERMATCH-26APR18TABMMO-MMO,42,125,yes
2026-04-18 04:48:45 PM,KXATPCHALLENGERMATCH-26APR18TABMMO-MMO,42,50,yes
2026-04-18 04:48:45 PM,KXATPCHALLENGERMATCH-26APR18TABMMO-MMO,43,80,yes
2026-04-18 04:48:45 PM,KXATPCHALLENGERMATCH-26APR18TABMMO-MMO,43,40,yes
2026-04-18 04:48:45 PM,KXATPCHALLENGERMATCH-26APR18TABMMO-MMO,43,400,yes
2026-04-18 04:48:45 PM,KXATPCHALLENGERMATCH-26APR18TABMMO-MMO,43,1000,yes
2026-04-18 04:48:45 PM,KXATPCHALLENGERMATCH-26APR18TABMMO-MMO,43,400,yes
2026-04-18 04:48:45 PM,KXATPCHALLENGERMATCH-26APR18TABMMO-MMO,43,125,yes
2026-04-18 04:48:45 PM,KXATPCHALLENGERMATCH-26APR18TABMMO-MMO,44,30,yes
2026-04-18 04:48:45 PM,KXATPCHALLENGERMATCH-26APR18TABMMO-MMO,44,137,yes
2026-04-18 04:48:54 PM,KXATPCHALLENGERMATCH-26APR18TABMMO-MMO,41,40,no
2026-04-18 04:49:04 PM,KXATPCHALLENGERMATCH-26APR18TABMMO-MMO,41,128,yes
2026-04-18 04:49:13 PM,KXATPCHALLENGERMATCH-26APR18TABMMO-MMO,41,40,yes
2026-04-18 04:49:13 PM,KXATPCHALLENGERMATCH-26APR18TABMMO-MMO,41,14,yes
2026-04-18 04:49:13 PM,KXATPCHALLENGERMATCH-26APR18TABMMO-MMO,41,10,yes
2026-04-18 04:49:14 PM,KXATPCHALLENGERMATCH-26APR18TABMMO-MMO,42,1,yes
2026-04-18 04:49:20 PM,KXATPCHALLENGERMATCH-26APR18TABMMO-MMO,44,21,yes
2026-04-18 04:49:29 PM,KXATPCHALLENGERMATCH-26APR18TABMMO-MMO,43,21,yes
2026-04-18 04:49:31 PM,KXATPCHALLENGERMATCH-26APR18TABMMO-MMO,43,308,yes
2026-04-18 04:49:33 PM,KXATPCHALLENGERMATCH-26APR18TABMMO-MMO,43,11,yes
2026-04-18 04:49:51 PM,KXATPCHALLENGERMATCH-26APR18TABMMO-MMO,43,22,yes
2026-04-18 04:49:52 PM,KXATPCHALLENGERMATCH-26APR18TABMMO-MMO,43,42,yes
2026-04-18 04:49:57 PM,KXATPCHALLENGERMATCH-26APR18TABMMO-MMO,43,684,yes
2026-04-18 04:49:59 PM,KXATPCHALLENGERMATCH-26APR18TABMMO-MMO,43,173,yes
2026-04-18 04:50:05 PM,KXATPCHALLENGERMATCH-26APR18TABMMO-MMO,43,55,yes
2026-04-18 04:50:07 PM,KXATPCHALLENGERMATCH-26APR18TABMMO-MMO,43,13,yes
2026-04-18 04:50:08 PM,KXATPCHALLENGERMATCH-26APR18TABMMO-MMO,43,10,yes
2026-04-18 04:50:08 PM,KXATPCHALLENGERMATCH-26APR18TABMMO-MMO,43,0,yes
2026-04-18 04:50:11 PM,KXATPCHALLENGERMATCH-26APR18TABMMO-MMO,42,25,no
2026-04-18 04:50:11 PM,KXATPCHALLENGERMATCH-26APR18TABMMO-MMO,42,78,no
2026-04-18 04:50:19 PM,KXATPCHALLENGERMATCH-26APR18TABMMO-MMO,41,56,yes
2026-04-18 04:50:21 PM,KXATPCHALLENGERMATCH-26APR18TABMMO-MMO,41,9,yes
2026-04-18 04:50:22 PM,KXATPCHALLENGERMATCH-26APR18TABMMO-MMO,41,56,yes
2026-04-18 04:50:28 PM,KXATPCHALLENGERMATCH-26APR18TABMMO-MMO,41,0,yes
2026-04-18 04:50:35 PM,KXATPCHALLENGERMATCH-26APR18TABMMO-MMO,41,1,yes
2026-04-18 04:50:41 PM,KXATPCHALLENGERMATCH-26APR18TABMMO-MMO,41,2,yes
2026-04-18 04:50:46 PM,KXATPCHALLENGERMATCH-26APR18TABMMO-MMO,40,50,no
2026-04-18 04:50:46 PM,KXATPCHALLENGERMATCH-26APR18TABMMO-MMO,40,30,no
2026-04-18 04:50:46 PM,KXATPCHALLENGERMATCH-26APR18TABMMO-MMO,40,200,no
2026-04-18 04:50:47 PM,KXATPCHALLENGERMATCH-26APR18TABMMO-MMO,40,228,yes
2026-04-18 04:50:52 PM,KXATPCHALLENGERMATCH-26APR18TABMMO-MMO,40,1,yes
2026-04-18 04:50:53 PM,KXATPCHALLENGERMATCH-26APR18TABMMO-MMO,40,11,yes
2026-04-18 04:50:55 PM,KXATPCHALLENGERMATCH-26APR18TABMMO-MMO,40,50,yes
2026-04-18 04:51:02 PM,KXATPCHALLENGERMATCH-26APR18TABMMO-MMO,40,23,yes
2026-04-18 04:51:05 PM,KXATPCHALLENGERMATCH-26APR18TABMMO-MMO,41,2,yes
2026-04-18 04:51:17 PM,KXATPCHALLENGERMATCH-26APR18TABMMO-MMO,41,73,yes
2026-04-18 04:51:17 PM,KXATPCHALLENGERMATCH-26APR18TABMMO-MMO,41,1,yes
2026-04-18 04:51:17 PM,KXATPCHALLENGERMATCH-26APR18TABMMO-MMO,41,40,yes
2026-04-18 04:51:17 PM,KXATPCHALLENGERMATCH-26APR18TABMMO-MMO,42,80,yes
2026-04-18 04:51:17 PM,KXATPCHALLENGERMATCH-26APR18TABMMO-MMO,42,125,yes
2026-04-18 04:51:17 PM,KXATPCHALLENGERMATCH-26APR18TABMMO-MMO,42,50,yes
2026-04-18 04:51:17 PM,KXATPCHALLENGERMATCH-26APR18TABMMO-MMO,42,319,yes
2026-04-18 04:51:21 PM,KXATPCHALLENGERMATCH-26APR18TABMMO-MMO,39,30,no
2026-04-18 04:51:21 PM,KXATPCHALLENGERMATCH-26APR18TABMMO-MMO,39,50,no
2026-04-18 04:51:21 PM,KXATPCHALLENGERMATCH-26APR18TABMMO-MMO,39,30,no
2026-04-18 04:51:21 PM,KXATPCHALLENGERMATCH-26APR18TABMMO-MMO,39,40,no
2026-04-18 04:51:21 PM,KXATPCHALLENGERMATCH-26APR18TABMMO-MMO,39,55,no
2026-04-18 04:51:22 PM,KXATPCHALLENGERMATCH-26APR18TABMMO-MMO,38,30,no
2026-04-18 04:51:22 PM,KXATPCHALLENGERMATCH-26APR18TABMMO-MMO,38,50,no
2026-04-18 04:51:22 PM,KXATPCHALLENGERMATCH-26APR18TABMMO-MMO,38,30,no
2026-04-18 04:51:23 PM,KXATPCHALLENGERMATCH-26APR18TABMMO-MMO,38,9,yes
2026-04-18 04:51:25 PM,KXATPCHALLENGERMATCH-26APR18TABMMO-MMO,38,280,yes
2026-04-18 04:51:25 PM,KXATPCHALLENGERMATCH-26APR18TABMMO-MMO,38,223,yes
2026-04-18 04:51:28 PM,KXATPCHALLENGERMATCH-26APR18TABMMO-MMO,38,126,yes
2026-04-18 04:51:34 PM,KXATPCHALLENGERMATCH-26APR18TABMMO-MMO,37,30,no
2026-04-18 04:51:34 PM,KXATPCHALLENGERMATCH-26APR18TABMMO-MMO,37,30,no
2026-04-18 04:51:34 PM,KXATPCHALLENGERMATCH-26APR18TABMMO-MMO,36,30,no
2026-04-18 04:51:34 PM,KXATPCHALLENGERMATCH-26APR18TABMMO-MMO,36,30,no
2026-04-18 04:51:34 PM,KXATPCHALLENGERMATCH-26APR18TABMMO-MMO,36,98,no
2026-04-18 04:51:50 PM,KXATPCHALLENGERMATCH-26APR18TABMMO-MMO,37,40,yes
2026-04-18 04:51:50 PM,KXATPCHALLENGERMATCH-26APR18TABMMO-MMO,37,1,yes
2026-04-18 04:51:50 PM,KXATPCHALLENGERMATCH-26APR18TABMMO-MMO,37,62,yes
2026-04-18 04:51:51 PM,KXATPCHALLENGERMATCH-26APR18TABMMO-MMO,37,5,yes
2026-04-18 04:51:54 PM,KXATPCHALLENGERMATCH-26APR18TABMMO-MMO,37,25,yes
2026-04-18 04:51:58 PM,KXATPCHALLENGERMATCH-26APR18TABMMO-MMO,37,12,yes
2026-04-18 04:51:59 PM,KXATPCHALLENGERMATCH-26APR18TABMMO-MMO,37,293,yes
2026-04-18 04:51:59 PM,KXATPCHALLENGERMATCH-26APR18TABMMO-MMO,37,400,yes
2026-04-18 04:51:59 PM,KXATPCHALLENGERMATCH-26APR18TABMMO-MMO,37,400,yes
2026-04-18 04:51:59 PM,KXATPCHALLENGERMATCH-26APR18TABMMO-MMO,37,718,yes
2026-04-18 04:52:06 PM,KXATPCHALLENGERMATCH-26APR18TABMMO-MMO,38,50,yes
2026-04-18 04:52:06 PM,KXATPCHALLENGERMATCH-26APR18TABMMO-MMO,38,0,yes
2026-04-18 04:52:13 PM,KXATPCHALLENGERMATCH-26APR18TABMMO-MMO,38,49,yes
2026-04-18 04:52:13 PM,KXATPCHALLENGERMATCH-26APR18TABMMO-MMO,38,45,yes
2026-04-18 04:52:13 PM,KXATPCHALLENGERMATCH-26APR18TABMMO-MMO,38,5,yes
2026-04-18 04:52:13 PM,KXATPCHALLENGERMATCH-26APR18TABMMO-MMO,38,25,yes
2026-04-18 04:52:15 PM,KXATPCHALLENGERMATCH-26APR18TABMMO-MMO,38,40,yes
2026-04-18 04:52:15 PM,KXATPCHALLENGERMATCH-26APR18TABMMO-MMO,38,100,yes
2026-04-18 04:52:15 PM,KXATPCHALLENGERMATCH-26APR18TABMMO-MMO,38,30,yes
2026-04-18 04:52:18 PM,KXATPCHALLENGERMATCH-26APR18TABMMO-MMO,40,40,yes
2026-04-18 04:52:18 PM,KXATPCHALLENGERMATCH-26APR18TABMMO-MMO,40,38,yes
2026-04-18 04:52:18 PM,KXATPCHALLENGERMATCH-26APR18TABMMO-MMO,40,35,yes
2026-04-18 04:52:18 PM,KXATPCHALLENGERMATCH-26APR18TABMMO-MMO,41,348,yes
2026-04-18 04:52:21 PM,KXATPCHALLENGERMATCH-26APR18TABMMO-MMO,40,10,yes
2026-04-18 04:52:30 PM,KXATPCHALLENGERMATCH-26APR18TABMMO-MMO,40,60,yes
2026-04-18 04:52:30 PM,KXATPCHALLENGERMATCH-26APR18TABMMO-MMO,40,179,yes
2026-04-18 04:52:34 PM,KXATPCHALLENGERMATCH-26APR18TABMMO-MMO,40,83,yes
2026-04-18 04:52:34 PM,KXATPCHALLENGERMATCH-26APR18TABMMO-MMO,40,11,yes
2026-04-18 04:52:42 PM,KXATPCHALLENGERMATCH-26APR18TABMMO-MMO,39,450,no
2026-04-18 04:52:50 PM,KXATPCHALLENGERMATCH-26APR18TABMMO-MMO,38,44,no
2026-04-18 04:52:52 PM,KXATPCHALLENGERMATCH-26APR18TABMMO-MMO,38,7,yes
2026-04-18 04:52:53 PM,KXATPCHALLENGERMATCH-26APR18TABMMO-MMO,38,32,yes
2026-04-18 04:52:53 PM,KXATPCHALLENGERMATCH-26APR18TABMMO-MMO,38,100,yes
2026-04-18 04:52:53 PM,KXATPCHALLENGERMATCH-26APR18TABMMO-MMO,38,10,yes
2026-04-18 04:52:53 PM,KXATPCHALLENGERMATCH-26APR18TABMMO-MMO,40,42,yes
2026-04-18 04:52:53 PM,KXATPCHALLENGERMATCH-26APR18TABMMO-MMO,40,50,yes
2026-04-18 04:52:53 PM,KXATPCHALLENGERMATCH-26APR18TABMMO-MMO,41,23,yes
2026-04-18 04:52:53 PM,KXATPCHALLENGERMATCH-26APR18TABMMO-MMO,40,41,yes
2026-04-18 04:53:00 PM,KXATPCHALLENGERMATCH-26APR18TABMMO-MMO,42,50,yes
2026-04-18 04:53:08 PM,KXATPCHALLENGERMATCH-26APR18TABMMO-MMO,43,11,yes
2026-04-18 04:53:12 PM,KXATPCHALLENGERMATCH-26APR18TABMMO-MMO,43,2,yes
2026-04-18 04:53:13 PM,KXATPCHALLENGERMATCH-26APR18TABMMO-MMO,43,35,yes
2026-04-18 04:53:20 PM,KXATPCHALLENGERMATCH-26APR18TABMMO-MMO,43,60,yes
2026-04-18 04:53:27 PM,KXATPCHALLENGERMATCH-26APR18TABMMO-MMO,43,90,yes
2026-04-18 04:53:27 PM,KXATPCHALLENGERMATCH-26APR18TABMMO-MMO,43,70,yes
2026-04-18 04:53:27 PM,KXATPCHALLENGERMATCH-26APR18TABMMO-MMO,44,63,yes
2026-04-18 04:53:31 PM,KXATPCHALLENGERMATCH-26APR18TABMMO-MMO,44,50,yes
2026-04-18 04:53:31 PM,KXATPCHALLENGERMATCH-26APR18TABMMO-MMO,44,80,yes
2026-04-18 04:53:31 PM,KXATPCHALLENGERMATCH-26APR18TABMMO-MMO,44,50,yes
2026-04-18 04:53:31 PM,KXATPCHALLENGERMATCH-26APR18TABMMO-MMO,44,80,no
2026-04-18 04:53:43 PM,KXATPCHALLENGERMATCH-26APR18TABMMO-MMO,45,53,yes
2026-04-18 04:53:45 PM,KXATPCHALLENGERMATCH-26APR18TABMMO-MMO,45,46,yes
2026-04-18 04:53:45 PM,KXATPCHALLENGERMATCH-26APR18TABMMO-MMO,45,6,yes
2026-04-18 04:53:45 PM,KXATPCHALLENGERMATCH-26APR18TABMMO-MMO,44,22,no
