ts_ET,leg,phase,best_bid,best_ask,bid_depth,ask_depth,last_traded_price,last_traded_side,last_traded_size,our_bid
00:00:14.70,Jurij Rodionov,window1,71,72,212,546,,,,
00:00:14.70,Oliver Crawford,window1,28,29,470,859,,,,
00:00:37.30,Jurij Rodionov,window1,71,72,212,546,,,,
00:00:37.30,Oliver Crawford,window1,28,29,470,859,,,,
00:00:52.15,Jurij Rodionov,window1,71,72,212,546,,,,
00:00:52.15,Oliver Crawford,window1,28,29,470,859,,,,
00:01:07.86,Jurij Rodionov,window1,71,72,212,546,,,,
00:01:07.86,Oliver Crawford,window1,28,29,470,859,,,,
00:01:22.06,Oliver Crawford,window1,28,29,470,859,,,,
00:01:36.42,Oliver Crawford,window1,28,29,470,859,,,,
00:01:50.87,Jurij Rodionov,window1,71,72,212,561,,,,
00:02:05.61,Oliver Crawford,window1,28,29,470,856,,,,
00:02:19.20,Jurij Rodionov,window1,71,72,212,990,,,,
00:02:33.72,Oliver Crawford,window1,28,29,914,856,,,,
00:02:49.01,Jurij Rodionov,window1,71,72,212,990,,,,
00:03:05.18,Jurij Rodionov,window1,71,72,212,990,,,,
00:03:05.18,Oliver Crawford,window1,28,29,914,856,,,,
00:03:20.91,Jurij Rodionov,window1,71,72,212,990,,,,
00:03:20.91,Oliver Crawford,window1,28,29,914,856,,,,
00:04:08.80,Jurij Rodionov,window1,71,72,212,990,,,,
00:04:08.80,Oliver Crawford,window1,28,29,914,856,,,,
00:04:39.56,Jurij Rodionov,window1,71,72,212,990,,,,
00:04:39.56,Oliver Crawford,window1,28,29,914,856,,,,
00:05:15.09,Jurij Rodionov,window1,71,72,212,990,,,,
00:05:15.09,Oliver Crawford,window1,28,29,914,856,,,,
00:05:30.51,Jurij Rodionov,window1,71,72,212,990,,,,
00:05:30.51,Oliver Crawford,window1,28,29,914,856,,,,
00:05:46.95,Jurij Rodionov,window1,71,72,212,1005,,,,
00:05:46.95,Oliver Crawford,window1,28,29,914,856,,,,
00:06:02.68,Jurij Rodionov,window1,71,72,212,990,,,,
00:06:02.68,Oliver Crawford,window1,28,29,914,856,,,,
00:06:17.60,Jurij Rodionov,window1,71,72,212,990,,,,
00:06:32.13,Jurij Rodionov,window1,71,72,192,990,,,,
00:06:32.13,Oliver Crawford,window1,28,29,914,839,,,,
00:06:47.00,Oliver Crawford,window1,28,29,914,839,,,,
00:07:01.67,Jurij Rodionov,window1,71,72,192,1005,,,,
00:07:01.67,Oliver Crawford,window1,28,29,914,839,,,,
00:07:31.27,Jurij Rodionov,window1,71,72,192,1005,,,,
00:07:31.27,Oliver Crawford,window1,28,29,914,839,,,,
00:07:45.72,Jurij Rodionov,window1,71,72,192,990,,,,
00:07:45.72,Oliver Crawford,window1,28,29,914,839,,,,
00:08:15.17,Jurij Rodionov,window1,71,72,192,990,,,,
00:08:15.17,Oliver Crawford,window1,28,29,914,839,,,,
00:08:44.42,Jurij Rodionov,window1,71,72,192,990,,,,
00:08:44.42,Oliver Crawford,window1,28,29,914,839,,,,
00:08:59.21,Jurij Rodionov,window1,71,72,192,990,,,,
00:08:59.21,Oliver Crawford,window1,28,29,914,839,,,,
00:09:16.18,Jurij Rodionov,window1,71,72,192,1005,,,,
00:09:16.18,Oliver Crawford,window1,28,29,914,839,,,,
00:09:32.73,Jurij Rodionov,window1,71,72,192,1005,,,,
00:09:32.73,Oliver Crawford,window1,28,29,914,839,,,,
00:09:49.95,Jurij Rodionov,window1,71,72,192,1005,,,,
00:09:49.95,Oliver Crawford,window1,28,29,914,839,,,,
00:10:11.42,Jurij Rodionov,window1,71,72,192,990,,,,
00:10:11.42,Oliver Crawford,window1,28,29,914,839,,,,
00:10:41.28,Jurij Rodionov,window1,71,72,192,1005,,,,
00:10:41.28,Oliver Crawford,window1,28,29,914,839,,,,
00:11:12.24,Jurij Rodionov,window1,71,72,192,990,,,,
00:11:12.24,Oliver Crawford,window1,28,29,914,839,,,,
00:11:27.27,Jurij Rodionov,window1,71,72,192,1005,,,,
00:11:27.27,Oliver Crawford,window1,28,29,914,839,,,,
00:11:42.77,Oliver Crawford,window1,28,29,914,839,,,,
00:11:57.80,Jurij Rodionov,window1,71,72,192,990,,,,
00:11:57.80,Oliver Crawford,window1,28,29,914,839,,,,
00:12:29.17,Jurij Rodionov,window1,71,72,192,990,,,,
00:12:44.52,Oliver Crawford,window1,28,29,914,839,,,,
00:12:59.17,Jurij Rodionov,window1,71,72,192,1005,,,,
00:12:59.17,Oliver Crawford,window1,28,29,914,839,,,,
00:13:45.10,Jurij Rodionov,window1,71,72,192,990,,,,
00:13:45.10,Oliver Crawford,window1,28,29,914,839,,,,
00:14:13.33,Jurij Rodionov,window1,71,72,192,1005,,,,
00:14:13.33,Oliver Crawford,window1,28,29,914,839,,,,
00:14:55.09,Jurij Rodionov,window1,71,72,192,990,,,,
00:14:55.09,Oliver Crawford,window1,28,29,914,839,,,,
00:15:25.62,Jurij Rodionov,window1,71,72,192,990,,,,
00:15:25.62,Oliver Crawford,window1,28,29,914,839,,,,
00:15:39.13,Jurij Rodionov,window1,71,72,192,990,,,,
00:15:39.13,Oliver Crawford,window1,28,29,914,839,,,,
00:16:07.11,Jurij Rodionov,window1,71,72,192,1005,,,,
00:16:07.11,Oliver Crawford,window1,28,29,914,839,,,,
00:16:34.76,Jurij Rodionov,window1,71,72,192,1005,,,,
00:16:34.76,Oliver Crawford,window1,28,29,914,839,,,,
00:16:49.25,Oliver Crawford,window1,28,29,914,839,,,,
00:17:03.38,Jurij Rodionov,window1,71,72,192,990,,,,
00:17:17.84,Jurij Rodionov,window1,71,72,192,990,,,,
00:17:17.84,Oliver Crawford,window1,28,29,914,839,,,,
00:17:45.75,Jurij Rodionov,window1,71,72,192,990,,,,
00:17:45.75,Oliver Crawford,window1,28,29,914,839,,,,
00:17:59.10,Jurij Rodionov,window1,71,72,192,990,,,,
00:18:27.52,Jurij Rodionov,window1,71,72,192,990,,,,
00:18:42.31,Jurij Rodionov,window1,71,72,192,1005,,,,
00:18:42.31,Oliver Crawford,window1,28,29,914,839,,,,
00:18:57.77,Jurij Rodionov,window1,71,72,192,990,,,,
00:18:57.77,Oliver Crawford,window1,28,29,914,839,,,,
00:19:13.58,Oliver Crawford,window1,28,29,914,839,,,,
00:19:28.00,Oliver Crawford,window1,28,29,914,839,,,,
00:19:57.87,Jurij Rodionov,window1,71,72,192,1005,,,,
00:19:57.87,Oliver Crawford,window1,28,29,914,839,,,,
00:20:16.29,Oliver Crawford,window1,28,29,914,839,,,,
00:20:33.02,Jurij Rodionov,window1,71,72,192,990,,,,
00:20:33.02,Oliver Crawford,window1,28,29,914,839,,,,
00:20:51.48,Jurij Rodionov,window1,71,72,192,990,,,,
00:20:51.48,Oliver Crawford,window1,28,29,914,839,,,,
00:21:11.78,Jurij Rodionov,window1,71,72,192,1005,,,,
00:21:11.78,Oliver Crawford,window1,28,29,914,839,,,,
00:21:31.09,Jurij Rodionov,window1,71,72,192,1005,,,,
00:21:31.09,Oliver Crawford,window1,28,29,914,839,,,,
00:21:49.85,Jurij Rodionov,window1,71,72,192,990,,,,
00:21:49.85,Oliver Crawford,window1,28,29,914,839,,,,
00:22:21.28,Jurij Rodionov,window1,71,72,192,1005,,,,
00:22:21.28,Oliver Crawford,window1,28,29,914,839,,,,
00:22:35.23,Oliver Crawford,window1,28,29,914,839,,,,
00:22:49.19,Jurij Rodionov,window1,71,72,192,990,,,,
00:22:49.19,Oliver Crawford,window1,28,29,914,839,,,,
00:23:04.62,Jurij Rodionov,window1,71,72,192,1005,,,,
00:23:19.64,Jurij Rodionov,window1,71,72,192,990,,,,
00:23:19.64,Oliver Crawford,window1,28,29,914,839,,,,
00:23:33.60,Jurij Rodionov,window1,71,72,192,1005,,,,
00:23:33.60,Oliver Crawford,window1,28,29,914,839,,,,
00:24:02.40,Jurij Rodionov,window1,71,72,192,990,,,,
00:24:17.11,Oliver Crawford,window1,28,29,914,839,,,,
00:24:30.36,Jurij Rodionov,window1,71,72,192,990,,,,
00:24:30.36,Oliver Crawford,window1,28,29,914,839,,,,
00:25:15.18,Jurij Rodionov,window1,71,72,192,990,,,,
00:25:15.18,Oliver Crawford,window1,28,29,914,839,,,,
00:25:29.20,Jurij Rodionov,window1,71,72,192,990,,,,
00:25:29.20,Oliver Crawford,window1,28,29,914,839,,,,
00:26:24.10,Jurij Rodionov,window1,71,72,192,990,,,,
00:26:24.10,Oliver Crawford,window1,28,29,914,839,,,,
00:26:38.12,Jurij Rodionov,window1,71,72,192,990,,,,
00:26:38.12,Oliver Crawford,window1,28,29,914,839,,,,
00:27:06.97,Jurij Rodionov,window1,71,72,192,990,,,,
00:27:22.43,Oliver Crawford,window1,28,29,914,839,,,,
00:29:46.72,Jurij Rodionov,window1,71,72,192,990,,,,
00:29:46.72,Oliver Crawford,window1,28,29,914,839,,,,
00:30:03.95,Jurij Rodionov,window1,71,72,192,990,,,,
00:30:03.95,Oliver Crawford,window1,28,29,914,839,,,,
00:30:36.48,Jurij Rodionov,window1,71,72,192,990,,,,
00:30:50.33,Oliver Crawford,window1,28,29,914,839,,,,
00:32:00.82,Jurij Rodionov,window1,71,72,192,990,,,,
00:32:00.82,Oliver Crawford,window1,28,29,914,839,,,,
00:32:35.40,Jurij Rodionov,window1,71,72,192,990,,,,
00:33:22.19,Oliver Crawford,window1,28,29,914,839,,,,
00:34:20.39,Jurij Rodionov,window1,71,72,192,990,,,,
00:34:20.39,Oliver Crawford,window1,28,29,914,839,,,,
00:35:04.45,Jurij Rodionov,window1,71,72,192,990,,,,
00:35:04.45,Oliver Crawford,window1,28,29,914,839,,,,
00:35:38.48,Jurij Rodionov,window1,71,72,192,990,,,,
00:35:38.48,Oliver Crawford,window1,28,29,914,839,,,,
00:36:09.60,Jurij Rodionov,window1,71,72,192,990,,,,
00:36:09.60,Oliver Crawford,window1,28,29,914,839,,,,
00:36:39.43,Oliver Crawford,window1,28,29,914,839,,,,
00:36:54.12,Oliver Crawford,window1,28,29,914,839,,,,
00:37:10.19,Oliver Crawford,window1,28,29,914,839,,,,
00:39:03.96,Jurij Rodionov,window1,71,72,192,990,,,,
00:39:03.96,Oliver Crawford,window1,28,29,914,839,,,,
00:39:33.06,Jurij Rodionov,window1,71,72,192,990,,,,
00:39:33.06,Oliver Crawford,window1,28,29,914,839,,,,
00:39:46.54,Jurij Rodionov,window1,71,72,192,990,,,,
00:39:46.54,Oliver Crawford,window1,28,29,914,839,,,,
00:42:07.08,Oliver Crawford,window1,28,29,914,839,,,,
00:42:20.96,Jurij Rodionov,window1,71,72,192,990,,,,
00:42:20.96,Oliver Crawford,window1,28,29,914,839,,,,
00:42:34.93,Oliver Crawford,window1,28,29,914,839,,,,
00:42:49.36,Jurij Rodionov,window1,71,72,192,990,,,,
00:43:04.63,Jurij Rodionov,window1,71,72,192,990,,,,
00:43:04.63,Oliver Crawford,window1,28,29,914,839,,,,
00:45:07.54,Jurij Rodionov,window1,71,72,192,990,,,,
00:45:07.54,Oliver Crawford,window1,28,29,914,839,,,,
00:46:52.12,Jurij Rodionov,window1,71,72,192,990,,,,
00:47:06.98,Jurij Rodionov,window1,71,72,192,990,,,,
00:47:06.98,Oliver Crawford,window1,28,29,914,839,,,,
00:47:21.02,Jurij Rodionov,window1,71,72,192,1005,,,,
00:47:21.02,Oliver Crawford,window1,28,29,914,839,,,,
00:47:35.26,Jurij Rodionov,window1,71,72,192,990,,,,
00:47:35.26,Oliver Crawford,window1,28,29,914,839,,,,
00:48:03.27,Jurij Rodionov,window1,71,72,192,990,,,,
00:48:03.27,Oliver Crawford,window1,28,29,914,839,,,,
00:53:14.26,Jurij Rodionov,window1,71,72,192,990,,,,
00:53:14.26,Oliver Crawford,window1,28,29,914,839,,,,
00:58:02.26,Jurij Rodionov,window1,71,72,192,990,,,,
00:58:02.26,Oliver Crawford,window1,28,29,914,839,,,,
00:58:32.94,Jurij Rodionov,window1,71,72,192,990,,,,
00:58:32.94,Oliver Crawford,window1,28,29,914,839,,,,
00:58:48.37,Oliver Crawford,window1,28,29,914,839,,,,
00:59:19.01,Jurij Rodionov,window1,71,72,192,990,,,,
00:59:19.01,Oliver Crawford,window1,28,29,914,839,,,,
00:59:33.65,Jurij Rodionov,window1,71,72,192,990,,,,
01:02:16.27,Jurij Rodionov,window1,71,72,192,990,,,,
01:02:16.27,Oliver Crawford,window1,28,29,914,839,,,,
01:02:42.20,Jurij Rodionov,window1,71,72,192,990,,,,
01:02:42.20,Oliver Crawford,window1,28,29,914,839,,,,
01:03:10.04,Jurij Rodionov,window1,71,72,192,990,,,,
01:03:24.06,Jurij Rodionov,window1,71,72,192,990,,,,
01:04:05.52,Jurij Rodionov,window1,71,72,192,990,,,,
01:04:05.52,Oliver Crawford,window1,28,29,914,839,,,,
01:04:19.25,Jurij Rodionov,window1,71,72,192,990,,,,
01:04:19.25,Oliver Crawford,window1,28,29,914,839,,,,
01:04:47.10,Jurij Rodionov,window1,71,72,192,990,,,,
01:04:47.10,Oliver Crawford,window1,28,29,914,839,,,,
01:05:02.44,Jurij Rodionov,window1,71,72,192,1005,,,,
01:05:02.44,Oliver Crawford,window1,28,29,914,839,,,,
01:08:06.65,Jurij Rodionov,window1,71,72,192,1005,,,,
01:08:06.65,Oliver Crawford,window1,28,29,914,839,,,,
01:10:43.96,Jurij Rodionov,window1,71,72,192,1005,,,,
01:10:43.96,Oliver Crawford,window1,28,29,914,839,,,,
01:11:00.52,Jurij Rodionov,window1,71,72,192,1005,,,,
01:11:00.52,Oliver Crawford,window1,28,29,914,839,,,,
01:11:16.97,Jurij Rodionov,window1,71,72,192,1005,,,,
01:12:00.09,Oliver Crawford,window1,28,29,914,839,,,,
01:12:16.56,Jurij Rodionov,window1,71,72,192,990,,,,
01:12:30.97,Jurij Rodionov,window1,71,72,192,990,,,,
01:12:30.97,Oliver Crawford,window1,28,29,914,839,,,,
01:12:45.13,Jurij Rodionov,window1,71,72,192,990,,,,
01:12:45.13,Oliver Crawford,window1,28,29,914,839,,,,
01:13:15.82,Jurij Rodionov,window1,71,72,192,1005,,,,
01:13:15.82,Oliver Crawford,window1,28,29,914,839,,,,
01:14:22.13,Oliver Crawford,window1,28,29,914,839,,,,
01:14:38.98,Jurij Rodionov,window1,71,72,192,990,,,,
01:14:55.52,Oliver Crawford,window1,28,29,914,839,,,,
01:15:18.67,Jurij Rodionov,window1,71,72,192,1005,,,,
01:15:36.51,Jurij Rodionov,window1,71,72,192,990,,,,
01:15:36.51,Oliver Crawford,window1,28,29,914,839,,,,
01:15:53.42,Oliver Crawford,window1,28,29,914,839,,,,
01:16:11.74,Jurij Rodionov,window1,71,72,192,1005,,,,
01:16:27.54,Oliver Crawford,window1,28,29,914,839,,,,
01:16:44.11,Jurij Rodionov,window1,71,72,192,990,,,,
01:17:00.13,Jurij Rodionov,window1,71,72,192,990,,,,
01:17:00.13,Oliver Crawford,window1,28,29,914,839,,,,
01:17:18.80,Jurij Rodionov,window1,71,72,192,990,,,,
01:17:18.80,Oliver Crawford,window1,28,29,914,839,,,,
01:17:39.13,Jurij Rodionov,window1,71,72,192,1005,,,,
01:17:39.13,Oliver Crawford,window1,28,29,914,839,,,,
01:19:22.55,Jurij Rodionov,window1,71,72,192,990,,,,
01:19:22.55,Oliver Crawford,window1,28,29,914,839,,,,
01:19:51.18,Jurij Rodionov,window1,71,72,192,990,,,,
01:19:51.18,Oliver Crawford,window1,28,29,914,839,,,,
01:20:08.13,Jurij Rodionov,window1,71,72,192,990,,,,
01:20:08.13,Oliver Crawford,window1,28,29,914,839,,,,
01:20:41.63,Jurij Rodionov,window1,71,72,192,1005,,,,
01:20:41.63,Oliver Crawford,window1,28,29,914,839,,,,
01:20:55.61,Jurij Rodionov,window1,71,72,192,990,,,,
01:20:55.61,Oliver Crawford,window1,28,29,914,839,,,,
01:21:13.11,Oliver Crawford,window1,28,29,914,839,,,,
01:21:27.94,Jurij Rodionov,window1,71,72,192,1005,,,,
01:21:42.34,Jurij Rodionov,window1,71,72,192,990,,,,
01:21:42.34,Oliver Crawford,window1,28,29,914,839,,,,
01:21:56.61,Jurij Rodionov,window1,71,72,192,990,,,,
01:21:56.61,Oliver Crawford,window1,28,29,914,839,,,,
01:22:43.28,Jurij Rodionov,window1,71,72,192,990,,,,
01:22:43.28,Oliver Crawford,window1,28,29,914,839,,,,
01:22:59.17,Jurij Rodionov,window1,71,72,192,1005,,,,
01:22:59.17,Oliver Crawford,window1,28,29,914,839,,,,
01:23:16.77,Jurij Rodionov,window1,71,72,192,990,,,,
01:23:16.77,Oliver Crawford,window1,28,29,914,839,,,,
01:23:47.84,Jurij Rodionov,window1,71,72,192,990,,,,
01:23:47.84,Oliver Crawford,window1,28,29,914,839,,,,
01:24:05.37,Oliver Crawford,window1,28,29,914,839,,,,
01:24:38.71,Jurij Rodionov,window1,71,72,192,990,,,,
01:24:38.71,Oliver Crawford,window1,28,29,914,839,,,,
01:25:14.02,Jurij Rodionov,window1,71,72,192,990,,,,
01:25:14.02,Oliver Crawford,window1,28,29,914,839,,,,
01:25:33.02,Jurij Rodionov,window1,71,72,192,990,,,,
01:25:33.02,Oliver Crawford,window1,28,29,914,839,,,,
01:25:50.82,Jurij Rodionov,window1,71,72,192,990,,,,
01:25:50.82,Oliver Crawford,window1,28,29,914,839,,,,
01:26:22.19,Jurij Rodionov,window1,71,72,192,990,,,,
01:26:22.19,Oliver Crawford,window1,28,29,914,839,,,,
01:26:51.39,Jurij Rodionov,window1,71,72,192,990,,,,
01:26:51.39,Oliver Crawford,window1,28,29,914,839,,,,
01:27:06.96,Jurij Rodionov,window1,71,72,192,990,,,,
01:27:06.96,Oliver Crawford,window1,28,29,914,839,,,,
01:27:21.85,Jurij Rodionov,window1,71,72,192,990,,,,
01:27:21.85,Oliver Crawford,window1,28,29,914,839,,,,
01:28:06.99,Jurij Rodionov,window1,71,72,176,990,,,,
01:28:06.99,Oliver Crawford,window1,28,29,914,823,,,,
01:28:21.55,Jurij Rodionov,window1,71,72,176,1005,,,,
01:28:21.55,Oliver Crawford,window1,28,29,914,823,,,,
01:29:10.54,Jurij Rodionov,window1,71,72,176,990,,,,
01:29:10.54,Oliver Crawford,window1,28,29,914,823,,,,
01:29:46.35,Jurij Rodionov,window1,71,72,176,990,,,,
01:29:46.35,Oliver Crawford,window1,28,29,914,823,,,,
01:30:43.42,Jurij Rodionov,window1,71,72,176,990,,,,
01:30:43.42,Oliver Crawford,window1,28,29,914,823,,,,
01:31:30.42,Jurij Rodionov,window1,71,72,176,990,,,,
01:31:30.42,Oliver Crawford,window1,28,29,914,823,,,,
01:31:47.40,Jurij Rodionov,window1,71,72,176,990,,,,
01:31:47.40,Oliver Crawford,window1,28,29,914,823,,,,
01:32:04.79,Jurij Rodionov,window1,71,72,176,990,,,,
01:32:04.79,Oliver Crawford,window1,28,29,914,823,,,,
01:32:20.80,Jurij Rodionov,window1,71,72,176,990,,,,
01:32:20.80,Oliver Crawford,window1,28,29,914,823,,,,
01:32:37.12,Jurij Rodionov,window1,71,72,176,990,,,,
01:32:52.65,Oliver Crawford,window1,28,29,914,823,,,,
01:33:09.92,Jurij Rodionov,window1,71,72,176,990,,,,
01:33:09.92,Oliver Crawford,window1,28,29,914,823,,,,
01:33:25.67,Jurij Rodionov,window1,71,72,176,1005,,,,
01:33:25.67,Oliver Crawford,window1,28,29,914,823,,,,
01:33:42.17,Jurij Rodionov,window1,71,72,176,990,,,,
01:33:42.17,Oliver Crawford,window1,28,29,914,823,,,,
01:33:57.94,Jurij Rodionov,window1,71,72,176,1005,,,,
01:33:57.94,Oliver Crawford,window1,28,29,914,823,,,,
01:34:16.29,Jurij Rodionov,window1,71,72,176,990,,,,
01:34:16.29,Oliver Crawford,window1,28,29,914,823,,,,
01:34:32.84,Jurij Rodionov,window1,71,72,176,1005,,,,
01:34:32.84,Oliver Crawford,window1,28,29,914,823,,,,
01:34:47.94,Jurij Rodionov,window1,71,72,176,990,,,,
01:34:47.94,Oliver Crawford,window1,28,29,914,823,,,,
01:35:19.41,Jurij Rodionov,window1,71,72,176,1005,,,,
01:35:19.41,Oliver Crawford,window1,28,29,914,823,,,,
01:35:48.58,Jurij Rodionov,window1,71,72,176,990,,,,
01:35:48.58,Oliver Crawford,window1,28,29,914,823,,,,
01:36:33.10,Jurij Rodionov,window1,71,72,176,1005,,,,
01:36:33.10,Oliver Crawford,window1,28,29,914,823,,,,
01:37:16.56,Jurij Rodionov,window1,71,72,176,990,,,,
01:37:16.56,Oliver Crawford,window1,28,29,914,823,,,,
01:37:47.09,Jurij Rodionov,window1,71,72,176,990,,,,
01:37:47.09,Oliver Crawford,window1,28,29,914,823,,,,
01:38:16.10,Jurij Rodionov,window1,71,72,176,990,,,,
01:38:16.10,Oliver Crawford,window1,28,29,914,823,,,,
01:38:30.33,Jurij Rodionov,window1,71,72,176,1005,,,,
01:38:46.01,Jurij Rodionov,window1,71,72,176,990,,,,
01:38:46.01,Oliver Crawford,window1,28,29,914,823,,,,
01:39:15.21,Jurij Rodionov,window1,71,72,176,1005,,,,
01:39:15.21,Oliver Crawford,window1,28,29,914,823,,,,
01:40:24.34,Jurij Rodionov,window1,71,72,176,990,,,,
01:40:24.34,Oliver Crawford,window1,28,29,914,823,,,,
01:40:48.02,Jurij Rodionov,window1,71,72,176,990,,,,
01:40:48.02,Oliver Crawford,window1,28,29,914,823,,,,
01:41:10.46,Jurij Rodionov,window1,71,72,176,990,,,,
01:41:10.46,Oliver Crawford,window1,28,29,914,823,,,,
01:41:31.25,Jurij Rodionov,window1,71,72,176,1005,,,,
01:41:31.25,Oliver Crawford,window1,28,29,914,823,,,,
01:41:50.92,Jurij Rodionov,window1,71,72,176,990,,,,
01:41:50.92,Oliver Crawford,window1,28,29,914,823,,,,
01:42:12.83,Oliver Crawford,window1,28,29,914,823,,,,
01:42:28.53,Oliver Crawford,window1,28,29,914,823,,,,
01:42:45.37,Jurij Rodionov,window1,71,72,176,1005,,,,
01:43:01.05,Jurij Rodionov,window1,71,72,176,1005,,,,
01:43:01.05,Oliver Crawford,window1,28,29,914,823,,,,
01:43:17.98,Oliver Crawford,window1,28,29,914,823,,,,
01:43:32.34,Jurij Rodionov,window1,71,72,176,990,,,,
01:43:47.24,Oliver Crawford,window1,28,29,914,823,,,,
01:44:29.33,Oliver Crawford,window1,28,29,914,823,,,,
01:44:43.48,Jurij Rodionov,window1,71,72,176,1005,,,,
01:44:43.48,Oliver Crawford,window1,28,29,914,823,,,,
01:45:26.20,Oliver Crawford,window1,28,29,914,823,,,,
01:45:40.30,Jurij Rodionov,window1,71,72,176,990,,,,
01:45:40.30,Oliver Crawford,window1,28,29,914,823,,,,
01:46:12.52,Jurij Rodionov,window1,71,72,176,1005,,,,
01:46:12.52,Oliver Crawford,window1,28,29,914,823,,,,
01:46:26.77,Jurij Rodionov,window1,71,72,176,990,,,,
01:46:26.77,Oliver Crawford,window1,28,29,914,823,,,,
01:46:55.85,Oliver Crawford,window1,28,29,914,823,,,,
01:47:11.50,Jurij Rodionov,window1,71,72,176,1005,,,,
01:47:26.10,Jurij Rodionov,window1,71,72,176,1005,,,,
01:47:26.10,Oliver Crawford,window1,28,29,914,823,,,,
01:47:40.65,Jurij Rodionov,window1,71,72,176,1005,,,,
01:47:40.65,Oliver Crawford,window1,28,29,914,823,,,,
01:47:54.53,Jurij Rodionov,window1,71,72,176,990,,,,
01:47:54.53,Oliver Crawford,window1,28,29,914,823,,,,
01:48:25.39,Jurij Rodionov,window1,71,72,176,1005,,,,
01:48:25.39,Oliver Crawford,window1,28,29,914,823,,,,
01:48:59.66,Jurij Rodionov,window1,71,72,176,990,,,,
01:48:59.66,Oliver Crawford,window1,28,29,914,823,,,,
01:49:34.19,Jurij Rodionov,window1,71,72,176,1005,,,,
01:49:34.19,Oliver Crawford,window1,28,29,914,823,,,,
01:49:50.72,Jurij Rodionov,window1,71,72,176,990,,,,
01:49:50.72,Oliver Crawford,window1,28,29,914,823,,,,
01:50:08.61,Jurij Rodionov,window1,71,72,176,1005,,,,
01:50:08.61,Oliver Crawford,window1,28,29,914,823,,,,
01:50:27.22,Jurij Rodionov,window1,71,72,176,990,,,,
01:50:27.22,Oliver Crawford,window1,28,29,914,823,,,,
01:50:45.19,Jurij Rodionov,window1,71,72,176,990,,,,
01:50:45.19,Oliver Crawford,window1,28,29,914,823,,,,
01:51:25.42,Jurij Rodionov,window1,71,72,176,990,,,,
01:51:25.42,Oliver Crawford,window1,28,29,914,823,,,,
01:51:57.94,Jurij Rodionov,window1,71,72,176,990,,,,
01:51:57.94,Oliver Crawford,window1,28,29,914,823,,,,
01:52:13.42,Jurij Rodionov,window1,71,72,176,990,,,,
01:52:29.74,Jurij Rodionov,window1,71,72,176,1005,,,,
01:52:29.74,Oliver Crawford,window1,28,29,914,823,,,,
01:54:45.36,Jurij Rodionov,window1,71,72,176,990,,,,
01:54:45.36,Oliver Crawford,window1,28,29,914,823,,,,
01:55:14.91,Jurij Rodionov,window1,71,72,176,1005,,,,
01:55:43.95,Oliver Crawford,window1,28,29,914,823,,,,
01:55:58.19,Jurij Rodionov,window1,71,72,176,1005,,,,
01:55:58.19,Oliver Crawford,window1,28,29,914,823,,,,
02:01:07.39,Jurij Rodionov,window1,71,72,176,1005,,,,
02:01:07.39,Oliver Crawford,window1,28,29,914,823,,,,
02:05:52.32,Oliver Crawford,window1,28,29,914,823,,,,
02:06:10.24,Jurij Rodionov,window1,71,72,176,1005,,,,
02:08:29.77,Jurij Rodionov,window1,71,72,176,990,,,,
02:08:29.77,Oliver Crawford,window1,28,29,914,823,,,,
02:09:03.76,Jurij Rodionov,window1,71,72,176,990,,,,
02:09:03.76,Oliver Crawford,window1,28,29,914,823,,,,
02:09:18.58,Jurij Rodionov,window1,71,72,176,990,,,,
02:09:18.58,Oliver Crawford,window1,28,29,914,823,,,,
02:09:48.27,Jurij Rodionov,window1,71,72,176,990,,,,
02:09:48.27,Oliver Crawford,window1,28,29,914,823,,,,
02:10:34.84,Jurij Rodionov,window1,71,72,176,990,,,,
02:10:49.71,Oliver Crawford,window1,28,29,914,823,,,,
02:11:05.39,Jurij Rodionov,window1,71,72,176,1005,,,,
02:11:05.39,Oliver Crawford,window1,28,29,914,823,,,,
02:11:38.63,Jurij Rodionov,window1,71,72,176,990,,,,
02:11:53.15,Oliver Crawford,window1,28,29,914,823,,,,
02:12:10.01,Jurij Rodionov,window1,71,72,176,1005,,,,
02:12:10.01,Oliver Crawford,window1,28,29,914,823,,,,
02:12:25.09,Jurij Rodionov,window1,71,72,176,990,,,,
02:12:25.09,Oliver Crawford,window1,28,29,914,823,,,,
02:12:41.37,Jurij Rodionov,window1,71,72,176,990,,,,
02:12:41.37,Oliver Crawford,window1,28,29,914,823,,,,
02:13:54.86,Jurij Rodionov,window1,71,72,176,990,,,,
02:13:54.86,Oliver Crawford,window1,28,29,914,823,,,,
02:14:12.71,Jurij Rodionov,window1,71,72,176,990,,,,
02:14:12.71,Oliver Crawford,window1,28,29,914,823,,,,
02:17:08.07,Jurij Rodionov,window1,71,72,176,990,,,,
02:17:08.07,Oliver Crawford,window1,28,29,914,823,,,,
02:17:29.45,Jurij Rodionov,window1,71,72,176,990,,,,
02:17:29.45,Oliver Crawford,window1,28,29,914,823,,,,
02:21:50.50,Jurij Rodionov,window1,71,72,176,990,,,,
02:21:50.50,Oliver Crawford,window1,28,29,914,823,,,,
02:22:22.34,Jurij Rodionov,window1,71,72,176,990,,,,
02:22:22.34,Oliver Crawford,window1,28,29,914,823,,,,
02:24:32.44,Jurij Rodionov,window1,71,72,176,990,,,,
02:24:32.44,Oliver Crawford,window1,28,29,914,823,,,,
02:24:49.29,Jurij Rodionov,window1,71,72,176,990,,,,
02:24:49.29,Oliver Crawford,window1,28,29,914,823,,,,
02:25:42.71,Oliver Crawford,window1,28,29,914,823,,,,
02:25:59.29,Jurij Rodionov,window1,71,72,176,990,,,,
02:26:18.46,Oliver Crawford,window1,28,29,914,823,,,,
02:26:48.69,Jurij Rodionov,window1,71,72,176,1005,,,,
02:28:26.20,Oliver Crawford,window1,28,29,914,823,,,,
02:30:00.68,Oliver Crawford,window1,28,29,914,823,,,,
02:30:52.59,Oliver Crawford,window1,28,29,914,823,,,,
02:31:29.80,Oliver Crawford,window1,28,29,914,823,,,,
02:31:50.10,Jurij Rodionov,window1,71,72,176,1005,,,,
02:32:37.13,Oliver Crawford,window1,28,29,914,823,,,,
02:36:58.51,Jurij Rodionov,window1,71,72,176,1005,,,,
02:37:45.01,Jurij Rodionov,window1,71,72,176,1005,,,,
02:37:45.01,Oliver Crawford,window1,28,29,914,823,,,,
02:39:29.45,Jurij Rodionov,window1,71,72,176,906,,,,
02:39:29.45,Oliver Crawford,window1,28,29,815,823,,,,
02:39:47.48,Jurij Rodionov,window1,71,72,176,906,,,,
02:39:47.48,Oliver Crawford,window1,28,29,815,823,,,,
02:40:07.90,Jurij Rodionov,window1,71,72,176,906,,,,
02:40:07.90,Oliver Crawford,window1,28,29,815,823,,,,
02:40:26.62,Oliver Crawford,window1,28,29,815,823,,,,
02:41:33.88,Oliver Crawford,window1,28,29,815,823,,,,
02:42:10.50,Oliver Crawford,window1,28,29,815,823,,,,
02:43:37.65,Jurij Rodionov,window1,71,72,176,906,,,,
02:43:37.65,Oliver Crawford,window1,28,29,815,823,,,,
02:43:54.57,Jurij Rodionov,window1,71,72,176,906,,,,
02:43:54.57,Oliver Crawford,window1,28,29,815,823,,,,
02:44:12.92,Jurij Rodionov,window1,71,72,176,906,,,,
02:44:27.58,Oliver Crawford,window1,28,29,815,823,,,,
02:44:55.32,Oliver Crawford,window1,28,29,815,823,,,,
02:45:11.99,Oliver Crawford,window1,28,29,815,823,,,,
02:45:55.30,Oliver Crawford,window1,28,29,815,823,,,,
02:46:12.27,Jurij Rodionov,window1,71,72,176,906,,,,
02:46:12.27,Oliver Crawford,window1,28,29,815,823,,,,
02:46:26.58,Jurij Rodionov,window1,71,72,176,906,,,,
02:46:26.58,Oliver Crawford,window1,28,29,815,823,,,,
02:47:41.23,Oliver Crawford,window1,28,29,815,823,,,,
02:48:26.96,Oliver Crawford,window1,28,29,815,823,,,,
02:49:42.71,Jurij Rodionov,window1,71,72,176,891,,,,
02:49:42.71,Oliver Crawford,window1,28,29,815,823,,,,
02:50:19.66,Jurij Rodionov,window1,71,72,176,906,,,,
02:50:19.66,Oliver Crawford,window1,28,29,815,823,,,,
02:50:36.34,Jurij Rodionov,window1,71,72,176,891,,,,
02:50:36.34,Oliver Crawford,window1,28,29,815,823,,,,
02:50:53.38,Jurij Rodionov,window1,71,72,176,906,,,,
02:50:53.38,Oliver Crawford,window1,28,29,815,823,,,,
02:51:15.06,Jurij Rodionov,window1,71,72,176,906,,,,
02:51:15.06,Oliver Crawford,window1,28,29,815,823,,,,
02:51:55.58,Jurij Rodionov,window1,71,72,176,891,,,,
02:51:55.58,Oliver Crawford,window1,28,29,815,823,,,,
02:52:20.43,Jurij Rodionov,window1,71,72,176,906,,,,
02:52:20.43,Oliver Crawford,window1,28,29,815,823,,,,
02:53:50.12,Jurij Rodionov,window1,71,72,176,891,,,,
02:53:50.12,Oliver Crawford,window1,28,29,815,823,,,,
02:54:34.96,Oliver Crawford,window1,28,29,815,823,,,,
02:55:06.23,Oliver Crawford,window1,28,29,815,823,,,,
02:55:21.14,Jurij Rodionov,window1,71,72,176,906,,,,
02:55:48.85,Jurij Rodionov,window1,71,72,176,891,,,,
02:55:48.85,Oliver Crawford,window1,28,29,815,823,,,,
02:56:20.82,Oliver Crawford,window1,28,29,815,823,,,,
02:56:34.50,Jurij Rodionov,window1,71,72,176,906,,,,
02:56:48.21,Jurij Rodionov,window1,71,72,176,906,,,,
02:56:48.21,Oliver Crawford,window1,28,29,815,823,,,,
02:57:06.27,Jurij Rodionov,window1,71,72,176,891,,,,
02:57:06.27,Oliver Crawford,window1,28,29,815,823,,,,
02:57:48.47,Jurij Rodionov,window1,71,72,176,891,,,,
02:57:48.47,Oliver Crawford,window1,28,29,815,823,,,,
02:58:03.61,Oliver Crawford,window1,28,29,815,823,,,,
02:58:31.27,Jurij Rodionov,window1,71,72,176,891,,,,
02:58:45.78,Oliver Crawford,window1,28,29,815,823,,,,
03:00:13.61,Oliver Crawford,window1,28,29,815,823,,,,
03:00:44.24,Oliver Crawford,window1,28,29,815,823,,,,
03:01:02.17,Jurij Rodionov,window1,71,72,176,906,,,,
03:01:02.17,Oliver Crawford,window1,28,29,815,823,,,,
03:01:19.37,Jurij Rodionov,window1,71,72,176,891,,,,
03:01:35.74,Oliver Crawford,window1,28,29,815,823,,,,
03:01:51.37,Jurij Rodionov,window1,71,72,176,906,,,,
03:01:51.37,Oliver Crawford,window1,28,29,815,823,,,,
03:02:09.29,Oliver Crawford,window1,28,29,815,823,,,,
03:04:23.03,Jurij Rodionov,window1,71,72,176,891,,,,
03:04:38.13,Oliver Crawford,window1,28,29,815,823,,,,
03:04:52.41,Jurij Rodionov,window1,71,72,176,891,,,,
03:04:52.41,Oliver Crawford,window1,28,29,815,823,,,,
03:05:09.30,Jurij Rodionov,window1,71,72,176,891,,,,
03:05:09.30,Oliver Crawford,window1,28,29,815,823,,,,
03:05:23.35,Oliver Crawford,window1,28,29,815,823,,,,
03:05:36.84,Jurij Rodionov,window1,71,72,176,891,,,,
03:05:36.84,Oliver Crawford,window1,28,29,815,823,,,,
03:06:07.71,Oliver Crawford,window1,28,29,815,823,,,,
03:06:22.31,Jurij Rodionov,window1,71,72,176,906,,,,
03:09:44.59,Oliver Crawford,window1,28,29,815,823,,,,
03:10:01.43,Oliver Crawford,window1,28,29,815,823,,,,
03:10:20.10,Oliver Crawford,window1,28,29,815,823,,,,
03:10:36.44,Jurij Rodionov,window1,71,72,176,906,,,,
03:12:08.90,Jurij Rodionov,window1,71,72,176,891,,,,
03:12:08.90,Oliver Crawford,window1,28,29,815,823,,,,
03:12:37.98,Oliver Crawford,window1,28,29,815,823,,,,
03:12:52.77,Jurij Rodionov,window1,71,72,72,1034,,,,
03:12:52.77,Oliver Crawford,window1,28,29,1243,63,,,,
03:13:09.88,Jurij Rodionov,window1,71,72,72,1034,,,,
03:13:09.88,Oliver Crawford,window1,28,30,913,3314,,,,
03:13:23.77,Oliver Crawford,window1,28,30,913,3314,,,,
03:13:37.24,Oliver Crawford,window1,28,30,1243,2865,,,,
03:13:51.32,Jurij Rodionov,window1,71,72,72,1034,,,,
03:13:51.32,Oliver Crawford,window1,28,30,913,3195,,,,
03:14:07.70,Jurij Rodionov,window1,71,72,72,1034,,,,
03:14:07.70,Oliver Crawford,window1,28,30,913,3195,,,,
03:14:21.76,Jurij Rodionov,window1,71,72,72,1034,,,,
03:14:21.76,Oliver Crawford,window1,28,30,913,3195,,,,
03:14:38.58,Jurij Rodionov,window1,71,72,72,1034,,,,
03:14:38.58,Oliver Crawford,window1,28,30,913,3195,,,,
03:15:18.28,Jurij Rodionov,window1,71,72,72,1019,,,,
03:15:18.28,Oliver Crawford,window1,28,30,913,3195,,,,
03:15:37.13,Jurij Rodionov,window1,71,72,72,1019,,,,
03:15:56.48,Jurij Rodionov,window1,71,72,72,1034,,,,
03:15:56.48,Oliver Crawford,window1,28,30,913,3195,,,,
03:16:19.71,Jurij Rodionov,window1,71,72,72,1034,,,,
03:16:52.61,Jurij Rodionov,window1,71,72,72,1034,,,,
03:16:52.61,Oliver Crawford,window1,28,30,1243,2865,,,,
03:17:12.65,Jurij Rodionov,window1,71,72,72,1019,,,,
03:17:12.65,Oliver Crawford,window1,28,30,913,3195,,,,
03:17:30.21,Jurij Rodionov,window1,71,72,72,1019,,,,
03:17:30.21,Oliver Crawford,window1,28,30,1243,2865,,,,
03:17:46.46,Jurij Rodionov,window1,71,72,72,1034,,,,
03:17:46.46,Oliver Crawford,window1,28,30,1243,2865,,,,
03:18:39.80,Jurij Rodionov,window1,71,72,72,1112,,,,
03:18:39.80,Oliver Crawford,window1,28,30,1321,2771,,,,
03:19:30.68,Jurij Rodionov,window1,71,72,72,1097,,,,
03:19:30.68,Oliver Crawford,window1,28,30,991,3101,,,,
03:19:59.88,Jurij Rodionov,window1,71,72,72,1112,,,,
03:19:59.88,Oliver Crawford,window1,28,30,991,3101,,,,
03:20:16.56,Jurij Rodionov,window1,71,72,72,1112,,,,
03:20:16.56,Oliver Crawford,window1,28,30,991,3101,,,,
03:20:30.81,Jurij Rodionov,window1,71,72,72,1112,,,,
03:20:45.37,Oliver Crawford,window1,28,30,991,3101,,,,
03:22:01.05,Jurij Rodionov,window1,71,72,72,1097,,,,
03:22:01.05,Oliver Crawford,window1,28,30,1321,2771,,,,
03:22:18.72,Jurij Rodionov,window1,71,72,72,1097,,,,
03:22:18.72,Oliver Crawford,window1,28,30,991,3101,,,,
03:22:35.41,Jurij Rodionov,window1,71,72,72,1097,,,,
03:22:50.62,Jurij Rodionov,window1,71,72,72,1097,,,,
03:22:50.62,Oliver Crawford,window1,28,30,991,3101,,,,
03:23:07.19,Jurij Rodionov,window1,71,72,72,1112,,,,
03:23:07.19,Oliver Crawford,window1,28,30,991,3101,,,,
03:23:21.57,Jurij Rodionov,window1,71,72,72,1097,,,,
03:23:21.57,Oliver Crawford,window1,28,30,991,3101,,,,
03:23:35.87,Jurij Rodionov,window1,71,72,72,1097,,,,
03:23:50.77,Jurij Rodionov,window1,71,72,72,1112,,,,
03:23:50.77,Oliver Crawford,window1,28,30,991,3101,,,,
03:24:07.15,Oliver Crawford,window1,29,30,17,2771,,,,
03:24:22.87,Jurij Rodionov,window1,71,72,63,1097,,,,
03:24:22.87,Oliver Crawford,window1,29,30,17,2771,,,,
03:24:40.28,Jurij Rodionov,window1,71,72,63,1112,,,,
03:24:40.28,Oliver Crawford,window1,29,30,17,2788,,,,
03:24:57.77,Jurij Rodionov,window1,71,72,63,1097,,,,
03:24:57.77,Oliver Crawford,window1,29,30,17,3118,,,,
03:25:18.45,Jurij Rodionov,window1,70,72,1506,1097,,,,
03:25:18.45,Oliver Crawford,window1,29,30,17,2676,,,,
03:25:53.20,Jurij Rodionov,window1,70,72,1628,1097,,,,
03:25:53.20,Oliver Crawford,window1,29,30,17,2676,,,,
03:26:11.67,Jurij Rodionov,window1,70,72,1628,1097,,,,
03:26:11.67,Oliver Crawford,window1,29,30,17,2676,,,,
03:26:30.76,Jurij Rodionov,window1,70,72,1628,1097,,,,
03:26:30.76,Oliver Crawford,window1,29,30,17,2676,,,,
03:26:50.43,Jurij Rodionov,window1,70,72,1628,1112,,,,
03:26:50.43,Oliver Crawford,window1,29,30,17,2676,,,,
03:27:12.93,Jurij Rodionov,window1,70,72,1628,1097,,,,
03:27:12.93,Oliver Crawford,window1,29,30,17,2676,,,,
03:27:36.58,Jurij Rodionov,window1,70,72,1628,1106,,,,
03:27:36.58,Oliver Crawford,window1,29,30,17,2676,,,,
03:28:58.23,Jurij Rodionov,window1,70,72,1628,1106,,,,
03:29:43.22,Jurij Rodionov,window1,70,72,1628,1106,,,,
03:29:43.22,Oliver Crawford,window1,29,30,17,2698,,,,
03:29:57.84,Jurij Rodionov,window1,70,72,1628,1106,,,,
03:29:57.84,Oliver Crawford,window1,29,30,17,2698,,,,
03:30:16.79,Jurij Rodionov,window1,70,72,1628,1106,,,,
03:30:47.35,Jurij Rodionov,window1,70,72,1628,1106,,,,
03:32:32.80,Jurij Rodionov,window1,70,72,1613,1106,,,,
03:32:32.80,Oliver Crawford,window1,29,30,17,2685,,,,
03:32:48.28,Jurij Rodionov,window1,70,72,1613,1097,,,,
03:32:48.28,Oliver Crawford,window1,29,30,17,2685,,,,
03:33:03.32,Jurij Rodionov,window1,70,72,1613,1097,,,,
03:33:17.72,Jurij Rodionov,window1,70,72,1623,1097,,,,
03:33:17.72,Oliver Crawford,window1,29,30,17,2685,,,,
03:33:47.18,Jurij Rodionov,window1,70,72,1623,1097,,,,
03:33:47.18,Oliver Crawford,window1,29,30,17,2685,,,,
03:34:04.06,Jurij Rodionov,window1,70,72,1623,1097,,,,
03:34:37.73,Jurij Rodionov,window1,70,72,1613,1097,,,,
03:34:53.96,Jurij Rodionov,window1,70,72,1613,1097,,,,
03:35:29.09,Jurij Rodionov,window1,70,72,1623,1097,,,,
03:35:29.09,Oliver Crawford,window1,29,30,17,2685,,,,
03:35:44.84,Jurij Rodionov,window1,70,72,1623,1112,,,,
03:35:44.84,Oliver Crawford,window1,29,30,17,2685,,,,
03:36:01.94,Jurij Rodionov,window1,70,72,1623,1112,,,,
03:36:20.61,Jurij Rodionov,window1,70,72,1623,1112,,,,
03:36:37.91,Jurij Rodionov,window1,70,72,1623,1112,,,,
03:36:55.67,Jurij Rodionov,window1,70,72,1623,1112,,,,
03:37:13.10,Jurij Rodionov,window1,70,72,1623,1112,,,,
03:37:50.05,Jurij Rodionov,window1,70,72,1623,1112,,,,
03:38:07.95,Jurij Rodionov,window1,70,72,1623,1112,,,,
03:38:26.36,Jurij Rodionov,window1,70,72,1623,1112,,,,
03:39:33.44,Jurij Rodionov,window1,70,72,1623,1112,,,,
03:39:33.44,Oliver Crawford,window1,29,30,17,2685,,,,
03:39:49.05,Jurij Rodionov,window1,70,72,1623,1112,,,,
03:39:49.05,Oliver Crawford,window1,29,30,17,2685,,,,
03:40:05.94,Jurij Rodionov,window1,70,72,1623,1112,,,,
03:40:32.10,Jurij Rodionov,window1,70,72,1623,1112,,,,
03:40:57.40,Jurij Rodionov,window1,70,72,1623,1112,,,,
03:42:39.81,Jurij Rodionov,window1,70,72,1623,1112,,,,
03:42:52.59,Jurij Rodionov,window1,70,72,1623,1112,,,,
03:43:04.92,Jurij Rodionov,window1,70,72,1623,1112,,,,
03:43:29.92,Jurij Rodionov,window1,70,72,1623,1112,,,,
03:44:10.93,Oliver Crawford,window1,29,30,17,2685,,,,
03:44:24.57,Oliver Crawford,window1,29,30,17,2685,,,,
03:45:15.67,Oliver Crawford,window1,29,30,17,2685,,,,
03:46:05.78,Jurij Rodionov,window1,70,72,1623,1112,,,,
03:46:05.78,Oliver Crawford,window1,29,30,17,2685,,,,
03:46:23.96,Jurij Rodionov,window1,70,72,1623,1112,,,,
03:46:23.96,Oliver Crawford,window1,29,30,17,2685,,,,
03:46:39.05,Jurij Rodionov,window1,70,72,1623,1112,,,,
03:46:39.05,Oliver Crawford,window1,29,30,17,2685,,,,
03:47:08.97,Jurij Rodionov,window1,70,72,1623,1112,,,,
03:47:24.35,Oliver Crawford,window1,29,30,17,2685,,,,
03:47:39.21,Jurij Rodionov,window1,70,72,1623,1097,,,,
03:47:39.21,Oliver Crawford,window1,29,30,17,2685,,,,
03:47:53.89,Jurij Rodionov,window1,70,72,1623,1112,,,,
03:47:53.89,Oliver Crawford,window1,29,30,17,2685,,,,
03:48:09.39,Oliver Crawford,window1,29,30,17,2685,,,,
03:48:24.16,Jurij Rodionov,window1,70,72,1623,1112,,,,
03:48:24.16,Oliver Crawford,window1,29,30,17,2685,,,,
03:49:10.16,Jurij Rodionov,window1,70,72,1623,1112,,,,
03:49:25.31,Jurij Rodionov,window1,70,72,1623,1112,,,,
03:49:25.31,Oliver Crawford,window1,29,30,17,2685,,,,
03:49:40.15,Jurij Rodionov,window1,70,72,1623,1112,,,,
03:49:40.15,Oliver Crawford,window1,29,30,17,2685,,,,
03:49:54.99,Jurij Rodionov,window1,70,72,1624,1112,,,,
03:49:54.99,Oliver Crawford,window1,29,30,17,2686,,,,
03:50:30.82,Oliver Crawford,window1,29,30,17,2686,,,,
03:51:28.03,Jurij Rodionov,window1,71,72,138,460,,,,
03:51:28.03,Oliver Crawford,window1,29,30,17,4494,,,,
03:51:49.16,Jurij Rodionov,window1,70,71,133,2346,,,,
03:51:49.16,Oliver Crawford,window1,29,30,1485,123,,,,
03:52:08.08,Jurij Rodionov,window1,70,71,133,2346,,,,
03:52:08.08,Oliver Crawford,window1,29,30,1485,123,,,,
03:52:25.83,Jurij Rodionov,window1,70,71,133,2346,,,,
03:52:25.83,Oliver Crawford,window1,29,30,1485,123,,,,
03:52:42.34,Jurij Rodionov,window1,70,71,133,2346,,,,
03:52:42.34,Oliver Crawford,window1,29,30,1485,123,,,,
03:52:59.81,Jurij Rodionov,window1,70,71,133,2346,,,,
03:52:59.81,Oliver Crawford,window1,29,30,1485,123,,,,
03:53:20.33,Jurij Rodionov,window1,70,71,123,2573,,,,
03:53:20.33,Oliver Crawford,window1,30,31,49,6437,,,,
03:53:37.93,Jurij Rodionov,window1,70,71,123,2573,,,,
03:53:37.93,Oliver Crawford,window1,30,31,49,1437,,,,
03:53:55.16,Jurij Rodionov,window1,70,71,123,2573,,,,
03:53:55.16,Oliver Crawford,window1,30,31,49,1437,,,,
03:54:13.57,Jurij Rodionov,window1,70,71,123,2573,,,,
03:54:13.57,Oliver Crawford,window1,30,31,49,1107,,,,
03:54:30.38,Jurij Rodionov,window1,70,71,123,2573,,,,
03:54:30.38,Oliver Crawford,window1,30,31,49,6437,,,,
03:54:47.63,Jurij Rodionov,window1,70,71,123,2573,,,,
03:55:05.23,Jurij Rodionov,window1,70,71,123,2573,,,,
03:55:05.23,Oliver Crawford,window1,30,31,49,6437,,,,
03:55:21.69,Oliver Crawford,window1,30,31,49,6437,,,,
03:55:37.94,Oliver Crawford,window1,30,31,49,6437,,,,
03:55:52.82,Jurij Rodionov,window1,70,71,123,2573,,,,
03:55:52.82,Oliver Crawford,window1,30,31,49,1437,,,,
03:56:08.80,Jurij Rodionov,window1,70,71,123,2573,,,,
03:56:08.80,Oliver Crawford,window1,30,31,49,1107,,,,
03:56:24.08,Jurij Rodionov,window1,69,71,1121,2573,,,,
03:56:24.08,Oliver Crawford,window1,30,31,49,1107,,,,
03:56:39.70,Jurij Rodionov,window1,69,70,1121,31,,,,
03:56:39.70,Oliver Crawford,window1,30,31,49,6437,,,,
03:56:55.48,Jurij Rodionov,window1,69,70,1121,31,,,,
03:56:55.48,Oliver Crawford,window1,30,31,49,6437,,,,
03:57:12.01,Jurij Rodionov,window1,69,70,1121,31,,,,
03:57:12.01,Oliver Crawford,window1,30,31,49,6437,,,,
03:57:27.17,Jurij Rodionov,window1,69,70,1121,31,,,,
03:57:27.17,Oliver Crawford,window1,30,31,49,1107,,,,
03:57:42.41,Jurij Rodionov,window1,69,70,1121,31,,,,
03:57:42.41,Oliver Crawford,window1,30,31,49,6437,,,,
03:57:57.37,Jurij Rodionov,window1,69,70,1121,31,,,,
03:57:57.37,Oliver Crawford,window1,30,31,49,6437,,,,
03:58:13.85,Jurij Rodionov,window1,69,70,1121,31,,,,
03:58:13.85,Oliver Crawford,window1,30,31,49,1107,,,,
03:58:29.27,Jurij Rodionov,window1,69,70,1121,31,,,,
03:58:44.09,Jurij Rodionov,window1,69,70,1121,80,,,,
03:58:44.09,Oliver Crawford,window1,30,31,49,1107,,,,
03:58:59.12,Jurij Rodionov,window1,69,70,1121,80,,,,
03:58:59.12,Oliver Crawford,window1,30,31,49,902,,,,
03:59:16.06,Jurij Rodionov,window1,69,70,1121,80,,,,
03:59:16.06,Oliver Crawford,window1,30,31,49,902,,,,
03:59:31.50,Oliver Crawford,window1,30,31,49,954,,,,
03:59:46.55,Jurij Rodionov,window1,69,70,1121,80,,,,
03:59:46.55,Oliver Crawford,window1,30,31,49,954,,,,
04:00:04.16,Jurij Rodionov,window1,69,70,1121,80,,,,
04:00:04.16,Oliver Crawford,window1,30,31,49,1006,,,,
04:00:39.46,Jurij Rodionov,window1,69,70,1121,80,,,,
04:00:39.46,Oliver Crawford,window1,30,31,49,1006,,,,
04:01:32.27,Jurij Rodionov,window1,69,70,1121,80,,,,
04:01:32.27,Oliver Crawford,window1,30,31,49,1006,,,,
04:01:48.98,Jurij Rodionov,window1,69,70,1121,86,,,,
04:01:48.98,Oliver Crawford,window1,30,31,49,1006,,,,
04:02:07.72,Jurij Rodionov,window1,69,70,1121,86,,,,
04:02:07.72,Oliver Crawford,window1,30,31,49,1006,,,,
04:02:47.82,Oliver Crawford,window1,30,31,49,1006,,,,
04:03:09.48,Jurij Rodionov,window1,69,70,1121,80,,,,
04:03:09.48,Oliver Crawford,window1,30,31,49,1006,,,,
04:03:31.80,Jurij Rodionov,window1,69,70,1121,80,,,,
04:03:31.80,Oliver Crawford,window1,30,31,49,1006,,,,
04:03:54.16,Jurij Rodionov,window1,69,70,1121,86,,,,
04:03:54.16,Oliver Crawford,window1,30,31,49,1006,,,,
04:04:13.41,Jurij Rodionov,window1,69,70,1127,80,,,,
04:04:30.06,Jurij Rodionov,window1,69,70,1127,80,,,,
04:04:30.06,Oliver Crawford,window1,30,31,49,1023,,,,
04:04:46.10,Jurij Rodionov,window1,69,70,1127,80,,,,
04:04:46.10,Oliver Crawford,window1,30,31,49,1023,,,,
04:05:04.06,Jurij Rodionov,window1,69,70,1127,86,,,,
04:05:04.06,Oliver Crawford,window1,30,31,49,1023,,,,
04:05:49.81,Jurij Rodionov,window1,69,70,1127,80,,,,
04:05:49.81,Oliver Crawford,window1,30,31,49,971,,,,
04:06:05.46,Jurij Rodionov,window1,69,70,1127,86,,,,
04:06:05.46,Oliver Crawford,window1,30,31,49,971,,,,
04:06:21.01,Jurij Rodionov,window1,69,70,1127,80,,,,
04:06:21.01,Oliver Crawford,window1,30,31,49,919,,,,
04:06:51.64,Jurij Rodionov,window1,69,70,1127,80,,,,
04:06:51.64,Oliver Crawford,window1,30,31,49,919,,,,
04:07:07.31,Oliver Crawford,window1,30,31,49,6249,,,,
04:07:23.07,Oliver Crawford,window1,30,31,49,6249,,,,
04:07:37.95,Jurij Rodionov,window1,69,70,1127,86,,,,
04:07:37.95,Oliver Crawford,window1,30,31,49,6249,,,,
04:07:52.85,Oliver Crawford,window1,30,31,49,6249,,,,
04:08:08.54,Jurij Rodionov,window1,69,70,1127,80,,,,
04:08:08.54,Oliver Crawford,window1,30,31,49,6249,,,,
04:08:39.39,Jurij Rodionov,window1,69,70,1127,80,,,,
04:08:39.39,Oliver Crawford,window1,30,31,49,6249,,,,
04:08:54.29,Jurij Rodionov,window1,69,70,1127,80,,,,
04:08:54.29,Oliver Crawford,window1,30,31,49,6249,,,,
04:09:10.15,Oliver Crawford,window1,30,31,49,6249,,,,
04:09:26.20,Jurij Rodionov,window1,69,70,1127,80,,,,
04:09:26.20,Oliver Crawford,window1,30,31,49,6249,,,,
04:09:41.44,Oliver Crawford,window1,30,31,49,6249,,,,
04:10:15.63,Jurij Rodionov,window1,69,70,1127,80,,,,
04:10:15.63,Oliver Crawford,window1,30,31,49,6249,,,,
04:10:34.24,Jurij Rodionov,window1,69,70,1127,80,,,,
04:10:34.24,Oliver Crawford,window1,30,31,49,6249,,,,
04:10:51.26,Jurij Rodionov,window1,69,70,1127,80,,,,
04:10:51.26,Oliver Crawford,window1,30,31,49,919,,,,
04:11:08.97,Jurij Rodionov,window1,69,70,1127,80,,,,
04:11:08.97,Oliver Crawford,window1,30,31,49,6249,,,,
04:11:26.19,Jurij Rodionov,window1,69,70,1127,86,,,,
04:11:26.19,Oliver Crawford,window1,30,31,49,6249,,,,
04:11:43.75,Jurij Rodionov,window1,69,70,1127,86,,,,
04:11:43.75,Oliver Crawford,window1,30,31,49,6249,,,,
04:12:01.30,Jurij Rodionov,window1,69,70,1127,80,,,,
04:12:01.30,Oliver Crawford,window1,30,31,49,6249,,,,
04:12:19.95,Oliver Crawford,window1,30,31,49,6249,,,,
04:12:39.21,Jurij Rodionov,window1,69,70,1127,86,,,,
04:12:39.21,Oliver Crawford,window1,30,31,49,6249,,,,
04:13:16.18,Jurij Rodionov,window1,69,70,1127,80,,,,
04:13:16.18,Oliver Crawford,window1,30,31,49,6249,,,,
04:13:47.74,Jurij Rodionov,window1,69,70,1127,80,,,,
04:13:47.74,Oliver Crawford,window1,30,31,49,6249,,,,
04:14:20.45,Jurij Rodionov,window1,69,70,1127,80,,,,
04:14:20.45,Oliver Crawford,window1,30,31,49,6249,,,,
04:14:40.52,Jurij Rodionov,window1,69,70,1127,80,,,,
04:14:40.52,Oliver Crawford,window1,30,31,49,6249,,,,
04:14:59.08,Jurij Rodionov,window1,69,70,1127,80,,,,
04:14:59.08,Oliver Crawford,window1,30,31,49,6249,,,,
04:15:19.69,Jurij Rodionov,window1,69,70,1127,80,,,,
04:15:19.69,Oliver Crawford,window1,30,31,49,6249,,,,
04:15:39.37,Oliver Crawford,window1,30,31,49,919,,,,
04:15:55.86,Jurij Rodionov,window1,69,70,1127,80,,,,
04:15:55.86,Oliver Crawford,window1,30,31,49,919,,,,
04:16:29.21,Jurij Rodionov,window1,69,70,1127,86,,,,
04:16:29.21,Oliver Crawford,window1,30,31,49,919,,,,
04:17:15.17,Jurij Rodionov,window1,69,70,1127,86,,,,
04:17:15.17,Oliver Crawford,window1,30,31,49,919,,,,
04:17:29.98,Oliver Crawford,window1,30,31,49,919,,,,
04:17:44.86,Oliver Crawford,window1,30,31,49,1249,,,,
04:18:00.35,Jurij Rodionov,window1,69,70,1127,86,,,,
04:18:00.35,Oliver Crawford,window1,30,31,49,1249,,,,
04:18:17.17,Jurij Rodionov,window1,69,70,1127,86,,,,
04:18:17.17,Oliver Crawford,window1,30,31,49,1249,,,,
04:18:34.81,Jurij Rodionov,window1,69,70,1127,86,,,,
04:18:54.36,Jurij Rodionov,window1,69,70,1127,86,,,,
04:18:54.36,Oliver Crawford,window1,30,31,49,1249,,,,
04:19:12.33,Jurij Rodionov,window1,69,70,1127,86,,,,
04:19:12.33,Oliver Crawford,window1,30,31,49,1249,,,,
04:20:26.40,Jurij Rodionov,window1,69,70,1127,86,,,,
04:20:26.40,Oliver Crawford,window1,30,31,49,919,,,,
04:20:44.35,Jurij Rodionov,window1,69,70,1127,86,,,,
04:20:44.35,Oliver Crawford,window1,30,31,49,1249,,,,
04:21:05.16,Oliver Crawford,window1,30,31,49,1249,,,,
04:21:43.53,Jurij Rodionov,window1,69,70,1127,80,,,,
04:22:01.19,Jurij Rodionov,window1,69,70,1127,80,,,,
04:22:01.19,Oliver Crawford,window1,30,31,49,1064,,,,
04:22:20.44,Jurij Rodionov,window1,69,70,1127,86,,,,
04:22:20.44,Oliver Crawford,window1,30,31,49,1064,,,,
04:22:40.12,Jurij Rodionov,window1,69,70,1127,86,,,,
04:22:40.12,Oliver Crawford,window1,30,31,49,1064,,,,
04:22:55.15,Jurij Rodionov,window1,69,70,1127,86,,,,
04:23:12.32,Jurij Rodionov,window1,69,70,1127,86,,,,
04:23:12.32,Oliver Crawford,window1,30,31,49,1064,,,,
04:23:43.15,Jurij Rodionov,window1,69,70,1127,86,,,,
04:24:00.48,Jurij Rodionov,window1,69,70,1127,86,,,,
04:24:00.48,Oliver Crawford,window1,30,31,49,1116,,,,
04:24:17.48,Jurij Rodionov,window1,69,70,1127,86,,,,
04:24:33.63,Jurij Rodionov,window1,69,70,1127,86,,,,
04:24:33.63,Oliver Crawford,window1,30,31,49,1168,,,,
04:24:48.87,Jurij Rodionov,window1,69,70,1127,80,,,,
04:24:48.87,Oliver Crawford,window1,30,31,49,1168,,,,
04:25:05.70,Jurij Rodionov,window1,69,70,1127,80,,,,
04:25:05.70,Oliver Crawford,window1,30,31,49,1168,,,,
04:25:22.20,Jurij Rodionov,window1,69,70,1127,86,,,,
04:25:22.20,Oliver Crawford,window1,30,31,49,1168,,,,
04:25:37.57,Jurij Rodionov,window1,69,70,1127,86,,,,
04:25:37.57,Oliver Crawford,window1,30,31,49,1168,,,,
04:25:53.94,Jurij Rodionov,window1,69,70,1127,86,,,,
04:25:53.94,Oliver Crawford,window1,30,31,49,1168,,,,
04:26:33.90,Jurij Rodionov,window1,69,70,1127,86,,,,
04:26:33.90,Oliver Crawford,window1,30,31,49,1168,,,,
04:26:53.48,Jurij Rodionov,window1,69,70,1127,86,,,,
04:26:53.48,Oliver Crawford,window1,30,31,49,1168,,,,
04:27:14.47,Oliver Crawford,window1,30,31,49,1116,,,,
04:27:33.88,Oliver Crawford,window1,30,31,49,1064,,,,
04:27:50.79,Jurij Rodionov,window1,69,70,1127,86,,,,
04:27:50.79,Oliver Crawford,window1,30,31,49,1064,,,,
04:28:08.89,Jurij Rodionov,window1,69,70,1127,86,,,,
04:28:26.26,Jurij Rodionov,window1,69,70,1127,86,,,,
04:28:26.26,Oliver Crawford,window1,30,31,49,1064,,,,
04:28:43.85,Oliver Crawford,window1,30,31,49,1064,,,,
04:29:02.92,Oliver Crawford,window1,30,31,49,1064,,,,
04:29:20.72,Jurij Rodionov,window1,69,70,1127,86,,,,
04:29:20.72,Oliver Crawford,window1,30,31,49,734,,,,
04:29:36.54,Jurij Rodionov,window1,69,70,1127,86,,,,
04:29:36.54,Oliver Crawford,window1,30,31,49,734,,,,
04:30:16.04,Jurij Rodionov,window1,69,70,1127,86,,,,
04:30:16.04,Oliver Crawford,window1,30,31,49,734,,,,
04:31:44.81,Jurij Rodionov,window1,69,70,1127,80,,,,
04:31:44.81,Oliver Crawford,window1,30,31,49,734,,,,
04:32:06.46,Jurij Rodionov,window1,69,70,1127,86,,,,
04:32:06.46,Oliver Crawford,window1,30,31,49,734,,,,
04:32:23.75,Jurij Rodionov,window1,69,70,1127,86,,,,
04:32:23.75,Oliver Crawford,window1,30,31,49,734,,,,
04:32:55.66,Jurij Rodionov,window1,69,70,1127,86,,,,
04:33:44.12,Oliver Crawford,window1,30,31,49,734,,,,
04:34:00.24,Jurij Rodionov,window1,69,70,1127,80,,,,
04:34:00.24,Oliver Crawford,window1,30,31,49,734,,,,
04:34:18.09,Oliver Crawford,window1,30,31,49,734,,,,
04:34:33.99,Jurij Rodionov,window1,69,70,1127,80,,,,
04:34:50.09,Jurij Rodionov,window1,69,70,1127,86,,,,
04:34:50.09,Oliver Crawford,window1,30,31,49,734,,,,
04:35:06.98,Jurij Rodionov,window1,69,70,1127,86,,,,
04:35:06.98,Oliver Crawford,window1,30,31,49,734,,,,
04:35:38.42,Oliver Crawford,window1,30,31,49,734,,,,
04:36:12.29,Jurij Rodionov,window1,69,70,1127,86,,,,
04:37:35.41,Jurij Rodionov,window1,69,70,1127,86,,,,
04:37:35.41,Oliver Crawford,window1,30,31,49,734,,,,
04:38:20.88,Jurij Rodionov,window1,69,70,1127,86,,,,
04:38:20.88,Oliver Crawford,window1,30,31,49,734,,,,
04:38:43.99,Oliver Crawford,window1,30,31,49,734,,,,
04:39:06.97,Oliver Crawford,window1,30,31,49,734,,,,
04:39:30.94,Oliver Crawford,window1,30,31,49,734,,,,
04:41:09.41,Jurij Rodionov,window1,69,70,1005,1866,,,,
04:41:09.41,Oliver Crawford,window1,30,31,711,996,,,,
04:41:26.17,Jurij Rodionov,window1,69,70,1005,1866,,,,
04:41:44.80,Jurij Rodionov,window1,69,70,1005,1866,,,,
04:41:44.80,Oliver Crawford,window1,30,31,711,996,,,,
04:42:06.03,Jurij Rodionov,window1,69,70,1005,1866,,,,
04:42:06.03,Oliver Crawford,window1,30,31,711,996,,,,
04:42:25.67,Jurij Rodionov,window1,69,70,1005,1866,,,,
04:42:43.59,Jurij Rodionov,window1,69,70,1005,1860,,,,
04:42:43.59,Oliver Crawford,window1,30,31,711,996,,,,
04:43:04.31,Jurij Rodionov,window1,69,70,1005,1866,,,,
04:43:04.31,Oliver Crawford,window1,30,31,711,996,,,,
04:43:22.24,Jurij Rodionov,window1,69,70,1005,1866,,,,
04:43:37.05,Oliver Crawford,window1,30,31,711,996,,,,
04:43:52.92,Jurij Rodionov,window1,69,70,1005,1860,,,,
04:43:52.92,Oliver Crawford,window1,30,31,711,996,,,,
04:44:09.73,Jurij Rodionov,window1,69,70,1005,1866,,,,
04:44:09.73,Oliver Crawford,window1,30,31,711,996,,,,
04:44:25.63,Jurij Rodionov,window1,69,70,1005,1866,,,,
04:44:42.39,Jurij Rodionov,window1,69,70,1005,1866,,,,
04:44:42.39,Oliver Crawford,window1,30,31,711,996,,,,
04:44:58.48,Jurij Rodionov,window1,69,70,1005,2109,,,,
04:44:58.48,Oliver Crawford,window1,30,31,954,996,,,,
04:45:16.48,Jurij Rodionov,window1,69,70,1005,2109,,,,
04:45:31.48,Jurij Rodionov,window1,69,70,1005,2103,,,,
04:45:31.48,Oliver Crawford,window1,30,31,954,996,,,,
04:45:47.78,Oliver Crawford,window1,30,31,954,996,,,,
04:46:03.74,Jurij Rodionov,window1,69,70,1005,2109,,,,
04:46:34.62,Jurij Rodionov,window1,69,70,1005,2103,,,,
04:46:34.62,Oliver Crawford,window1,30,31,954,996,,,,
04:46:52.43,Jurij Rodionov,window1,69,70,1005,2109,,,,
04:46:52.43,Oliver Crawford,window1,30,31,954,996,,,,
04:47:10.78,Jurij Rodionov,window1,69,70,1005,2103,,,,
04:47:10.78,Oliver Crawford,window1,30,31,954,996,,,,
04:47:26.59,Jurij Rodionov,window1,69,70,1005,2103,,,,
04:47:42.51,Jurij Rodionov,window1,69,70,1005,2103,,,,
04:47:42.51,Oliver Crawford,window1,30,31,954,996,,,,
04:47:57.68,Jurij Rodionov,window1,69,70,1005,2103,,,,
04:47:57.68,Oliver Crawford,window1,30,31,954,996,,,,
04:48:14.15,Oliver Crawford,window1,30,31,954,996,,,,
04:48:50.78,Jurij Rodionov,window1,69,70,1005,2109,,,,
04:49:09.18,Jurij Rodionov,window1,69,70,1005,2109,,,,
04:49:09.18,Oliver Crawford,window1,30,31,954,996,,,,
04:49:27.13,Jurij Rodionov,window1,68,69,2313,31,,,,
04:49:45.24,Jurij Rodionov,window1,68,69,2313,31,,,,
04:49:45.24,Oliver Crawford,window1,30,31,954,996,,,,
04:50:06.76,Jurij Rodionov,window1,68,69,2313,31,,,,
04:50:06.76,Oliver Crawford,window1,30,31,954,996,,,,
04:50:28.70,Jurij Rodionov,window1,68,69,2313,31,,,,
04:50:28.70,Oliver Crawford,window1,30,31,954,996,,,,
04:50:50.42,Jurij Rodionov,window1,68,69,2313,31,,,,
04:50:50.42,Oliver Crawford,window1,30,31,954,996,,,,
04:51:14.33,Jurij Rodionov,window1,68,69,2313,31,,,,
04:51:14.33,Oliver Crawford,window1,30,31,954,996,,,,
04:51:34.91,Jurij Rodionov,window1,68,69,2313,31,,,,
04:51:57.03,Jurij Rodionov,window1,68,69,2313,31,,,,
04:51:57.03,Oliver Crawford,window1,30,31,954,996,,,,
04:52:17.08,Jurij Rodionov,window1,68,69,2313,31,,,,
04:52:17.08,Oliver Crawford,window1,30,31,954,996,,,,
04:52:35.14,Jurij Rodionov,window1,68,69,2313,31,,,,
04:52:53.95,Jurij Rodionov,window1,68,69,2313,31,,,,
04:52:53.95,Oliver Crawford,window1,30,31,954,996,,,,
04:53:11.76,Jurij Rodionov,window1,68,69,2313,31,,,,
04:53:11.76,Oliver Crawford,window1,30,31,954,996,,,,
04:53:27.16,Jurij Rodionov,window1,68,69,2313,31,,,,
04:53:27.16,Oliver Crawford,window1,30,31,954,996,,,,
04:53:41.81,Jurij Rodionov,window1,68,69,2313,31,,,,
04:54:12.65,Jurij Rodionov,window1,68,69,2313,31,,,,
04:54:27.11,Oliver Crawford,window1,30,31,954,996,,,,
04:54:41.50,Jurij Rodionov,window1,68,69,2215,31,,,,
04:54:41.50,Oliver Crawford,window1,30,31,954,996,,,,
04:54:58.40,Jurij Rodionov,window1,68,69,2215,31,,,,
04:54:58.40,Oliver Crawford,window1,30,31,954,996,,,,
04:55:15.25,Jurij Rodionov,window1,68,69,2215,31,,,,
04:55:15.25,Oliver Crawford,window1,30,31,954,996,,,,
04:55:29.74,Jurij Rodionov,window1,68,69,2215,31,,,,
04:55:29.74,Oliver Crawford,window1,30,31,954,996,,,,
04:55:44.21,Jurij Rodionov,window1,68,69,2215,31,,,,
04:55:58.12,Jurij Rodionov,window1,68,69,2215,31,,,,
04:56:29.59,Jurij Rodionov,window1,68,69,2215,31,,,,
04:56:59.99,Jurij Rodionov,window1,68,69,2215,31,,,,
04:56:59.99,Oliver Crawford,window1,30,31,954,981,,,,
04:57:32.62,Jurij Rodionov,window1,68,69,2215,31,,,,
04:57:48.67,Jurij Rodionov,window1,68,69,2215,31,,,,
04:57:48.67,Oliver Crawford,window1,30,31,954,981,,,,
04:58:05.33,Jurij Rodionov,window1,68,69,2215,31,,,,
04:58:22.04,Jurij Rodionov,window1,68,69,2215,31,,,,
04:58:55.80,Jurij Rodionov,window1,68,69,2215,31,,,,
04:59:13.56,Jurij Rodionov,window1,68,69,2215,31,,,,
04:59:13.56,Oliver Crawford,window1,30,31,954,981,,,,
04:59:31.49,Jurij Rodionov,window1,68,69,2215,31,,,,
04:59:49.16,Jurij Rodionov,window1,68,69,2215,31,,,,
04:59:49.16,Oliver Crawford,window1,30,31,954,981,,,,
05:00:14.27,Jurij Rodionov,window1,68,69,2215,31,,,,
05:00:14.27,Oliver Crawford,window1,30,31,954,981,,,,
05:00:51.19,Jurij Rodionov,window1,68,69,2215,31,,,,
05:00:51.19,Oliver Crawford,window1,30,31,954,981,,,,
05:01:10.42,Jurij Rodionov,window1,68,69,1612,31,,,,
05:01:10.42,Oliver Crawford,window1,30,31,954,981,,,,
05:01:28.08,Jurij Rodionov,window1,68,69,2115,31,,,,
05:01:28.08,Oliver Crawford,window1,30,31,954,981,,,,
05:01:44.64,Jurij Rodionov,window1,68,69,2115,31,,,,
05:02:06.83,Jurij Rodionov,window1,68,69,2115,31,,,,
05:02:06.83,Oliver Crawford,window1,30,31,954,981,,,,
05:02:27.54,Jurij Rodionov,window1,68,69,2115,31,,,,
05:02:46.34,Jurij Rodionov,window1,68,69,2115,31,,,,
05:02:46.34,Oliver Crawford,window1,30,31,954,981,,,,
05:03:11.32,Jurij Rodionov,window1,68,69,2115,31,,,,
05:03:33.20,Jurij Rodionov,window1,68,69,2115,31,,,,
05:03:33.20,Oliver Crawford,window1,30,31,954,981,,,,
05:03:53.12,Jurij Rodionov,window1,68,69,2115,31,,,,
05:03:53.12,Oliver Crawford,window1,30,31,954,981,,,,
05:04:10.06,Jurij Rodionov,window1,68,69,2115,31,,,,
05:04:25.72,Jurij Rodionov,window1,68,69,2115,31,,,,
05:04:25.72,Oliver Crawford,window1,30,31,954,981,,,,
05:04:41.12,Jurij Rodionov,window1,68,69,2115,31,,,,
05:04:41.12,Oliver Crawford,window1,30,31,954,981,,,,
05:04:56.26,Jurij Rodionov,window1,68,69,2115,31,,,,
05:05:14.78,Jurij Rodionov,window1,68,69,2115,31,,,,
05:05:30.80,Jurij Rodionov,window1,68,69,2115,31,,,,
05:05:30.80,Oliver Crawford,window1,30,31,954,981,,,,
05:06:03.79,Jurij Rodionov,window1,68,69,1612,31,,,,
05:06:19.42,Jurij Rodionov,window1,68,69,2115,31,,,,
05:06:19.42,Oliver Crawford,window1,30,31,954,981,,,,
05:06:34.47,Jurij Rodionov,window1,68,69,2115,31,,,,
05:06:50.95,Jurij Rodionov,window1,68,69,2115,31,,,,
05:07:09.49,Jurij Rodionov,window1,68,69,2115,31,,,,
05:07:24.64,Jurij Rodionov,window1,68,69,2115,31,,,,
05:07:39.91,Jurij Rodionov,window1,68,69,2115,31,,,,
05:07:55.67,Jurij Rodionov,window1,68,69,2115,29,,,,
05:07:55.67,Oliver Crawford,window1,30,31,954,981,,,,
05:08:11.33,Jurij Rodionov,window1,68,69,2115,29,,,,
05:08:26.11,Jurij Rodionov,window1,68,69,2115,29,,,,
05:08:43.63,Jurij Rodionov,window1,68,69,2115,29,,,,
05:09:03.02,Jurij Rodionov,window1,68,69,2115,29,,,,
05:09:21.88,Jurij Rodionov,window1,68,69,2115,29,,,,
05:09:56.86,Jurij Rodionov,window1,68,69,2115,29,,,,
05:09:56.86,Oliver Crawford,window1,30,31,954,981,,,,
05:10:17.20,Jurij Rodionov,window1,68,69,1119,29,,,,
05:10:17.20,Oliver Crawford,window1,30,32,954,5883,,,,
05:10:36.90,Jurij Rodionov,window1,68,69,2253,29,,,,
05:10:36.90,Oliver Crawford,window1,30,31,954,1134,,,,
05:10:55.83,Jurij Rodionov,window1,68,69,2253,29,,,,
05:11:15.33,Jurij Rodionov,window1,68,69,2253,29,,,,
05:11:51.79,Jurij Rodionov,window1,68,69,2253,29,,,,
05:12:12.79,Jurij Rodionov,window1,68,69,2253,29,,,,
05:12:31.53,Jurij Rodionov,window1,68,69,2253,29,,,,
05:13:05.10,Jurij Rodionov,window1,68,69,2253,29,,,,
05:13:20.71,Jurij Rodionov,window1,68,69,2253,29,,,,
05:13:36.60,Jurij Rodionov,window1,68,69,2253,29,,,,
05:13:36.60,Oliver Crawford,window1,30,31,954,1134,,,,
05:13:52.67,Jurij Rodionov,window1,68,69,2253,29,,,,
05:14:10.84,Jurij Rodionov,window1,68,69,2253,29,,,,
05:14:10.84,Oliver Crawford,window1,30,31,954,1134,,,,
05:14:30.76,Jurij Rodionov,window1,68,69,2253,29,,,,
05:14:51.80,Jurij Rodionov,window1,68,69,2253,29,,,,
05:14:51.80,Oliver Crawford,window1,30,31,954,1134,,,,
05:15:14.32,Jurij Rodionov,window1,68,69,2253,29,,,,
05:15:35.43,Jurij Rodionov,window1,68,69,2253,29,,,,
05:15:57.14,Jurij Rodionov,window1,68,69,2253,29,,,,
05:15:57.14,Oliver Crawford,window1,30,31,954,1134,,,,
05:16:21.97,Jurij Rodionov,window1,68,69,2253,29,,,,
05:16:21.97,Oliver Crawford,window1,30,31,954,1134,,,,
05:16:45.31,Jurij Rodionov,window1,68,69,2253,29,,,,
05:16:45.31,Oliver Crawford,window1,30,31,954,1134,,,,
05:17:02.34,Jurij Rodionov,window1,68,69,2253,29,,,,
05:17:19.82,Jurij Rodionov,window1,68,69,2253,29,,,,
05:17:35.30,Jurij Rodionov,window1,68,69,2253,29,,,,
05:17:35.30,Oliver Crawford,window1,30,31,954,1134,,,,
05:17:53.59,Jurij Rodionov,window1,68,69,2253,29,,,,
05:18:14.18,Jurij Rodionov,window1,68,69,2253,29,,,,
05:18:14.18,Oliver Crawford,window1,30,31,954,1134,,,,
05:18:33.12,Jurij Rodionov,window1,68,69,2253,29,,,,
05:18:52.00,Jurij Rodionov,window1,68,69,2253,29,,,,
05:18:52.00,Oliver Crawford,window1,30,31,954,1134,,,,
05:19:11.36,Jurij Rodionov,window1,68,69,2253,29,,,,
05:19:29.34,Jurij Rodionov,window1,68,69,2253,29,,,,
05:19:29.34,Oliver Crawford,window1,30,31,954,1134,,,,
05:19:48.81,Jurij Rodionov,window1,68,69,2253,29,,,,
05:19:48.81,Oliver Crawford,window1,30,31,954,1134,,,,
05:20:09.11,Jurij Rodionov,window1,68,69,2253,29,,,,
05:20:09.11,Oliver Crawford,window1,30,31,954,1134,,,,
05:20:27.56,Jurij Rodionov,window1,68,69,2253,29,,,,
05:20:27.56,Oliver Crawford,window1,30,31,954,1134,,,,
05:20:46.44,Jurij Rodionov,window1,68,69,2253,29,,,,
05:20:46.44,Oliver Crawford,window1,30,31,954,1134,,,,
05:21:06.94,Jurij Rodionov,window1,68,69,2253,29,,,,
05:21:26.29,Oliver Crawford,window1,30,31,954,1134,,,,
05:21:43.47,Jurij Rodionov,window1,68,69,2253,29,,,,
05:21:59.45,Jurij Rodionov,window1,68,69,2253,29,,,,
05:21:59.45,Oliver Crawford,window1,30,31,954,1134,,,,
05:22:16.19,Jurij Rodionov,window1,68,69,2253,29,,,,
05:22:31.30,Jurij Rodionov,window1,68,69,2253,29,,,,
05:22:47.31,Jurij Rodionov,window1,68,69,2253,29,,,,
05:22:47.31,Oliver Crawford,window1,30,31,954,1134,,,,
05:23:03.06,Oliver Crawford,window1,30,31,954,1134,,,,
05:23:33.21,Jurij Rodionov,window1,68,69,2253,29,,,,
05:23:33.21,Oliver Crawford,window1,30,31,954,1134,,,,
05:23:47.71,Jurij Rodionov,window1,68,69,2253,29,,,,
05:24:02.56,Jurij Rodionov,window1,68,69,2253,29,,,,
05:24:17.97,Jurij Rodionov,window1,68,69,2253,29,,,,
05:24:17.97,Oliver Crawford,window1,30,31,954,1134,,,,
05:24:33.10,Jurij Rodionov,window1,68,69,2253,29,,,,
05:24:47.75,Jurij Rodionov,window1,68,69,2253,29,,,,
05:25:04.96,Jurij Rodionov,window1,68,69,2253,29,,,,
05:25:20.51,Jurij Rodionov,window1,68,69,2253,29,,,,
05:25:20.51,Oliver Crawford,window1,30,31,954,1134,,,,
05:25:36.93,Jurij Rodionov,window1,68,69,2253,29,,,,
05:25:53.49,Jurij Rodionov,window1,68,69,2253,29,,,,
05:25:53.49,Oliver Crawford,window1,30,31,954,1134,,,,
05:26:11.26,Jurij Rodionov,window1,68,69,2253,29,,,,
05:26:11.26,Oliver Crawford,window1,30,31,954,1134,,,,
05:26:30.43,Jurij Rodionov,window1,68,69,2253,29,,,,
05:26:30.43,Oliver Crawford,window1,30,31,954,1134,,,,
05:26:49.49,Jurij Rodionov,window1,68,69,2253,29,,,,
05:27:11.82,Jurij Rodionov,window1,68,69,2253,29,,,,
05:27:11.82,Oliver Crawford,window1,30,31,954,1134,,,,
05:27:35.94,Jurij Rodionov,window1,68,69,2253,29,,,,
05:27:55.74,Jurij Rodionov,window1,68,69,2253,29,,,,
05:28:15.27,Jurij Rodionov,window1,68,69,2253,29,,,,
05:28:31.99,Jurij Rodionov,window1,68,69,2253,29,,,,
05:28:31.99,Oliver Crawford,window1,30,31,954,1134,,,,
05:28:48.49,Jurij Rodionov,window1,68,69,2253,29,,,,
05:29:06.71,Oliver Crawford,window1,30,31,954,1134,,,,
05:29:24.95,Jurij Rodionov,window1,68,69,2253,29,,,,
05:29:24.95,Oliver Crawford,window1,30,31,954,1134,,,,
05:29:41.14,Jurij Rodionov,window1,68,69,2253,29,,,,
05:29:57.62,Jurij Rodionov,window1,68,69,2253,29,,,,
05:30:21.07,Oliver Crawford,window1,30,31,954,1134,,,,
05:30:39.23,Jurij Rodionov,window1,68,69,2253,29,,,,
05:30:39.23,Oliver Crawford,window1,30,31,954,1134,,,,
05:30:56.83,Jurij Rodionov,window1,68,69,2253,29,,,,
05:30:56.83,Oliver Crawford,window1,30,31,954,1134,,,,
05:31:13.29,Jurij Rodionov,window1,68,69,2253,29,,,,
05:31:28.42,Oliver Crawford,window1,30,31,954,1134,,,,
05:31:43.18,Jurij Rodionov,window1,68,69,2253,29,,,,
05:31:58.37,Jurij Rodionov,window1,68,69,2253,29,,,,
05:32:16.06,Jurij Rodionov,window1,68,69,2253,29,,,,
05:32:16.06,Oliver Crawford,window1,30,31,954,1134,,,,
05:32:47.74,Oliver Crawford,window1,30,31,954,1046,,,,
05:33:04.77,Jurij Rodionov,window1,68,69,2253,29,,,,
05:33:22.07,Jurij Rodionov,window1,68,69,2253,29,,,,
05:33:38.35,Jurij Rodionov,window1,68,69,2253,29,,,,
05:33:54.04,Jurij Rodionov,window1,68,69,2253,29,,,,
05:33:54.04,Oliver Crawford,window1,30,31,954,1046,,,,
05:34:10.68,Jurij Rodionov,window1,68,69,2237,29,,,,
05:34:10.68,Oliver Crawford,window1,30,31,954,1046,,,,
05:34:26.65,Jurij Rodionov,window1,68,69,2237,29,,,,
05:34:26.65,Oliver Crawford,window1,30,31,954,1046,,,,
05:34:41.90,Jurij Rodionov,window1,68,69,2237,29,,,,
05:34:41.90,Oliver Crawford,window1,30,31,954,1046,,,,
05:34:58.06,Jurij Rodionov,window1,68,69,2248,29,,,,
05:34:58.06,Oliver Crawford,window1,30,31,954,1046,,,,
05:35:31.38,Jurij Rodionov,window1,68,69,2248,29,,,,
05:35:31.38,Oliver Crawford,window1,30,31,954,1046,,,,
05:35:46.66,Jurij Rodionov,window1,68,69,2248,29,,,,
05:35:46.66,Oliver Crawford,window1,30,31,954,1046,,,,
05:36:02.99,Jurij Rodionov,window1,68,69,2248,29,,,,
05:36:02.99,Oliver Crawford,window1,30,31,954,1046,,,,
05:36:22.90,Jurij Rodionov,window1,68,69,2248,29,,,,
05:36:22.90,Oliver Crawford,window1,30,31,954,1046,,,,
05:36:40.44,Jurij Rodionov,window1,68,69,2248,29,,,,
05:36:56.18,Jurij Rodionov,window1,68,69,2248,29,,,,
05:36:56.18,Oliver Crawford,window1,30,31,954,1046,,,,
05:37:15.38,Jurij Rodionov,window1,68,69,2248,29,,,,
05:37:15.38,Oliver Crawford,window1,30,31,954,1046,,,,
05:37:32.80,Jurij Rodionov,window1,68,69,2248,29,,,,
05:37:32.80,Oliver Crawford,window1,30,31,954,1046,,,,
05:37:51.09,Jurij Rodionov,window1,68,69,2248,29,,,,
05:38:12.74,Jurij Rodionov,window1,68,69,2248,29,,,,
05:38:12.74,Oliver Crawford,window1,30,31,954,1046,,,,
05:38:34.68,Jurij Rodionov,window1,68,69,2248,29,,,,
05:38:34.68,Oliver Crawford,window1,30,31,954,1046,,,,
05:38:57.14,Jurij Rodionov,window1,68,69,2248,29,,,,
05:38:57.14,Oliver Crawford,window1,30,31,954,1046,,,,
05:39:20.89,Jurij Rodionov,window1,68,69,2248,29,,,,
05:39:20.89,Oliver Crawford,window1,30,31,954,1046,,,,
05:39:42.27,Jurij Rodionov,window1,68,69,2248,29,,,,
05:39:42.27,Oliver Crawford,window1,30,32,1284,1372,,,,
05:39:59.03,Jurij Rodionov,window1,68,69,2248,29,,,,
05:39:59.03,Oliver Crawford,window1,30,32,1284,1372,,,,
05:40:21.56,Jurij Rodionov,window1,68,69,2109,29,,,,
05:40:21.56,Oliver Crawford,window1,30,31,954,904,,,,
05:40:38.48,Jurij Rodionov,window1,68,69,2249,29,,,,
05:40:38.48,Oliver Crawford,window1,30,32,1284,1372,,,,
05:40:53.28,Jurij Rodionov,window1,68,69,2249,29,,,,
05:41:09.84,Jurij Rodionov,window1,68,69,2249,29,,,,
05:41:27.21,Jurij Rodionov,window1,68,69,2249,29,,,,
05:41:27.21,Oliver Crawford,window1,30,32,1284,1372,,,,
05:41:42.02,Oliver Crawford,window1,30,32,1284,1372,,,,
05:41:56.23,Jurij Rodionov,window1,68,69,2249,29,,,,
05:42:14.64,Jurij Rodionov,window1,68,69,2249,29,,,,
05:42:14.64,Oliver Crawford,window1,30,32,1284,1372,,,,
05:42:28.80,Jurij Rodionov,window1,68,69,2249,29,,,,
05:42:44.60,Jurij Rodionov,window1,68,69,2249,29,,,,
05:42:44.60,Oliver Crawford,window1,30,32,1284,1372,,,,
05:43:01.66,Jurij Rodionov,window1,68,69,2249,29,,,,
05:43:01.66,Oliver Crawford,window1,30,32,1284,1372,,,,
05:43:18.41,Jurij Rodionov,window1,68,69,2249,29,,,,
05:43:18.41,Oliver Crawford,window1,30,32,954,1702,,,,
05:43:33.62,Jurij Rodionov,window1,68,69,2249,29,,,,
05:43:48.38,Jurij Rodionov,window1,68,69,2249,29,,,,
05:43:48.38,Oliver Crawford,window1,30,32,954,1702,,,,
05:44:04.24,Jurij Rodionov,window1,68,69,2249,29,,,,
05:44:19.83,Oliver Crawford,window1,30,32,954,1702,,,,
05:44:33.89,Jurij Rodionov,window1,68,69,2249,29,,,,
05:44:33.89,Oliver Crawford,window1,30,32,954,1702,,,,
05:44:49.28,Oliver Crawford,window1,30,32,1284,1372,,,,
05:45:06.04,Jurij Rodionov,window1,68,69,2249,29,,,,
05:45:56.61,Jurij Rodionov,window1,68,69,2249,29,,,,
05:46:15.85,Jurij Rodionov,window1,68,69,2249,29,,,,
05:46:34.69,Jurij Rodionov,window1,68,69,2249,29,,,,
05:46:52.45,Jurij Rodionov,window1,68,69,2249,29,,,,
05:47:11.29,Jurij Rodionov,window1,68,69,3215,29,,,,
05:47:11.29,Oliver Crawford,window1,30,31,954,5980,,,,
05:47:30.83,Oliver Crawford,window1,30,31,954,5980,,,,
05:47:48.06,Jurij Rodionov,window1,68,69,3215,29,,,,
05:47:48.06,Oliver Crawford,window1,30,31,954,5980,,,,
05:48:07.62,Jurij Rodionov,window1,68,69,3215,29,,,,
05:48:07.62,Oliver Crawford,window1,30,31,954,5980,,,,
05:48:27.03,Jurij Rodionov,window1,68,69,3215,29,,,,
05:48:27.03,Oliver Crawford,window1,30,31,954,5980,,,,
05:50:47.31,Jurij Rodionov,window1,68,69,3215,29,,,,
05:50:47.31,Oliver Crawford,window1,30,31,954,5980,,,,
05:51:09.03,Jurij Rodionov,window1,68,69,3215,29,,,,
05:51:09.03,Oliver Crawford,window1,30,31,954,5980,,,,
05:51:29.90,Jurij Rodionov,window1,68,69,3215,29,,,,
05:51:29.90,Oliver Crawford,window1,30,31,954,5980,,,,
05:52:04.25,Jurij Rodionov,window1,68,69,3215,29,,,,
05:52:04.25,Oliver Crawford,window1,30,31,954,5980,,,,
05:52:20.63,Oliver Crawford,window1,30,31,954,5980,,,,
05:52:35.56,Jurij Rodionov,window1,68,69,3215,29,,,,
05:52:35.56,Oliver Crawford,window1,30,31,954,5980,,,,
05:53:06.10,Oliver Crawford,window1,30,31,954,5980,,,,
05:53:58.97,Jurij Rodionov,window1,68,69,3215,29,,,,
05:53:58.97,Oliver Crawford,window1,30,31,954,5980,,,,
05:54:29.73,Jurij Rodionov,window1,68,69,3215,29,,,,
05:54:42.35,Oliver Crawford,window1,30,31,954,5980,,,,
05:55:39.30,Jurij Rodionov,window1,68,69,3215,29,,,,
05:55:39.30,Oliver Crawford,window1,30,31,954,5980,,,,
05:56:06.97,Jurij Rodionov,window1,68,69,3215,29,,,,
05:56:06.97,Oliver Crawford,window1,30,31,954,5980,,,,
05:56:22.27,Oliver Crawford,window1,30,31,954,5980,,,,
05:56:49.56,Jurij Rodionov,window1,68,69,3215,29,,,,
05:56:49.56,Oliver Crawford,window1,30,31,954,5980,,,,
05:57:05.52,Jurij Rodionov,window1,68,69,3215,29,,,,
05:57:05.52,Oliver Crawford,window1,30,31,954,5980,,,,
06:00:36.40,Jurij Rodionov,window1,68,69,3215,29,,,,
06:00:36.40,Oliver Crawford,window1,30,31,954,5980,,,,
06:01:09.06,Jurij Rodionov,window1,68,69,3215,29,,,,
06:01:09.06,Oliver Crawford,window1,30,31,954,5980,,,,
06:01:55.56,Jurij Rodionov,window1,68,69,3215,29,,,,
06:01:55.56,Oliver Crawford,window1,30,31,954,5980,,,,
06:02:33.41,Oliver Crawford,window1,30,31,954,5980,,,,
06:02:49.89,Jurij Rodionov,window1,68,69,3215,29,,,,
06:04:08.94,Jurij Rodionov,window1,68,69,1746,29,,,,
06:04:08.94,Oliver Crawford,window1,30,32,1284,1372,,,,
06:04:27.20,Oliver Crawford,window1,30,32,1284,1372,,,,
06:05:35.24,Jurij Rodionov,window1,68,69,1756,29,,,,
06:05:52.40,Jurij Rodionov,window1,68,69,1756,29,,,,
06:05:52.40,Oliver Crawford,window1,30,32,954,1702,,,,
06:06:12.21,Jurij Rodionov,window1,68,69,1756,29,,,,
06:06:12.21,Oliver Crawford,window1,30,32,954,7002,,,,
06:06:30.77,Jurij Rodionov,window1,68,69,1756,29,,,,
06:06:30.77,Oliver Crawford,window1,30,32,954,1702,,,,
06:06:47.09,Jurij Rodionov,window1,68,69,1756,29,,,,
06:06:47.09,Oliver Crawford,window1,30,32,954,7002,,,,
06:07:01.67,Oliver Crawford,window1,30,32,954,7002,,,,
06:07:19.12,Oliver Crawford,window1,30,32,954,7002,,,,
06:07:50.61,Oliver Crawford,window1,30,32,954,7002,,,,
06:08:07.13,Jurij Rodionov,window1,68,69,1756,29,,,,
06:08:07.13,Oliver Crawford,window1,30,32,954,7002,,,,
06:08:23.21,Jurij Rodionov,window1,68,69,1756,29,,,,
06:08:23.21,Oliver Crawford,window1,30,32,954,7002,,,,
06:08:38.87,Oliver Crawford,window1,30,32,954,7002,,,,
06:09:15.49,Oliver Crawford,window1,30,32,1284,1372,,,,
06:09:31.16,Jurij Rodionov,window1,68,69,1756,29,,,,
06:09:31.16,Oliver Crawford,window1,30,32,954,6702,,,,
06:09:47.12,Jurij Rodionov,window1,68,69,1756,29,,,,
06:09:47.12,Oliver Crawford,window1,30,32,1284,1372,,,,
06:10:04.30,Jurij Rodionov,window1,68,69,1756,29,,,,
06:10:04.30,Oliver Crawford,window1,30,32,954,6702,,,,
06:10:23.73,Jurij Rodionov,window1,68,69,1756,29,,,,
06:10:23.73,Oliver Crawford,window1,30,32,954,6702,,,,
06:10:40.08,Jurij Rodionov,window1,68,69,1756,29,,,,
06:10:40.08,Oliver Crawford,window1,30,32,954,7002,,,,
06:10:56.42,Jurij Rodionov,window1,68,69,1756,29,,,,
06:10:56.42,Oliver Crawford,window1,30,32,954,7002,,,,
06:11:14.37,Jurij Rodionov,window1,68,69,1756,29,,,,
06:11:14.37,Oliver Crawford,window1,30,32,954,7002,,,,
06:11:47.77,Jurij Rodionov,window1,68,69,1568,29,,,,
06:11:47.77,Oliver Crawford,window1,30,31,954,988,,,,
06:12:08.70,Jurij Rodionov,window1,68,69,1756,29,,,,
06:12:08.70,Oliver Crawford,window1,30,32,954,7002,,,,
06:12:29.62,Jurij Rodionov,window1,68,69,1756,29,,,,
06:12:29.62,Oliver Crawford,window1,30,32,954,1702,,,,
06:12:49.21,Jurij Rodionov,window1,68,69,1756,29,,,,
06:12:49.21,Oliver Crawford,window1,30,32,954,6702,,,,
06:13:08.90,Jurij Rodionov,window1,68,69,1756,29,,,,
06:13:08.90,Oliver Crawford,window1,30,32,954,6702,,,,
06:13:28.47,Jurij Rodionov,window1,68,69,1756,29,,,,
06:13:28.47,Oliver Crawford,window1,30,32,1284,1372,,,,
06:13:50.67,Jurij Rodionov,window1,68,69,1756,29,,,,
06:13:50.67,Oliver Crawford,window1,30,32,954,7002,,,,
06:14:17.94,Jurij Rodionov,window1,68,69,1756,29,,,,
06:14:17.94,Oliver Crawford,window1,30,32,954,7002,,,,
06:14:39.90,Jurij Rodionov,window1,68,69,1756,29,,,,
06:14:39.90,Oliver Crawford,window1,30,32,954,7002,,,,
06:15:01.95,Jurij Rodionov,window1,68,69,1756,29,,,,
06:15:01.95,Oliver Crawford,window1,30,32,954,6702,,,,
06:15:28.22,Oliver Crawford,window1,30,32,954,6702,,,,
06:15:46.36,Jurij Rodionov,window1,68,69,1756,29,,,,
06:15:46.36,Oliver Crawford,window1,30,32,954,7002,,,,
06:16:05.74,Jurij Rodionov,window1,68,69,1756,29,,,,
06:16:05.74,Oliver Crawford,window1,30,32,1284,1372,,,,
06:16:25.98,Oliver Crawford,window1,30,32,954,6702,,,,
06:19:12.50,Jurij Rodionov,window1,68,69,1756,29,,,,
06:19:28.73,Jurij Rodionov,window1,68,69,1756,29,,,,
06:19:28.73,Oliver Crawford,window1,30,32,954,6702,,,,
06:20:35.47,Jurij Rodionov,window1,68,69,1756,29,,,,
06:20:35.47,Oliver Crawford,window1,30,32,954,7002,,,,
06:20:50.60,Jurij Rodionov,window1,68,69,1756,29,,,,
06:21:07.49,Jurij Rodionov,window1,68,69,1756,29,,,,
06:21:07.49,Oliver Crawford,window1,30,32,954,7002,,,,
06:21:41.14,Jurij Rodionov,window1,68,69,1756,29,,,,
06:21:41.14,Oliver Crawford,window1,30,32,954,7002,,,,
06:21:58.57,Jurij Rodionov,window1,68,69,1756,29,,,,
06:21:58.57,Oliver Crawford,window1,30,32,954,7002,,,,
06:23:00.96,Jurij Rodionov,window1,68,69,1756,29,,,,
06:23:00.96,Oliver Crawford,window1,30,32,954,1702,,,,
06:23:22.50,Jurij Rodionov,window1,68,69,1756,29,,,,
06:23:22.50,Oliver Crawford,window1,30,32,954,7002,,,,
06:23:42.77,Jurij Rodionov,window1,68,69,1756,29,,,,
06:23:42.77,Oliver Crawford,window1,30,32,954,7002,,,,
06:24:05.81,Jurij Rodionov,window1,68,69,1756,29,,,,
06:24:05.81,Oliver Crawford,window1,30,32,954,7002,,,,
06:24:26.29,Jurij Rodionov,window1,68,69,1756,29,,,,
06:24:26.29,Oliver Crawford,window1,30,32,954,1702,,,,
06:24:45.49,Jurij Rodionov,window1,68,69,1756,29,,,,
06:24:45.49,Oliver Crawford,window1,30,32,954,7002,,,,
06:25:07.75,Jurij Rodionov,window1,68,69,1756,29,,,,
06:25:07.75,Oliver Crawford,window1,30,32,954,7002,,,,
06:25:27.53,Oliver Crawford,window1,30,32,954,7002,,,,
06:25:49.77,Jurij Rodionov,window1,68,69,1756,29,,,,
06:25:49.77,Oliver Crawford,window1,30,32,954,7002,,,,
06:26:12.62,Jurij Rodionov,window1,68,69,1756,29,,,,
06:26:12.62,Oliver Crawford,window1,30,32,954,6702,,,,
06:26:32.58,Jurij Rodionov,window1,68,69,1756,29,,,,
06:26:32.58,Oliver Crawford,window1,30,32,954,7002,,,,
06:26:53.56,Jurij Rodionov,window1,68,69,1756,29,,,,
06:26:53.56,Oliver Crawford,window1,30,32,954,7002,,,,
06:27:13.83,Jurij Rodionov,window1,68,69,1756,29,,,,
06:27:13.83,Oliver Crawford,window1,30,32,954,7002,,,,
06:27:29.75,Jurij Rodionov,window1,68,69,1756,29,,,,
06:27:29.75,Oliver Crawford,window1,30,32,954,1702,,,,
06:27:46.38,Jurij Rodionov,window1,68,69,1756,29,,,,
06:27:46.38,Oliver Crawford,window1,30,32,954,6702,,,,
06:28:03.47,Jurij Rodionov,window1,68,69,1756,29,,,,
06:28:03.47,Oliver Crawford,window1,30,32,954,6702,,,,
06:28:20.02,Oliver Crawford,window1,30,32,954,6702,,,,
06:28:34.97,Jurij Rodionov,window1,68,69,1756,29,,,,
06:28:34.97,Oliver Crawford,window1,30,32,954,7002,,,,
06:28:51.95,Jurij Rodionov,window1,68,69,1756,29,,,,
06:28:51.95,Oliver Crawford,window1,30,32,954,7002,,,,
06:29:09.51,Oliver Crawford,window1,30,32,954,7002,,,,
06:29:25.37,Jurij Rodionov,window1,68,69,1756,29,,,,
06:29:25.37,Oliver Crawford,window1,30,32,1284,1372,,,,
06:29:41.53,Jurij Rodionov,window1,68,69,1756,29,,,,
06:29:41.53,Oliver Crawford,window1,30,32,954,6702,,,,
06:30:17.48,Jurij Rodionov,window1,68,69,1756,29,,,,63
06:30:17.48,Oliver Crawford,window1,30,32,959,7002,,,,30
06:30:34.63,Oliver Crawford,window1,30,32,959,7002,,,,30
06:30:51.25,Jurij Rodionov,window1,68,69,1756,26,69,buy,3,63
06:30:51.25,Oliver Crawford,window1,30,32,1289,1372,,,,30
06:31:09.47,Oliver Crawford,window1,30,32,1289,1372,,,,30
06:31:28.19,Jurij Rodionov,window1,68,69,1756,26,69,buy,3,63
06:31:28.19,Oliver Crawford,window1,30,32,1289,1372,,,,30
06:31:47.06,Jurij Rodionov,window1,68,69,1756,26,69,buy,3,63
06:31:47.06,Oliver Crawford,window1,30,32,1289,1372,,,,30
06:32:06.73,Jurij Rodionov,window1,68,69,1756,26,69,buy,3,63
06:32:44.30,Jurij Rodionov,window1,68,69,1756,26,69,buy,3,63
06:32:44.30,Oliver Crawford,window1,30,32,1289,1372,,,,30
06:33:03.92,Jurij Rodionov,window1,68,69,1756,26,69,buy,3,63
06:33:03.92,Oliver Crawford,window1,30,32,959,7002,,,,30
06:33:24.83,Jurij Rodionov,window1,68,69,1756,26,69,buy,3,63
06:33:24.83,Oliver Crawford,window1,30,32,959,7002,,,,30
06:33:47.03,Jurij Rodionov,window1,68,69,1756,26,69,buy,3,63
06:33:47.03,Oliver Crawford,window1,30,32,959,7002,,,,30
06:34:07.16,Jurij Rodionov,window1,68,69,1756,26,69,buy,3,63
06:34:07.16,Oliver Crawford,window1,30,32,959,1702,,,,30
06:34:27.10,Jurij Rodionov,window1,68,69,1756,26,69,buy,3,63
06:34:27.10,Oliver Crawford,window1,30,32,959,7002,,,,30
06:34:47.22,Jurij Rodionov,window1,68,69,1756,26,69,buy,3,63
06:34:47.22,Oliver Crawford,window1,30,32,959,7002,,,,30
06:35:27.25,Jurij Rodionov,window1,68,69,1756,26,69,buy,3,63
06:36:02.81,Jurij Rodionov,window1,68,69,1756,26,69,buy,3,63
06:36:02.81,Oliver Crawford,window1,30,32,959,1702,,,,30
06:36:20.40,Oliver Crawford,window1,30,32,959,7002,,,,30
06:36:36.07,Jurij Rodionov,window1,68,69,1756,26,69,buy,3,63
06:36:54.36,Oliver Crawford,window1,30,32,959,7002,,,,30
06:37:14.90,Jurij Rodionov,window1,68,69,1756,26,69,buy,3,63
06:37:14.90,Oliver Crawford,window1,30,32,959,7002,,,,30
06:37:33.62,Jurij Rodionov,window1,68,69,1756,26,69,buy,3,63
06:37:33.62,Oliver Crawford,window1,30,32,959,7002,,,,30
06:37:54.85,Jurij Rodionov,window1,68,69,1756,26,69,buy,3,63
06:37:54.85,Oliver Crawford,window1,30,32,1289,1372,,,,30
06:38:16.00,Jurij Rodionov,window1,68,69,1756,26,69,buy,3,63
06:38:16.00,Oliver Crawford,window1,30,32,959,6702,,,,30
06:38:57.62,Jurij Rodionov,window1,68,69,1756,26,69,buy,3,63
06:38:57.62,Oliver Crawford,window1,30,32,959,7002,,,,30
06:39:15.26,Oliver Crawford,window1,30,32,959,7002,,,,30
06:39:31.98,Jurij Rodionov,window1,68,69,1756,26,69,buy,3,63
06:39:50.06,Jurij Rodionov,window1,68,69,1756,26,69,buy,3,63
06:39:50.06,Oliver Crawford,window1,30,32,959,1702,,,,30
06:40:09.21,Jurij Rodionov,window1,68,69,1756,26,69,buy,3,63
06:40:09.21,Oliver Crawford,window1,30,32,959,6702,,,,30
06:40:27.78,Jurij Rodionov,window1,68,69,1756,26,69,buy,3,63
06:40:27.78,Oliver Crawford,window1,30,32,959,7002,,,,30
06:40:47.50,Jurij Rodionov,window1,68,69,1756,26,69,buy,3,63
06:40:47.50,Oliver Crawford,window1,30,32,959,7002,,,,30
06:41:07.65,Jurij Rodionov,window1,68,69,1756,26,69,buy,3,63
06:41:07.65,Oliver Crawford,window1,30,32,959,1702,,,,30
06:41:27.67,Jurij Rodionov,window1,68,69,1756,26,69,buy,3,63
06:41:27.67,Oliver Crawford,window1,30,32,959,7002,,,,30
06:41:49.33,Jurij Rodionov,window1,68,69,1756,26,69,buy,3,63
06:41:49.33,Oliver Crawford,window1,30,32,959,7002,,,,30
06:42:10.21,Jurij Rodionov,window1,68,69,1756,26,69,buy,3,63
06:42:10.21,Oliver Crawford,window1,30,32,959,7002,,,,30
06:42:30.04,Jurij Rodionov,window1,68,69,1756,26,69,buy,3,63
06:42:30.04,Oliver Crawford,window1,30,32,959,7002,,,,30
06:42:50.81,Jurij Rodionov,window1,68,69,1756,26,69,buy,3,63
06:42:50.81,Oliver Crawford,window1,30,32,1289,1372,,,,30
06:43:13.22,Jurij Rodionov,window1,68,69,1756,26,69,buy,3,63
06:43:13.22,Oliver Crawford,window1,30,32,959,6702,,,,30
06:43:32.09,Jurij Rodionov,window1,68,69,1756,26,69,buy,3,63
06:43:32.09,Oliver Crawford,window1,30,32,959,6702,,,,30
06:43:53.20,Jurij Rodionov,window1,68,69,1756,26,69,buy,3,63
06:43:53.20,Oliver Crawford,window1,30,32,959,7002,,,,30
06:44:13.91,Jurij Rodionov,window1,68,69,1756,26,69,buy,3,63
06:44:13.91,Oliver Crawford,window1,30,32,959,7002,,,,30
06:49:41.77,Jurij Rodionov,window1,68,69,1756,26,69,buy,3,63
06:49:41.77,Oliver Crawford,window1,30,32,959,6702,,,,30
06:50:08.94,Jurij Rodionov,window1,68,69,1756,26,69,buy,3,63
06:50:08.94,Oliver Crawford,window1,30,32,959,6702,,,,30
06:50:32.24,Jurij Rodionov,window1,68,69,1756,26,69,buy,3,63
06:50:32.24,Oliver Crawford,window1,30,32,959,7002,,,,30
06:51:12.75,Jurij Rodionov,window1,68,69,1756,26,69,buy,3,63
06:51:12.75,Oliver Crawford,window1,30,32,959,7002,,,,30
06:52:11.35,Jurij Rodionov,window1,68,69,1756,26,69,buy,3,63
06:52:11.35,Oliver Crawford,window1,30,32,959,7002,,,,30
06:52:51.00,Jurij Rodionov,window1,68,69,1756,26,69,buy,3,63
06:52:51.00,Oliver Crawford,window1,30,32,959,1702,,,,30
06:53:12.23,Jurij Rodionov,window1,68,69,1756,26,69,buy,3,63
06:53:12.23,Oliver Crawford,window1,30,32,959,6702,,,,30
06:54:56.61,Jurij Rodionov,window1,68,69,1756,26,69,buy,3,63
06:54:56.61,Oliver Crawford,window1,30,32,1289,1372,,,,30
06:55:15.93,Jurij Rodionov,window1,68,69,1756,26,69,buy,3,63
06:55:15.93,Oliver Crawford,window1,30,32,959,7002,,,,30
06:55:33.27,Jurij Rodionov,window1,68,69,1756,26,69,buy,3,63
06:55:33.27,Oliver Crawford,window1,30,32,959,7002,,,,30
06:55:50.52,Jurij Rodionov,window1,68,69,1756,26,69,buy,3,63
06:56:08.45,Jurij Rodionov,window1,68,69,1756,26,69,buy,3,63
06:56:25.38,Jurij Rodionov,window1,68,69,1756,26,69,buy,3,63
06:56:41.06,Jurij Rodionov,window1,68,69,1756,26,69,buy,3,63
06:56:41.06,Oliver Crawford,window1,30,32,959,7002,,,,30
06:56:59.12,Jurij Rodionov,window1,68,69,1756,26,69,buy,3,63
06:56:59.12,Oliver Crawford,window1,30,32,959,7002,,,,30
06:57:17.25,Jurij Rodionov,window1,68,69,1756,26,69,buy,3,63
06:57:17.25,Oliver Crawford,window1,30,32,959,7002,,,,30
06:57:33.15,Jurij Rodionov,window1,68,69,1756,26,69,buy,3,63
06:57:50.38,Oliver Crawford,window1,30,32,959,7002,,,,30
06:58:08.59,Jurij Rodionov,window1,68,69,1756,26,69,buy,3,63
06:58:08.59,Oliver Crawford,window1,30,32,1289,1372,,,,30
06:58:25.54,Jurij Rodionov,window1,68,69,1756,26,69,buy,3,63
06:58:25.54,Oliver Crawford,window1,30,32,1289,1372,,,,30
06:58:41.94,Jurij Rodionov,window1,68,69,1756,26,69,buy,3,63
06:58:41.94,Oliver Crawford,window1,30,32,1289,1372,,,,30
06:59:00.42,Oliver Crawford,window1,30,32,1289,1372,,,,30
06:59:17.57,Jurij Rodionov,window1,68,69,1756,26,69,buy,3,63
06:59:33.23,Jurij Rodionov,window1,68,69,1756,26,69,buy,3,63
06:59:33.23,Oliver Crawford,window1,30,32,1289,1372,,,,30
06:59:50.68,Jurij Rodionov,window1,68,69,1756,26,69,buy,3,63
07:00:15.62,Jurij Rodionov,window1,68,69,1756,26,69,buy,3,63
07:00:15.62,Oliver Crawford,window1,30,32,1289,1372,,,,30
07:00:55.64,Jurij Rodionov,window1,68,69,1756,26,69,buy,3,63
07:00:55.64,Oliver Crawford,window1,30,32,959,6702,,,,30
07:01:20.92,Jurij Rodionov,window1,68,69,1756,26,69,buy,3,63
07:01:20.92,Oliver Crawford,window1,30,32,959,7002,,,,30
07:02:10.23,Jurij Rodionov,window1,68,69,1756,26,69,buy,3,63
07:02:10.23,Oliver Crawford,window1,30,32,959,7002,,,,30
07:02:35.44,Jurij Rodionov,window1,68,69,1756,26,69,buy,3,63
07:02:35.44,Oliver Crawford,window1,30,32,959,7002,,,,30
07:02:53.14,Jurij Rodionov,window1,68,69,1756,26,69,buy,3,63
07:02:53.14,Oliver Crawford,window1,30,32,959,7002,,,,30
07:03:12.98,Jurij Rodionov,window1,68,69,1750,26,69,buy,3,63
07:03:12.98,Oliver Crawford,window1,30,32,965,6945,32,buy,51,30
07:03:32.54,Jurij Rodionov,window1,68,69,1750,26,69,buy,3,63
07:03:32.54,Oliver Crawford,window1,30,32,965,6945,32,buy,51,30
07:03:52.63,Jurij Rodionov,window1,68,69,1750,26,69,buy,3,63
07:03:52.63,Oliver Crawford,window1,30,32,965,6945,32,buy,51,30
07:04:13.07,Jurij Rodionov,window1,68,69,1750,26,69,buy,3,63
07:04:13.07,Oliver Crawford,window1,30,32,965,6945,32,buy,51,30
07:04:32.21,Jurij Rodionov,window1,68,69,1750,26,69,buy,3,63
07:04:32.21,Oliver Crawford,window1,30,32,965,6945,32,buy,51,30
07:04:53.11,Jurij Rodionov,window1,68,69,1750,26,69,buy,3,63
07:04:53.11,Oliver Crawford,window1,30,32,965,6945,32,buy,51,30
07:05:28.96,Jurij Rodionov,window1,68,69,1750,26,69,buy,3,63
07:05:28.96,Oliver Crawford,window1,30,32,965,6945,32,buy,51,30
07:06:02.79,Jurij Rodionov,window1,68,69,1750,26,69,buy,3,63
07:06:02.79,Oliver Crawford,window1,30,32,965,6945,32,buy,51,30
07:06:37.40,Jurij Rodionov,window1,68,69,1750,26,69,buy,3,63
07:06:37.40,Oliver Crawford,window1,30,32,965,6945,32,buy,51,30
07:06:54.63,Jurij Rodionov,window1,68,69,1750,26,69,buy,3,63
07:06:54.63,Oliver Crawford,window1,30,32,965,6645,32,buy,51,30
07:07:12.40,Jurij Rodionov,window1,68,69,1750,26,69,buy,3,63
07:07:28.62,Jurij Rodionov,window1,68,69,1750,26,69,buy,3,63
07:07:28.62,Oliver Crawford,window1,30,32,965,6945,32,buy,51,30
07:07:45.98,Jurij Rodionov,window1,68,69,1750,26,69,buy,3,63
07:07:45.98,Oliver Crawford,window1,30,32,965,6945,32,buy,51,30
07:08:05.14,Jurij Rodionov,window1,68,69,1750,26,69,buy,3,63
07:08:05.14,Oliver Crawford,window1,30,32,965,6945,32,buy,51,30
07:08:22.53,Oliver Crawford,window1,30,32,1295,1315,32,buy,51,30
07:08:39.27,Jurij Rodionov,window1,68,69,1750,26,69,buy,3,63
07:08:39.27,Oliver Crawford,window1,30,32,965,6645,32,buy,51,30
07:09:16.10,Oliver Crawford,window1,30,32,965,6945,32,buy,51,30
07:09:33.37,Oliver Crawford,window1,30,32,965,6945,32,buy,51,30
07:09:51.21,Jurij Rodionov,window1,68,69,1750,26,69,buy,3,63
07:09:51.21,Oliver Crawford,window1,30,32,965,6945,32,buy,51,30
07:10:10.66,Jurij Rodionov,window1,68,69,1750,26,69,buy,3,63
07:10:10.66,Oliver Crawford,window1,30,32,1295,6315,32,buy,51,30
07:10:32.20,Jurij Rodionov,window1,68,69,1750,26,69,buy,3,63
07:10:32.20,Oliver Crawford,window1,30,32,965,6945,32,buy,51,30
07:10:53.87,Jurij Rodionov,window1,68,69,1750,26,69,buy,3,63
07:11:14.93,Jurij Rodionov,window1,68,69,1750,26,69,buy,3,63
07:11:14.93,Oliver Crawford,window1,30,32,965,6645,32,buy,51,30
07:11:34.78,Jurij Rodionov,window1,68,69,1750,26,69,buy,3,63
07:11:34.78,Oliver Crawford,window1,30,32,965,6645,32,buy,51,30
07:11:54.60,Oliver Crawford,window1,30,32,965,6945,32,buy,51,30
07:12:14.77,Jurij Rodionov,window1,68,69,1739,26,69,buy,3,64
07:14:13.04,Jurij Rodionov,window1,68,69,1739,26,69,buy,3,64
07:14:13.04,Oliver Crawford,window1,30,32,965,6945,32,buy,51,30
07:14:37.14,Jurij Rodionov,window1,68,69,1739,26,69,buy,3,64
07:14:37.14,Oliver Crawford,window1,30,32,1295,1315,32,buy,51,30
07:14:58.74,Jurij Rodionov,window1,68,69,1739,26,69,buy,3,64
07:14:58.74,Oliver Crawford,window1,30,32,965,6645,32,buy,51,30
07:15:21.10,Oliver Crawford,window1,30,32,965,6645,32,buy,51,30
07:15:43.92,Oliver Crawford,window1,30,32,965,6645,32,buy,51,30
07:16:01.66,Jurij Rodionov,window1,68,69,1739,26,69,buy,3,64
07:16:01.66,Oliver Crawford,window1,30,32,965,6945,32,buy,51,30
07:16:18.75,Jurij Rodionov,window1,68,69,1739,26,69,buy,3,64
07:16:18.75,Oliver Crawford,window1,30,32,965,6945,32,buy,51,30
07:17:27.03,Jurij Rodionov,window1,68,69,1739,26,69,buy,3,64
07:17:27.03,Oliver Crawford,window1,30,32,1295,1315,32,buy,51,30
07:17:43.59,Jurij Rodionov,window1,68,69,1739,26,69,buy,3,64
07:17:43.59,Oliver Crawford,window1,30,32,1295,1315,32,buy,51,30
07:18:45.59,Jurij Rodionov,window1,68,69,1739,26,69,buy,3,64
07:18:45.59,Oliver Crawford,window1,30,32,1295,1315,32,buy,51,30
07:19:04.29,Jurij Rodionov,window1,68,69,1739,26,69,buy,3,64
07:19:20.92,Jurij Rodionov,window1,68,69,1739,26,69,buy,3,64
07:19:20.92,Oliver Crawford,window1,30,32,965,6645,32,buy,51,30
07:19:38.46,Jurij Rodionov,window1,68,69,1739,26,69,buy,3,64
07:19:38.46,Oliver Crawford,window1,30,32,965,6945,32,buy,51,30
07:19:56.50,Jurij Rodionov,window1,68,69,1739,26,69,buy,3,64
07:19:56.50,Oliver Crawford,window1,30,32,1311,1315,32,buy,51,30
07:20:15.99,Jurij Rodionov,window1,68,69,1739,26,69,buy,3,64
07:20:15.99,Oliver Crawford,window1,30,32,981,6945,32,buy,51,30
07:20:32.10,Oliver Crawford,window1,30,32,981,6945,32,buy,51,30
07:20:49.16,Jurij Rodionov,window1,68,69,1739,26,69,buy,3,64
07:20:49.16,Oliver Crawford,window1,30,32,965,6945,32,buy,51,30
07:21:10.16,Jurij Rodionov,window1,68,69,1739,26,69,buy,3,64
07:21:10.16,Oliver Crawford,window1,30,32,965,6945,32,buy,51,30
07:21:30.03,Jurij Rodionov,window1,68,69,1739,26,69,buy,3,64
07:21:30.03,Oliver Crawford,window1,30,32,965,6945,32,buy,51,30
07:21:51.14,Jurij Rodionov,window1,68,69,1739,26,69,buy,3,64
07:21:51.14,Oliver Crawford,window1,30,32,965,6645,32,buy,51,30
07:22:11.72,Jurij Rodionov,window1,68,69,1739,26,69,buy,3,64
07:22:11.72,Oliver Crawford,window1,30,32,965,6945,32,buy,51,30
07:22:31.08,Oliver Crawford,window1,30,32,965,6945,32,buy,51,30
07:22:50.65,Jurij Rodionov,window1,68,69,1739,26,69,buy,3,64
07:22:50.65,Oliver Crawford,window1,30,32,1295,1315,32,buy,51,30
07:23:11.88,Jurij Rodionov,window1,68,69,1739,26,69,buy,3,64
07:23:11.88,Oliver Crawford,window1,30,32,965,6945,32,buy,51,30
07:23:52.53,Oliver Crawford,window1,30,32,965,6945,32,buy,51,30
07:24:14.03,Jurij Rodionov,window1,68,69,1739,26,69,buy,3,64
07:24:14.03,Oliver Crawford,window1,30,32,965,6945,32,buy,51,30
07:24:34.03,Jurij Rodionov,window1,68,69,1739,26,69,buy,3,64
07:24:34.03,Oliver Crawford,window1,30,32,965,6945,32,buy,51,30
07:24:56.29,Oliver Crawford,window1,30,32,965,6945,32,buy,51,30
07:25:23.75,Jurij Rodionov,window1,68,69,1739,26,69,buy,3,64
07:25:23.75,Oliver Crawford,window1,30,32,965,6945,32,buy,51,30
07:25:47.75,Jurij Rodionov,window1,68,69,1739,26,69,buy,3,64
07:25:47.75,Oliver Crawford,window1,30,32,965,6945,32,buy,51,30
07:26:12.27,Jurij Rodionov,window1,68,69,1739,26,69,buy,3,64
07:26:12.27,Oliver Crawford,window1,30,32,1295,1315,32,buy,51,30
07:26:32.77,Jurij Rodionov,window1,68,69,1739,26,69,buy,3,64
07:26:32.77,Oliver Crawford,window1,30,32,965,6645,32,buy,51,30
07:26:50.34,Oliver Crawford,window1,30,32,965,6645,32,buy,51,30
07:27:09.10,Jurij Rodionov,window1,68,69,1739,26,69,buy,3,64
07:27:09.10,Oliver Crawford,window1,30,32,965,6945,32,buy,51,30
07:27:27.52,Jurij Rodionov,window1,68,69,1739,26,69,buy,3,64
07:27:27.52,Oliver Crawford,window1,30,32,965,6645,32,buy,51,30
07:28:35.12,Jurij Rodionov,window1,68,69,1739,26,69,buy,3,64
07:28:35.12,Oliver Crawford,window1,30,32,1295,1315,32,buy,51,30
07:28:51.27,Jurij Rodionov,window1,68,69,1739,26,69,buy,3,64
07:28:51.27,Oliver Crawford,window1,30,32,965,6645,32,buy,51,30
07:29:24.37,Jurij Rodionov,window1,68,69,1739,26,69,buy,3,64
07:29:24.37,Oliver Crawford,window1,30,32,965,6945,32,buy,51,30
07:29:40.53,Jurij Rodionov,window1,68,69,1739,26,69,buy,3,64
07:29:40.53,Oliver Crawford,window1,30,32,965,6945,32,buy,51,30
07:29:56.50,Jurij Rodionov,window1,68,69,1739,26,69,buy,3,64
07:29:56.50,Oliver Crawford,window1,30,32,965,6645,32,buy,51,30
07:30:15.65,Jurij Rodionov,window1,68,69,1739,26,69,buy,3,64
07:30:15.65,Oliver Crawford,window1,30,32,965,6645,32,buy,51,30
07:30:33.41,Jurij Rodionov,window1,68,69,1739,26,69,buy,3,64
07:30:33.41,Oliver Crawford,window1,30,32,965,6945,32,buy,51,30
07:30:50.40,Jurij Rodionov,window1,68,69,1739,26,69,buy,3,64
07:30:50.40,Oliver Crawford,window1,30,32,965,6945,32,buy,51,30
07:31:10.70,Oliver Crawford,window1,30,32,965,6945,32,buy,51,30
07:31:28.77,Jurij Rodionov,window1,68,69,1739,26,69,buy,3,64
07:31:28.77,Oliver Crawford,window1,30,32,965,6945,32,buy,51,30
07:31:46.36,Jurij Rodionov,window1,68,69,1739,26,69,buy,3,64
07:31:46.36,Oliver Crawford,window1,30,32,1295,1315,32,buy,51,30
07:32:05.31,Jurij Rodionov,window1,68,69,1739,26,69,buy,3,64
07:32:05.31,Oliver Crawford,window1,30,32,965,6645,32,buy,51,30
07:32:25.47,Oliver Crawford,window1,30,32,965,6645,32,buy,51,30
07:32:43.73,Jurij Rodionov,window1,68,69,1739,26,69,buy,3,64
07:32:43.73,Oliver Crawford,window1,30,32,965,6945,32,buy,51,30
07:33:02.48,Jurij Rodionov,window1,68,69,1739,26,69,buy,3,64
07:33:02.48,Oliver Crawford,window1,30,32,965,6945,32,buy,51,30
07:33:21.28,Jurij Rodionov,window1,68,69,1739,26,69,buy,3,64
07:33:21.28,Oliver Crawford,window1,30,32,965,6945,32,buy,51,30
07:33:40.66,Jurij Rodionov,window1,68,69,1739,26,69,buy,3,64
07:33:40.66,Oliver Crawford,window1,30,32,1295,1315,32,buy,51,30
07:33:59.06,Jurij Rodionov,window1,68,69,1739,26,69,buy,3,64
07:33:59.06,Oliver Crawford,window1,30,32,1295,1315,32,buy,51,30
07:34:19.57,Jurij Rodionov,window1,68,69,1739,26,69,buy,3,64
07:34:19.57,Oliver Crawford,window1,30,32,1295,1315,32,buy,51,30
07:34:38.87,Oliver Crawford,window1,30,32,1295,1315,32,buy,51,30
07:35:09.33,Jurij Rodionov,window1,68,69,1739,26,69,buy,3,64
07:35:25.71,Jurij Rodionov,window1,68,69,1739,26,69,buy,3,64
07:35:25.71,Oliver Crawford,window1,30,32,1295,1331,32,buy,51,30
07:35:40.84,Jurij Rodionov,window1,68,69,1739,26,69,buy,3,64
07:35:40.84,Oliver Crawford,window1,30,32,965,6945,32,buy,51,30
07:35:55.46,Oliver Crawford,window1,30,32,965,6945,32,buy,51,30
07:36:11.41,Jurij Rodionov,window1,68,69,1739,26,69,buy,3,64
07:36:57.46,Jurij Rodionov,window1,68,69,1739,26,69,buy,3,64
07:36:57.46,Oliver Crawford,window1,30,32,965,6645,32,buy,51,30
07:37:18.29,Jurij Rodionov,window1,68,69,2722,26,69,buy,3,64
07:37:18.29,Oliver Crawford,window1,30,31,965,927,32,buy,51,30
07:37:38.23,Jurij Rodionov,window1,68,69,1739,26,69,buy,3,64
07:37:38.23,Oliver Crawford,window1,30,32,965,6645,32,buy,51,30
07:38:48.14,Jurij Rodionov,window1,68,69,1739,26,69,buy,3,64
07:38:48.14,Oliver Crawford,window1,30,32,1295,1315,32,buy,51,30
07:39:04.95,Jurij Rodionov,window1,68,69,1739,26,69,buy,3,64
07:39:04.95,Oliver Crawford,window1,30,32,965,6645,32,buy,51,30
07:39:20.03,Jurij Rodionov,window1,68,69,1739,26,69,buy,3,64
07:39:20.03,Oliver Crawford,window1,30,32,965,6945,32,buy,51,30
07:39:54.22,Jurij Rodionov,window1,68,69,1739,26,69,buy,3,64
07:39:54.22,Oliver Crawford,window1,30,32,965,6945,32,buy,51,30
07:40:14.48,Jurij Rodionov,window1,68,69,1739,26,69,buy,3,64
07:40:14.48,Oliver Crawford,window1,30,32,1295,1315,32,buy,51,30
07:40:35.98,Jurij Rodionov,window1,68,69,1739,26,69,buy,3,64
07:40:35.98,Oliver Crawford,window1,30,32,1295,1315,32,buy,51,30
07:40:53.14,Jurij Rodionov,window1,68,69,1739,26,69,buy,3,64
07:40:53.14,Oliver Crawford,window1,30,32,1295,1315,32,buy,51,30
07:41:31.55,Jurij Rodionov,window1,68,69,1739,26,69,buy,3,64
07:41:31.55,Oliver Crawford,window1,30,32,1295,1315,32,buy,51,30
07:41:50.66,Jurij Rodionov,window1,68,69,1739,26,69,buy,3,64
07:41:50.66,Oliver Crawford,window1,30,32,965,6645,32,buy,51,30
07:42:09.92,Jurij Rodionov,window1,68,69,1739,26,69,buy,3,64
07:42:09.92,Oliver Crawford,window1,30,32,965,6945,32,buy,51,30
07:42:29.06,Oliver Crawford,window1,30,32,965,6945,32,buy,51,30
07:42:46.74,Jurij Rodionov,window1,68,69,1739,26,69,buy,3,64
07:42:46.74,Oliver Crawford,window1,30,32,965,6945,32,buy,51,30
07:43:04.38,Jurij Rodionov,window1,68,69,1739,26,69,buy,3,64
07:43:04.38,Oliver Crawford,window1,30,32,965,6945,32,buy,51,30
07:43:20.90,Jurij Rodionov,window1,68,69,1739,26,69,buy,3,64
07:43:40.33,Jurij Rodionov,window1,68,69,1739,26,69,buy,3,64
07:43:40.33,Oliver Crawford,window1,30,32,965,6645,32,buy,51,30
07:43:55.66,Oliver Crawford,window1,30,32,1084,6751,32,buy,119,30
07:44:10.91,Jurij Rodionov,window1,68,69,1620,26,69,buy,3,64
07:44:10.91,Oliver Crawford,window1,30,32,1084,6751,32,buy,119,30
07:44:55.60,Jurij Rodionov,window1,68,69,1620,26,69,buy,3,64
07:45:29.00,Jurij Rodionov,window1,68,69,1620,26,69,buy,3,64
07:45:44.39,Jurij Rodionov,window1,68,69,1619,26,69,buy,3,64
07:45:59.01,Oliver Crawford,window1,30,32,1084,6751,32,buy,119,30
07:46:14.69,Jurij Rodionov,window1,68,69,1619,26,69,buy,3,64
07:46:14.69,Oliver Crawford,window1,30,32,1084,6826,32,buy,119,30
07:46:45.58,Jurij Rodionov,window1,68,69,1619,26,69,buy,3,64
07:46:45.58,Oliver Crawford,window1,30,32,1084,6751,32,buy,119,30
07:47:00.43,Jurij Rodionov,window1,68,69,1619,26,69,buy,3,64
07:47:00.43,Oliver Crawford,window1,30,32,1084,6751,32,buy,119,30
07:47:32.22,Jurij Rodionov,window1,68,69,1619,26,69,buy,3,64
07:47:46.51,Oliver Crawford,window1,30,32,1084,6751,32,buy,119,30
07:48:32.72,Jurij Rodionov,window1,68,69,2605,26,69,buy,3,64
07:48:32.72,Oliver Crawford,window1,30,31,1084,5977,32,buy,119,30
07:48:52.35,Jurij Rodionov,window1,68,69,1619,26,69,buy,3,64
07:48:52.35,Oliver Crawford,window1,30,32,1084,6842,32,buy,119,30
07:49:15.59,Jurij Rodionov,window1,68,69,485,26,69,buy,3,64
07:49:15.59,Oliver Crawford,window1,30,32,1414,78,32,buy,119,30
07:49:39.39,Jurij Rodionov,window1,68,69,485,26,69,buy,3,64
07:50:44.50,Jurij Rodionov,window1,68,69,155,26,69,buy,3,64
07:50:44.50,Oliver Crawford,window1,30,32,1084,6842,32,buy,119,30
07:51:01.68,Jurij Rodionov,window1,68,69,1619,26,69,buy,3,64
07:51:01.68,Oliver Crawford,window1,30,32,1084,6842,32,buy,119,30
07:51:22.66,Oliver Crawford,window1,30,32,1084,6842,32,buy,119,30
07:51:40.88,Jurij Rodionov,window1,68,69,1619,26,69,buy,3,64
07:51:40.88,Oliver Crawford,window1,30,32,1084,6826,32,buy,119,30
07:52:36.44,Jurij Rodionov,window1,68,69,1619,26,69,buy,3,64
07:52:36.44,Oliver Crawford,window1,30,32,1084,6826,32,buy,119,30
07:52:53.68,Jurij Rodionov,window1,68,69,1619,26,69,buy,3,64
07:54:04.22,Jurij Rodionov,window1,68,69,1619,26,69,buy,3,64
07:55:05.31,Jurij Rodionov,window1,68,69,1619,26,69,buy,3,64
07:55:05.31,Oliver Crawford,window1,30,32,1414,1196,32,buy,119,30
07:55:20.12,Jurij Rodionov,window1,68,69,1619,26,69,buy,3,64
07:55:20.12,Oliver Crawford,window1,30,32,1084,6526,32,buy,119,30
07:55:35.76,Jurij Rodionov,window1,68,69,1619,26,69,buy,3,64
07:55:49.67,Jurij Rodionov,window1,68,69,485,26,69,buy,3,64
07:55:49.67,Oliver Crawford,window1,30,32,1414,62,32,buy,119,30
07:56:05.95,Jurij Rodionov,window1,68,69,1619,26,69,buy,3,64
07:56:05.95,Oliver Crawford,window1,30,32,1414,1196,32,buy,119,30
07:56:34.26,Jurij Rodionov,window1,68,69,1619,26,69,buy,3,64
07:56:34.26,Oliver Crawford,window1,30,32,1084,6496,32,buy,119,30
07:56:44.88,Oliver Crawford,window1,30,32,1414,62,32,buy,119,30
07:56:55.72,Jurij Rodionov,window1,68,69,485,26,69,buy,3,64
07:56:55.72,Oliver Crawford,window1,30,32,1414,62,32,buy,119,30
07:57:09.21,Jurij Rodionov,window1,68,69,1619,26,69,buy,3,64
07:57:09.21,Oliver Crawford,window1,30,32,1414,1196,32,buy,119,30
07:57:21.61,Jurij Rodionov,window1,68,69,1619,26,69,buy,3,64
07:57:21.61,Oliver Crawford,window1,30,32,1414,1196,32,buy,119,30
07:57:34.30,Oliver Crawford,window1,30,32,1084,6196,32,buy,119,30
07:57:45.54,Jurij Rodionov,window1,68,69,1619,26,69,buy,3,64
07:57:45.54,Oliver Crawford,window1,30,32,1084,6751,32,buy,119,30
07:57:55.92,Jurij Rodionov,window1,68,69,1619,26,69,buy,3,64
07:57:55.92,Oliver Crawford,window1,30,32,1084,6826,32,buy,119,30
07:58:07.65,Jurij Rodionov,window1,68,69,1619,26,69,buy,3,64
07:58:07.65,Oliver Crawford,window1,30,32,1084,6826,32,buy,119,30
07:58:18.34,Oliver Crawford,window1,30,32,1084,6826,32,buy,119,30
07:58:31.20,Jurij Rodionov,window1,68,69,1619,26,69,buy,3,64
07:58:31.20,Oliver Crawford,window1,30,32,1084,6826,32,buy,119,30
07:58:42.56,Jurij Rodionov,window1,68,69,1619,26,69,buy,3,64
07:58:42.56,Oliver Crawford,window1,30,32,1084,6826,32,buy,119,30
07:58:54.29,Jurij Rodionov,window1,68,69,1619,26,69,buy,3,64
07:58:54.29,Oliver Crawford,window1,30,32,1084,6826,32,buy,119,30
07:59:08.61,Jurij Rodionov,window1,68,69,1619,26,69,buy,3,64
07:59:08.61,Oliver Crawford,window1,30,32,1084,6826,32,buy,119,30
07:59:22.43,Jurij Rodionov,window1,68,69,1634,26,69,buy,3,64
07:59:22.43,Oliver Crawford,window1,30,32,1084,6826,32,buy,119,30
07:59:35.14,Oliver Crawford,window1,30,32,1084,6826,32,buy,119,30
07:59:59.23,Jurij Rodionov,window1,68,69,1634,26,69,buy,3,64
07:59:59.23,Oliver Crawford,window1,30,32,1084,7162,32,buy,119,30
08:00:17.82,Jurij Rodionov,window1,68,69,1634,26,69,buy,3,64
08:00:17.82,Oliver Crawford,window1,30,32,1414,1532,32,buy,119,30
08:01:11.48,Oliver Crawford,window1,30,32,1084,7162,32,buy,119,30
08:01:29.04,Jurij Rodionov,window1,68,69,1634,26,69,buy,3,64
08:01:29.04,Oliver Crawford,window1,30,32,1414,1532,32,buy,119,30
08:01:45.47,Jurij Rodionov,window1,68,69,1970,26,69,buy,3,64
08:01:45.47,Oliver Crawford,window1,30,32,1414,1196,32,buy,119,30
08:02:04.94,Jurij Rodionov,window1,68,69,1970,26,69,buy,3,64
08:02:04.94,Oliver Crawford,window1,30,32,1100,6526,32,buy,119,30
08:02:20.19,Jurij Rodionov,window1,68,69,1970,26,69,buy,3,64
08:02:20.19,Oliver Crawford,window1,30,32,1100,6526,32,buy,119,30
08:02:36.13,Jurij Rodionov,window1,68,69,2563,26,69,buy,3,64
08:02:36.13,Oliver Crawford,window1,30,32,4417,7404,32,buy,119,30
08:02:50.19,Jurij Rodionov,window1,68,69,2563,26,69,buy,3,64
08:02:50.19,Oliver Crawford,window1,30,32,4417,7404,32,buy,119,30
08:03:09.11,Jurij Rodionov,window1,68,69,2563,26,69,buy,3,64
08:03:09.11,Oliver Crawford,window1,30,32,4417,7404,32,buy,119,30
08:03:26.27,Jurij Rodionov,window1,68,69,2563,26,69,buy,3,64
08:03:26.27,Oliver Crawford,window1,30,31,4312,5957,32,buy,119,30
08:03:42.16,Jurij Rodionov,window1,68,69,2902,26,69,buy,3,64
08:03:42.16,Oliver Crawford,window1,30,32,4339,7346,32,buy,119,30
08:03:56.87,Jurij Rodionov,window1,68,69,2902,26,69,buy,3,64
