ts_et,ticker,bid_1,bid_1_sz,bid_2,bid_2_sz,bid_3,bid_3_sz,bid_4,bid_4_sz,bid_5,bid_5_sz,ask_1,ask_1_sz,ask_2,ask_2_sz,ask_3,ask_3_sz,ask_4,ask_4_sz,ask_5,ask_5_sz,mid
2026-04-17 09:43:06 PM,KXATPCHALLENGERMATCH-26APR18BOLYUN-BOL,36,760,35,505,34,3316,33,6438,32,6336,37,1512,38,4365,39,7440,40,7079,42,690,36.5
2026-04-17 09:44:54 PM,KXATPCHALLENGERMATCH-26APR18BOLYUN-BOL,36,760,35,505,34,3316,33,6438,32,6336,37,1512,38,4365,39,7440,40,6929,42,690,36.5
2026-04-17 09:44:56 PM,KXATPCHALLENGERMATCH-26APR18BOLYUN-BOL,36,760,35,505,34,3316,33,6438,32,6336,37,1513,38,4365,39,7440,40,6929,42,690,36.5
2026-04-17 09:45:40 PM,KXATPCHALLENGERMATCH-26APR18BOLYUN-BOL,36,760,35,505,34,3316,33,6438,32,6336,37,1513,38,4365,39,7440,40,7429,42,690,36.5
2026-04-17 09:48:36 PM,KXATPCHALLENGERMATCH-26APR18BOLYUN-BOL,36,760,35,505,34,3316,33,6438,32,6336,37,1513,38,4365,39,7440,40,6929,42,690,36.5
2026-04-17 09:50:51 PM,KXATPCHALLENGERMATCH-26APR18BOLYUN-BOL,36,760,35,505,34,3316,33,7824,32,6336,37,1513,38,4365,39,7440,40,6929,42,690,36.5
2026-04-17 09:50:51 PM,KXATPCHALLENGERMATCH-26APR18BOLYUN-BOL,36,760,35,505,34,3316,33,7824,32,6336,37,2899,38,4365,39,7440,40,6929,42,690,36.5
2026-04-17 09:50:51 PM,KXATPCHALLENGERMATCH-26APR18BOLYUN-BOL,36,760,35,505,34,1930,33,7824,32,6336,37,2899,38,4365,39,7440,40,6929,42,690,36.5
2026-04-17 09:50:51 PM,KXATPCHALLENGERMATCH-26APR18BOLYUN-BOL,36,760,35,505,34,1930,33,7824,32,6336,37,2899,38,2980,39,7440,40,6929,42,690,36.5
2026-04-17 09:50:51 PM,KXATPCHALLENGERMATCH-26APR18BOLYUN-BOL,36,760,35,505,34,1930,33,7824,32,6336,37,2899,38,2980,39,7440,40,7029,42,690,36.5
2026-04-17 09:50:52 PM,KXATPCHALLENGERMATCH-26APR18BOLYUN-BOL,36,760,35,505,34,1930,33,7824,32,6336,37,1513,38,2980,39,7440,40,7029,42,690,36.5
2026-04-17 09:51:01 PM,KXATPCHALLENGERMATCH-26APR18BOLYUN-BOL,36,760,35,505,34,3316,33,7824,32,6336,37,1513,38,2980,39,7440,40,7029,42,690,36.5
2026-04-17 09:51:01 PM,KXATPCHALLENGERMATCH-26APR18BOLYUN-BOL,36,760,35,505,34,3316,33,7824,32,6336,37,1513,38,4366,39,7440,40,7029,42,690,36.5
2026-04-17 09:51:01 PM,KXATPCHALLENGERMATCH-26APR18BOLYUN-BOL,36,760,35,505,34,3316,33,7824,32,6336,37,1513,38,4366,39,7440,40,7729,42,690,36.5
2026-04-17 09:51:01 PM,KXATPCHALLENGERMATCH-26APR18BOLYUN-BOL,36,760,35,505,34,3316,33,6438,32,6336,37,1513,38,4366,39,7440,40,7729,42,690,36.5
2026-04-17 09:51:34 PM,KXATPCHALLENGERMATCH-26APR18BOLYUN-BOL,36,760,35,505,34,3316,33,6438,32,6336,37,1413,38,4366,39,7440,40,7729,42,690,36.5
2026-04-17 09:53:44 PM,KXATPCHALLENGERMATCH-26APR18BOLYUN-BOL,36,760,35,505,34,3316,33,6438,32,6336,37,1413,38,4366,39,7440,40,7029,42,690,36.5
2026-04-17 09:53:50 PM,KXATPCHALLENGERMATCH-26APR18BOLYUN-BOL,36,760,35,505,34,3316,33,6438,32,6336,37,1413,38,4366,39,7440,40,6929,42,690,36.5
2026-04-17 09:54:53 PM,KXATPCHALLENGERMATCH-26APR18BOLYUN-BOL,36,760,35,505,34,3316,33,6438,32,6336,37,1413,38,4366,39,7440,40,6381,42,690,36.5
2026-04-17 09:54:53 PM,KXATPCHALLENGERMATCH-26APR18BOLYUN-BOL,36,760,35,505,34,3316,33,6438,32,6336,37,2895,38,4366,39,7440,40,6381,42,690,36.5
2026-04-17 09:56:59 PM,KXATPCHALLENGERMATCH-26APR18BOLYUN-BOL,36,760,35,505,34,3316,33,6438,32,6336,37,2883,38,4366,39,7440,40,6381,42,690,36.5
2026-04-17 09:59:10 PM,KXATPCHALLENGERMATCH-26APR18BOLYUN-BOL,36,760,35,505,34,3316,33,6438,32,6336,37,2883,38,4366,39,7440,40,6431,42,690,36.5
2026-04-17 10:01:19 PM,KXATPCHALLENGERMATCH-26APR18BOLYUN-BOL,36,760,35,505,34,3316,33,6438,32,6336,37,2883,38,5366,39,7440,40,6431,42,690,36.5
2026-04-17 10:01:19 PM,KXATPCHALLENGERMATCH-26APR18BOLYUN-BOL,36,760,35,505,34,3316,33,6438,32,6336,37,2883,38,7366,39,7440,40,6431,42,690,36.5
2026-04-17 10:01:19 PM,KXATPCHALLENGERMATCH-26APR18BOLYUN-BOL,36,760,35,505,34,3316,33,6438,32,6336,37,4883,38,7366,39,7440,40,6431,42,690,36.5
2026-04-17 10:01:19 PM,KXATPCHALLENGERMATCH-26APR18BOLYUN-BOL,36,760,35,505,34,3316,33,6438,32,6336,37,4883,38,9366,39,7440,40,6431,42,690,36.5
2026-04-17 10:01:19 PM,KXATPCHALLENGERMATCH-26APR18BOLYUN-BOL,36,760,35,505,34,3316,33,6438,32,6336,37,6883,38,9366,39,7440,40,6431,42,690,36.5
2026-04-17 10:01:19 PM,KXATPCHALLENGERMATCH-26APR18BOLYUN-BOL,36,760,35,505,34,3316,33,6438,32,6336,37,6883,38,10366,39,7440,40,6431,42,690,36.5
2026-04-17 10:01:19 PM,KXATPCHALLENGERMATCH-26APR18BOLYUN-BOL,36,760,35,505,34,3316,33,6438,32,6336,37,8883,38,10366,39,7440,40,6431,42,690,36.5
2026-04-17 10:01:19 PM,KXATPCHALLENGERMATCH-26APR18BOLYUN-BOL,36,760,35,505,34,3316,33,6438,32,6336,37,8883,38,12366,39,7440,40,6431,42,690,36.5
2026-04-17 10:01:19 PM,KXATPCHALLENGERMATCH-26APR18BOLYUN-BOL,36,760,35,505,34,3316,33,6438,32,6336,37,8883,38,14366,39,7440,40,6431,42,690,36.5
2026-04-17 10:01:19 PM,KXATPCHALLENGERMATCH-26APR18BOLYUN-BOL,36,760,35,505,34,3316,33,7438,32,6336,37,8883,38,14366,39,7440,40,6431,42,690,36.5
2026-04-17 10:01:19 PM,KXATPCHALLENGERMATCH-26APR18BOLYUN-BOL,36,760,35,505,34,5316,33,7438,32,6336,37,8883,38,14366,39,7440,40,6431,42,690,36.5
2026-04-17 10:01:23 PM,KXATPCHALLENGERMATCH-26APR18BOLYUN-BOL,36,760,35,505,34,5316,33,7438,32,6336,37,8877,38,14366,39,7440,40,6431,42,690,36.5
2026-04-17 10:01:23 PM,KXATPCHALLENGERMATCH-26APR18BOLYUN-BOL,36,760,35,505,34,5316,33,7438,32,6336,37,8886,38,14366,39,7440,40,6431,42,690,36.5
2026-04-17 10:01:23 PM,KXATPCHALLENGERMATCH-26APR18BOLYUN-BOL,36,756,35,505,34,5316,33,7438,32,6336,37,8886,38,14366,39,7440,40,6431,42,690,36.5
2026-04-17 10:01:23 PM,KXATPCHALLENGERMATCH-26APR18BOLYUN-BOL,36,756,35,501,34,5316,33,7438,32,6336,37,8886,38,14366,39,7440,40,6431,42,690,36.5
2026-04-17 10:01:27 PM,KXATPCHALLENGERMATCH-26APR18BOLYUN-BOL,36,756,35,501,34,5316,33,7438,32,6336,37,8892,38,14366,39,7440,40,6431,42,690,36.5
2026-04-17 10:01:45 PM,KXATPCHALLENGERMATCH-26APR18BOLYUN-BOL,36,756,35,501,34,5316,33,7438,32,6336,37,8898,38,14366,39,7440,40,6431,42,690,36.5
2026-04-17 10:01:45 PM,KXATPCHALLENGERMATCH-26APR18BOLYUN-BOL,36,753,35,501,34,5316,33,7438,32,6336,37,8898,38,14366,39,7440,40,6431,42,690,36.5
2026-04-17 10:01:45 PM,KXATPCHALLENGERMATCH-26APR18BOLYUN-BOL,36,753,35,498,34,5316,33,7438,32,6336,37,8898,38,14366,39,7440,40,6431,42,690,36.5
2026-04-17 10:02:05 PM,KXATPCHALLENGERMATCH-26APR18BOLYUN-BOL,36,753,35,498,34,5316,33,7438,32,6336,37,8898,38,14366,39,7440,40,6381,42,690,36.5
2026-04-17 10:05:49 PM,KXATPCHALLENGERMATCH-26APR18BOLYUN-BOL,36,753,35,498,34,5316,33,7438,32,6336,37,8873,38,14366,39,7440,40,6381,42,690,36.5
2026-04-17 10:06:29 PM,KXATPCHALLENGERMATCH-26APR18BOLYUN-BOL,36,753,35,498,34,5316,33,7438,32,6336,37,8822,38,14366,39,7440,40,6381,42,690,36.5
2026-04-17 10:06:46 PM,KXATPCHALLENGERMATCH-26APR18BOLYUN-BOL,36,753,35,498,34,5316,33,7438,32,6336,37,8821,38,14366,39,7440,40,6381,42,690,36.5
2026-04-17 10:07:24 PM,KXATPCHALLENGERMATCH-26APR18BOLYUN-BOL,36,753,35,498,34,5316,33,7438,32,6336,37,8821,38,14366,39,7440,40,7131,42,690,36.5
2026-04-17 10:09:18 PM,KXATPCHALLENGERMATCH-26APR18BOLYUN-BOL,36,753,35,498,34,5316,33,7438,32,6336,37,8804,38,14366,39,7440,40,7131,42,690,36.5
2026-04-17 10:09:19 PM,KXATPCHALLENGERMATCH-26APR18BOLYUN-BOL,36,753,35,498,34,5316,33,7438,32,6336,37,8804,38,14366,39,7440,40,7631,42,690,36.5
2026-04-17 10:10:22 PM,KXATPCHALLENGERMATCH-26APR18BOLYUN-BOL,36,753,35,498,34,5316,33,7438,32,6336,37,8804,38,14366,39,7440,40,6881,42,690,36.5
2026-04-17 10:11:20 PM,KXATPCHALLENGERMATCH-26APR18BOLYUN-BOL,36,753,35,498,34,5316,33,7438,32,6336,37,8819,38,14366,39,7440,40,6881,42,690,36.5
2026-04-17 10:11:20 PM,KXATPCHALLENGERMATCH-26APR18BOLYUN-BOL,36,746,35,498,34,5316,33,7438,32,6336,37,8819,38,14366,39,7440,40,6881,42,690,36.5
2026-04-17 10:11:20 PM,KXATPCHALLENGERMATCH-26APR18BOLYUN-BOL,36,746,35,491,34,5316,33,7438,32,6336,37,8819,38,14366,39,7440,40,6881,42,690,36.5
2026-04-17 10:12:06 PM,KXATPCHALLENGERMATCH-26APR18BOLYUN-BOL,36,746,35,491,34,5316,33,7438,32,6336,37,8819,38,14366,39,7440,40,6381,42,690,36.5
2026-04-17 10:12:39 PM,KXATPCHALLENGERMATCH-26APR18BOLYUN-BOL,36,746,35,491,34,5316,33,7438,32,6336,37,8814,38,14366,39,7440,40,6381,42,690,36.5
2026-04-17 10:16:52 PM,KXATPCHALLENGERMATCH-26APR18BOLYUN-BOL,36,746,35,491,34,5316,33,7438,32,6336,37,8852,38,14366,39,7440,40,6381,42,690,36.5
2026-04-17 10:16:52 PM,KXATPCHALLENGERMATCH-26APR18BOLYUN-BOL,36,727,35,491,34,5316,33,7438,32,6336,37,8852,38,14366,39,7440,40,6381,42,690,36.5
2026-04-17 10:16:52 PM,KXATPCHALLENGERMATCH-26APR18BOLYUN-BOL,36,727,35,472,34,5316,33,7438,32,6336,37,8852,38,14366,39,7440,40,6381,42,690,36.5
2026-04-17 10:17:51 PM,KXATPCHALLENGERMATCH-26APR18BOLYUN-BOL,36,727,35,472,34,5316,33,7438,32,6336,37,8852,38,14366,39,7440,40,7081,42,690,36.5
2026-04-17 10:18:01 PM,KXATPCHALLENGERMATCH-26APR18BOLYUN-BOL,36,727,35,472,34,5316,33,7438,32,6336,37,8853,38,14366,39,7440,40,7081,42,690,36.5
2026-04-17 10:18:11 PM,KXATPCHALLENGERMATCH-26APR18BOLYUN-BOL,36,727,35,472,34,5316,33,7438,32,6336,37,8753,38,14366,39,7440,40,7081,42,690,36.5
2026-04-17 10:18:17 PM,KXATPCHALLENGERMATCH-26APR18BOLYUN-BOL,36,727,35,472,34,5316,33,7438,32,6336,37,8753,38,14366,39,7440,40,7131,42,690,36.5
2026-04-17 10:19:24 PM,KXATPCHALLENGERMATCH-26APR18BOLYUN-BOL,36,727,35,472,34,5316,33,7438,32,6336,37,8788,38,14366,39,7440,40,7131,42,690,36.5
2026-04-17 10:20:42 PM,KXATPCHALLENGERMATCH-26APR18BOLYUN-BOL,36,727,35,472,34,5316,33,7438,32,6336,37,8788,38,14366,39,7440,40,6431,42,690,36.5
2026-04-17 10:21:13 PM,KXATPCHALLENGERMATCH-26APR18BOLYUN-BOL,36,727,35,472,34,5316,33,7438,32,6336,37,8788,38,14366,39,7440,40,6381,42,690,36.5
2026-04-17 10:21:17 PM,KXATPCHALLENGERMATCH-26APR18BOLYUN-BOL,36,702,35,472,34,5316,33,7438,32,6336,37,8788,38,14366,39,7440,40,6381,42,690,36.5
2026-04-17 10:21:17 PM,KXATPCHALLENGERMATCH-26APR18BOLYUN-BOL,36,453,35,472,34,5316,33,7438,32,6336,37,8788,38,14366,39,7440,40,6381,42,690,36.5
2026-04-17 10:21:17 PM,KXATPCHALLENGERMATCH-26APR18BOLYUN-BOL,36,453,35,747,34,5316,33,7438,32,6336,37,8788,38,14366,39,7440,40,6381,42,690,36.5
2026-04-17 10:21:17 PM,KXATPCHALLENGERMATCH-26APR18BOLYUN-BOL,36,453,35,747,34,5316,33,7438,32,6336,37,8788,38,14091,39,7440,40,6381,42,690,36.5
2026-04-17 10:21:17 PM,KXATPCHALLENGERMATCH-26APR18BOLYUN-BOL,36,453,35,747,34,5316,33,7438,32,6336,37,9063,38,14091,39,7440,40,6381,42,690,36.5
2026-04-17 10:21:19 PM,KXATPCHALLENGERMATCH-26APR18BOLYUN-BOL,36,3,35,747,34,5316,33,7438,32,6336,37,9063,38,14091,39,7440,40,6381,42,690,36.5
2026-04-17 10:21:19 PM,KXATPCHALLENGERMATCH-26APR18BOLYUN-BOL,36,3,35,747,34,5766,33,7438,32,6336,37,9063,38,14091,39,7440,40,6381,42,690,36.5
2026-04-17 10:22:53 PM,KXATPCHALLENGERMATCH-26APR18BOLYUN-BOL,36,3,35,747,34,5766,33,7438,32,6336,37,9063,38,14091,39,7440,40,7081,42,690,36.5
2026-04-17 10:23:14 PM,KXATPCHALLENGERMATCH-26APR18BOLYUN-BOL,36,3,35,747,34,5766,33,7438,32,6336,37,9028,38,14091,39,7440,40,7081,42,690,36.5
2026-04-17 10:25:21 PM,KXATPCHALLENGERMATCH-26APR18BOLYUN-BOL,36,3,35,747,34,5766,33,7438,32,6336,37,9028,38,14091,39,7440,40,7581,42,690,36.5
2026-04-17 10:25:36 PM,KXATPCHALLENGERMATCH-26APR18BOLYUN-BOL,36,3,35,747,34,5766,33,7438,32,6336,37,9028,38,14091,39,7440,40,6881,42,690,36.5
2026-04-17 10:26:25 PM,KXATPCHALLENGERMATCH-26APR18BOLYUN-BOL,36,3,35,747,34,5766,33,7438,32,6336,37,9028,38,14091,39,7440,40,6381,42,690,36.5
2026-04-17 10:27:21 PM,KXATPCHALLENGERMATCH-26APR18BOLYUN-BOL,36,3,35,747,34,5766,33,7438,32,6336,37,9028,38,14091,39,7440,40,6681,42,690,36.5
2026-04-17 10:29:56 PM,KXATPCHALLENGERMATCH-26APR18BOLYUN-BOL,36,3,35,747,34,5766,33,7438,32,6336,37,8961,38,14091,39,7440,40,6681,42,690,36.5
2026-04-17 10:30:05 PM,KXATPCHALLENGERMATCH-26APR18BOLYUN-BOL,36,3,35,747,34,5766,33,7438,32,6336,37,8961,38,14091,39,7440,40,6381,42,690,36.5
2026-04-17 10:33:50 PM,KXATPCHALLENGERMATCH-26APR18BOLYUN-BOL,36,3,35,747,34,5766,33,7438,32,6336,37,8993,38,14091,39,7440,40,6381,42,690,36.5
2026-04-17 10:33:50 PM,KXATPCHALLENGERMATCH-26APR18BOLYUN-BOL,36,3,35,731,34,5766,33,7438,32,6336,37,8993,38,14091,39,7440,40,6381,42,690,36.5
2026-04-17 10:33:50 PM,KXATPCHALLENGERMATCH-26APR18BOLYUN-BOL,36,3,35,731,34,5750,33,7438,32,6336,37,8993,38,14091,39,7440,40,6381,42,690,36.5
2026-04-17 10:42:41 PM,KXATPCHALLENGERMATCH-26APR18BOLYUN-BOL,36,3,35,731,34,5750,33,7438,32,6336,37,8955,38,14091,39,7440,40,6381,42,690,36.5
2026-04-17 10:42:42 PM,KXATPCHALLENGERMATCH-26APR18BOLYUN-BOL,36,3,35,731,34,5750,33,7438,32,6336,37,8955,38,14091,39,7440,40,6881,42,690,36.5
2026-04-17 10:45:24 PM,KXATPCHALLENGERMATCH-26APR18BOLYUN-BOL,36,3,35,731,34,5750,33,7438,32,6336,37,8955,38,14091,39,7440,40,6381,42,690,36.5
2026-04-17 10:45:52 PM,KXATPCHALLENGERMATCH-26APR18BOLYUN-BOL,36,3,35,731,34,5750,33,7438,32,6336,37,8955,38,14091,39,7440,40,6431,42,690,36.5
2026-04-17 10:46:43 PM,KXATPCHALLENGERMATCH-26APR18BOLYUN-BOL,36,3,35,731,34,5750,33,7438,32,6336,37,8955,38,14091,39,7440,40,6381,42,690,36.5
2026-04-17 10:47:23 PM,KXATPCHALLENGERMATCH-26APR18BOLYUN-BOL,36,3,35,731,34,5750,33,7438,32,6336,37,8948,38,14091,39,7440,40,6381,42,690,36.5
2026-04-17 10:48:18 PM,KXATPCHALLENGERMATCH-26APR18BOLYUN-BOL,36,3,35,731,34,5750,33,7438,32,6336,37,8932,38,14091,39,7440,40,6381,42,690,36.5
2026-04-17 10:49:02 PM,KXATPCHALLENGERMATCH-26APR18BOLYUN-BOL,36,3,35,731,34,5750,33,7438,32,6336,37,8881,38,14091,39,7440,40,6381,42,690,36.5
2026-04-17 10:50:53 PM,KXATPCHALLENGERMATCH-26APR18BOLYUN-BOL,36,3,35,731,34,5750,33,7438,32,6336,37,8881,38,14091,39,7440,40,6881,42,690,36.5
2026-04-17 10:51:08 PM,KXATPCHALLENGERMATCH-26APR18BOLYUN-BOL,36,3,35,731,34,5750,33,7438,32,6336,37,8881,38,14091,39,7440,40,6381,42,690,36.5
2026-04-17 10:52:11 PM,KXATPCHALLENGERMATCH-26APR18BOLYUN-BOL,36,3,35,716,34,5750,33,7438,32,6336,37,8881,38,14091,39,7440,40,6381,42,690,36.5
2026-04-17 10:52:11 PM,KXATPCHALLENGERMATCH-26APR18BOLYUN-BOL,36,3,35,715,34,5750,33,7438,32,6336,37,8881,38,14091,39,7440,40,6381,42,690,36.5
2026-04-17 10:52:11 PM,KXATPCHALLENGERMATCH-26APR18BOLYUN-BOL,36,3,35,715,34,5750,33,7438,32,6336,37,8881,38,14091,39,7429,40,6381,42,690,36.5
2026-04-17 10:52:11 PM,KXATPCHALLENGERMATCH-26APR18BOLYUN-BOL,36,3,35,724,34,5750,33,7438,32,6336,37,8881,38,14091,39,7429,40,6381,42,690,36.5
2026-04-17 10:52:11 PM,KXATPCHALLENGERMATCH-26APR18BOLYUN-BOL,36,3,35,724,34,5750,33,7438,32,6336,37,8892,38,14091,39,7429,40,6381,42,690,36.5
2026-04-17 10:52:23 PM,KXATPCHALLENGERMATCH-26APR18BOLYUN-BOL,36,3,35,724,34,5750,33,7438,32,6336,37,8892,38,14091,39,7429,40,6381,47,100,36.5
2026-04-17 10:52:23 PM,KXATPCHALLENGERMATCH-26APR18BOLYUN-BOL,36,3,35,724,34,5750,33,7438,32,6336,37,8892,38,14091,39,7429,40,6931,47,100,36.5
2026-04-17 10:52:23 PM,KXATPCHALLENGERMATCH-26APR18BOLYUN-BOL,36,3,35,724,34,5750,33,7438,32,6336,37,8900,38,14091,39,7429,40,6931,47,100,36.5
2026-04-17 10:52:23 PM,KXATPCHALLENGERMATCH-26APR18BOLYUN-BOL,36,3,35,720,34,5750,33,7438,32,6336,37,8900,38,14091,39,7429,40,6931,47,100,36.5
2026-04-17 10:52:23 PM,KXATPCHALLENGERMATCH-26APR18BOLYUN-BOL,36,3,35,720,34,5746,33,7438,32,6336,37,8900,38,14091,39,7429,40,6931,47,100,36.5
2026-04-17 10:52:58 PM,KXATPCHALLENGERMATCH-26APR18BOLYUN-BOL,36,3,35,720,34,5746,33,7438,32,6336,37,8900,38,14091,39,7429,40,6931,43,3520,36.5
2026-04-17 10:53:23 PM,KXATPCHALLENGERMATCH-26APR18BOLYUN-BOL,36,3,35,720,34,5746,33,7438,32,6336,37,8900,38,14091,39,7429,40,6931,42,690,36.5
2026-04-17 10:54:09 PM,KXATPCHALLENGERMATCH-26APR18BOLYUN-BOL,36,3,35,720,34,5746,33,7438,32,6336,37,8900,38,14091,39,7429,40,6381,42,690,36.5
2026-04-17 10:54:11 PM,KXATPCHALLENGERMATCH-26APR18BOLYUN-BOL,36,3,35,720,34,5746,33,7438,32,6336,37,8900,38,14091,39,7429,40,6431,42,690,36.5
2026-04-17 10:54:44 PM,KXATPCHALLENGERMATCH-26APR18BOLYUN-BOL,36,3,35,720,34,5746,33,7438,32,6336,37,8900,38,14091,39,7429,40,6381,42,690,36.5
2026-04-17 10:55:50 PM,KXATPCHALLENGERMATCH-26APR18BOLYUN-BOL,36,3,35,720,34,5746,33,7438,32,6336,37,8898,38,14091,39,7429,40,6381,42,690,36.5
2026-04-17 10:56:59 PM,KXATPCHALLENGERMATCH-26APR18BOLYUN-BOL,36,3,35,720,34,5746,33,7438,32,6336,37,8870,38,14091,39,7429,40,6381,42,690,36.5
2026-04-17 10:57:01 PM,KXATPCHALLENGERMATCH-26APR18BOLYUN-BOL,36,3,35,720,34,5746,33,7438,32,6336,37,8865,38,14091,39,7429,40,6381,42,690,36.5
2026-04-17 10:58:14 PM,KXATPCHALLENGERMATCH-26APR18BOLYUN-BOL,36,3,35,720,34,5746,33,7438,32,6336,37,8955,38,14091,39,7429,40,6381,42,690,36.5
2026-04-17 10:58:15 PM,KXATPCHALLENGERMATCH-26APR18BOLYUN-BOL,36,3,35,691,34,5746,33,7438,32,6336,37,8955,38,14091,39,7429,40,6381,42,690,36.5
2026-04-17 10:58:15 PM,KXATPCHALLENGERMATCH-26APR18BOLYUN-BOL,36,3,35,676,34,5746,33,7438,32,6336,37,8955,38,14091,39,7429,40,6381,42,690,36.5
2026-04-17 10:58:15 PM,KXATPCHALLENGERMATCH-26APR18BOLYUN-BOL,36,3,35,676,34,5701,33,7438,32,6336,37,8955,38,14091,39,7429,40,6381,42,690,36.5
2026-04-17 11:03:56 PM,KXATPCHALLENGERMATCH-26APR18BOLYUN-BOL,36,3,35,676,34,5701,33,8830,32,6336,37,8955,38,14091,39,7429,40,6381,42,690,36.5
2026-04-17 11:03:56 PM,KXATPCHALLENGERMATCH-26APR18BOLYUN-BOL,36,3,35,676,34,4315,33,8830,32,6336,37,8955,38,14091,39,7429,40,6381,42,690,36.5
2026-04-17 11:03:56 PM,KXATPCHALLENGERMATCH-26APR18BOLYUN-BOL,36,3,35,676,34,4315,33,8830,32,6336,37,8955,38,14091,39,7429,40,6481,42,690,36.5
2026-04-17 11:03:57 PM,KXATPCHALLENGERMATCH-26APR18BOLYUN-BOL,36,3,35,676,34,4315,33,7438,32,6336,37,8955,38,14091,39,7429,40,6481,42,690,36.5
2026-04-17 11:04:02 PM,KXATPCHALLENGERMATCH-26APR18BOLYUN-BOL,36,3,35,676,34,4315,33,7438,32,6336,37,8958,38,14091,39,7429,40,6481,42,690,36.5
2026-04-17 11:04:03 PM,KXATPCHALLENGERMATCH-26APR18BOLYUN-BOL,36,3,35,675,34,4315,33,7438,32,6336,37,8958,38,14091,39,7429,40,6481,42,690,36.5
2026-04-17 11:04:03 PM,KXATPCHALLENGERMATCH-26APR18BOLYUN-BOL,36,3,35,675,34,4314,33,7438,32,6336,37,8958,38,14091,39,7429,40,6481,42,690,36.5
2026-04-17 11:04:08 PM,KXATPCHALLENGERMATCH-26APR18BOLYUN-BOL,36,3,35,675,34,5706,33,7438,32,6336,37,8958,38,14091,39,7429,40,6481,42,690,36.5
2026-04-17 11:06:41 PM,KXATPCHALLENGERMATCH-26APR18BOLYUN-BOL,36,3,35,675,34,5706,33,7438,32,6336,37,8958,38,14091,39,7429,40,6381,42,690,36.5
2026-04-17 11:06:55 PM,KXATPCHALLENGERMATCH-26APR18BOLYUN-BOL,36,3,35,675,34,5706,33,7438,32,6336,37,8894,38,14091,39,7429,40,6381,42,690,36.5
2026-04-17 11:12:30 PM,KXATPCHALLENGERMATCH-26APR18BOLYUN-BOL,36,3,35,674,34,5706,33,7438,32,6336,37,8894,38,14091,39,7429,40,6381,42,690,36.5
2026-04-17 11:18:40 PM,KXATPCHALLENGERMATCH-26APR18BOLYUN-BOL,36,3,35,674,34,5706,33,7438,32,6336,37,8924,38,14091,39,7429,40,6381,42,690,36.5
2026-04-17 11:18:40 PM,KXATPCHALLENGERMATCH-26APR18BOLYUN-BOL,36,3,35,659,34,5706,33,7438,32,6336,37,8924,38,14091,39,7429,40,6381,42,690,36.5
2026-04-17 11:18:40 PM,KXATPCHALLENGERMATCH-26APR18BOLYUN-BOL,36,3,35,659,34,5691,33,7438,32,6336,37,8924,38,14091,39,7429,40,6381,42,690,36.5
2026-04-17 11:19:54 PM,KXATPCHALLENGERMATCH-26APR18BOLYUN-BOL,36,3,35,659,34,5691,33,7438,32,6336,37,8897,38,14091,39,7429,40,6381,42,690,36.5
2026-04-17 11:24:20 PM,KXATPCHALLENGERMATCH-26APR18BOLYUN-BOL,36,3,35,659,34,5691,33,7438,32,6336,37,9013,38,14091,39,7429,40,6381,42,690,36.5
2026-04-17 11:24:22 PM,KXATPCHALLENGERMATCH-26APR18BOLYUN-BOL,36,3,35,640,34,5691,33,7438,32,6336,37,9013,38,14091,39,7429,40,6381,42,690,36.5
2026-04-17 11:24:22 PM,KXATPCHALLENGERMATCH-26APR18BOLYUN-BOL,36,3,35,615,34,5691,33,7438,32,6336,37,9013,38,14091,39,7429,40,6381,42,690,36.5
2026-04-17 11:24:22 PM,KXATPCHALLENGERMATCH-26APR18BOLYUN-BOL,36,3,35,602,34,5691,33,7438,32,6336,37,9013,38,14091,39,7429,40,6381,42,690,36.5
2026-04-17 11:24:22 PM,KXATPCHALLENGERMATCH-26APR18BOLYUN-BOL,36,3,35,602,34,5633,33,7438,32,6336,37,9013,38,14091,39,7429,40,6381,42,690,36.5
2026-04-17 11:27:59 PM,KXATPCHALLENGERMATCH-26APR18BOLYUN-BOL,36,3,35,600,34,5633,33,7438,32,6336,37,9013,38,14091,39,7429,40,6381,42,690,36.5
2026-04-17 11:27:59 PM,KXATPCHALLENGERMATCH-26APR18BOLYUN-BOL,36,3,35,453,34,5633,33,7438,32,6336,37,9013,38,14091,39,7429,40,6381,42,690,36.5
2026-04-17 11:27:59 PM,KXATPCHALLENGERMATCH-26APR18BOLYUN-BOL,36,3,35,600,34,5633,33,7438,32,6336,37,9013,38,14091,39,7429,40,6381,42,690,36.5
2026-04-17 11:27:59 PM,KXATPCHALLENGERMATCH-26APR18BOLYUN-BOL,36,3,35,600,34,5633,33,7438,32,6336,37,9160,38,14091,39,7429,40,6381,42,690,36.5
2026-04-17 11:28:00 PM,KXATPCHALLENGERMATCH-26APR18BOLYUN-BOL,36,3,35,537,34,5633,33,7438,32,6336,37,9160,38,14091,39,7429,40,6381,42,690,36.5
2026-04-17 11:28:00 PM,KXATPCHALLENGERMATCH-26APR18BOLYUN-BOL,36,3,35,534,34,5633,33,7438,32,6336,37,9160,38,14091,39,7429,40,6381,42,690,36.5
2026-04-17 11:28:00 PM,KXATPCHALLENGERMATCH-26APR18BOLYUN-BOL,36,3,35,457,34,5633,33,7438,32,6336,37,9160,38,14091,39,7429,40,6381,42,690,36.5
2026-04-17 11:28:00 PM,KXATPCHALLENGERMATCH-26APR18BOLYUN-BOL,36,3,35,439,34,5633,33,7438,32,6336,37,9160,38,14091,39,7429,40,6381,42,690,36.5
2026-04-17 11:28:00 PM,KXATPCHALLENGERMATCH-26APR18BOLYUN-BOL,36,3,35,292,34,5633,33,7438,32,6336,37,9160,38,14091,39,7429,40,6381,42,690,36.5
2026-04-17 11:28:00 PM,KXATPCHALLENGERMATCH-26APR18BOLYUN-BOL,36,3,35,292,34,5560,33,7438,32,6336,37,9160,38,14091,39,7429,40,6381,42,690,36.5
2026-04-17 11:28:00 PM,KXATPCHALLENGERMATCH-26APR18BOLYUN-BOL,36,3,35,292,34,5560,33,7674,32,6336,37,9160,38,14091,39,7429,40,6381,42,690,36.5
2026-04-17 11:28:56 PM,KXATPCHALLENGERMATCH-26APR18BOLYUN-BOL,36,3,35,292,34,5560,33,7674,32,6336,37,9195,38,14091,39,7429,40,6381,42,690,36.5
2026-04-17 11:28:56 PM,KXATPCHALLENGERMATCH-26APR18BOLYUN-BOL,36,3,35,327,34,5560,33,7674,32,6336,37,9195,38,14091,39,7429,40,6381,42,690,36.5
2026-04-17 11:32:51 PM,KXATPCHALLENGERMATCH-26APR18BOLYUN-BOL,36,3,35,327,34,5560,33,7674,32,6336,37,9160,38,14091,39,7429,40,6381,42,690,36.5
2026-04-17 11:32:51 PM,KXATPCHALLENGERMATCH-26APR18BOLYUN-BOL,36,3,35,292,34,5560,33,7674,32,6336,37,9160,38,14091,39,7429,40,6381,42,690,36.5
2026-04-17 11:33:11 PM,KXATPCHALLENGERMATCH-26APR18BOLYUN-BOL,36,3,35,292,34,5560,33,7438,32,6336,37,9160,38,14091,39,7429,40,6381,42,690,36.5
2026-04-17 11:33:11 PM,KXATPCHALLENGERMATCH-26APR18BOLYUN-BOL,36,3,35,528,34,5560,33,7438,32,6336,37,9160,38,14091,39,7429,40,6381,42,690,36.5
2026-04-17 11:33:12 PM,KXATPCHALLENGERMATCH-26APR18BOLYUN-BOL,36,3,35,292,34,5560,33,7438,32,6336,37,9160,38,14091,39,7429,40,6381,42,690,36.5
2026-04-17 11:33:12 PM,KXATPCHALLENGERMATCH-26APR18BOLYUN-BOL,36,3,35,292,34,5560,33,7674,32,6336,37,9160,38,14091,39,7429,40,6381,42,690,36.5
2026-04-17 11:33:12 PM,KXATPCHALLENGERMATCH-26APR18BOLYUN-BOL,36,3,35,292,34,5560,33,7438,32,6336,37,9160,38,14091,39,7429,40,6381,42,690,36.5
2026-04-17 11:33:12 PM,KXATPCHALLENGERMATCH-26APR18BOLYUN-BOL,36,3,35,528,34,5560,33,7438,32,6336,37,9160,38,14091,39,7429,40,6381,42,690,36.5
2026-04-17 11:33:13 PM,KXATPCHALLENGERMATCH-26APR18BOLYUN-BOL,36,3,35,292,34,5560,33,7438,32,6336,37,9160,38,14091,39,7429,40,6381,42,690,36.5
2026-04-17 11:33:13 PM,KXATPCHALLENGERMATCH-26APR18BOLYUN-BOL,36,3,35,292,34,5560,33,7674,32,6336,37,9160,38,14091,39,7429,40,6381,42,690,36.5
2026-04-17 11:33:13 PM,KXATPCHALLENGERMATCH-26APR18BOLYUN-BOL,36,3,35,292,34,5560,33,7438,32,6336,37,9160,38,14091,39,7429,40,6381,42,690,36.5
2026-04-17 11:33:13 PM,KXATPCHALLENGERMATCH-26APR18BOLYUN-BOL,36,3,35,528,34,5560,33,7438,32,6336,37,9160,38,14091,39,7429,40,6381,42,690,36.5
2026-04-17 11:34:58 PM,KXATPCHALLENGERMATCH-26APR18BOLYUN-BOL,36,3,35,528,34,5560,33,7438,32,6336,37,9153,38,14091,39,7429,40,6381,42,690,36.5
2026-04-17 11:38:34 PM,KXATPCHALLENGERMATCH-26APR18BOLYUN-BOL,36,3,35,528,34,5560,33,7438,32,6336,37,9127,38,14091,39,7429,40,6381,42,690,36.5
2026-04-17 11:38:34 PM,KXATPCHALLENGERMATCH-26APR18BOLYUN-BOL,36,3,35,528,34,5560,33,7438,32,6336,37,9011,38,14091,39,7429,40,6381,42,690,36.5
2026-04-17 11:38:35 PM,KXATPCHALLENGERMATCH-26APR18BOLYUN-BOL,36,3,35,528,34,5560,33,7438,32,6336,37,9994,38,14091,39,7429,40,6381,42,690,36.5
2026-04-17 11:38:35 PM,KXATPCHALLENGERMATCH-26APR18BOLYUN-BOL,36,3,35,528,34,5560,33,7438,32,6336,37,10111,38,14091,39,7429,40,6381,42,690,36.5
2026-04-17 11:38:35 PM,KXATPCHALLENGERMATCH-26APR18BOLYUN-BOL,36,3,35,528,34,5560,33,7438,32,6336,37,10228,38,14091,39,7429,40,6381,42,690,36.5
2026-04-17 11:39:13 PM,KXATPCHALLENGERMATCH-26APR18BOLYUN-BOL,36,3,35,528,34,5560,33,7438,32,6336,37,10111,38,14091,39,7429,40,6381,42,690,36.5
2026-04-17 11:41:27 PM,KXATPCHALLENGERMATCH-26APR18BOLYUN-BOL,36,3,35,528,34,5560,33,7438,32,6336,37,10146,38,14091,39,7429,40,6381,42,690,36.5
2026-04-17 11:43:40 PM,KXATPCHALLENGERMATCH-26APR18BOLYUN-BOL,36,3,35,528,34,5560,33,7438,32,6336,37,11146,38,14091,39,7429,40,6381,42,690,36.5
2026-04-17 11:43:45 PM,KXATPCHALLENGERMATCH-26APR18BOLYUN-BOL,36,3,35,528,34,5560,33,7438,32,6336,37,11146,38,15091,39,7429,40,6381,42,690,36.5
2026-04-17 11:43:45 PM,KXATPCHALLENGERMATCH-26APR18BOLYUN-BOL,36,3,35,528,34,5560,33,7438,32,6336,37,13146,38,15091,39,7429,40,6381,42,690,36.5
2026-04-17 11:45:02 PM,KXATPCHALLENGERMATCH-26APR18BOLYUN-BOL,36,3,35,528,34,5560,33,7438,32,6336,37,13111,38,15091,39,7429,40,6381,42,690,36.5
2026-04-17 11:49:35 PM,KXATPCHALLENGERMATCH-26APR18BOLYUN-BOL,36,3,35,528,34,5560,33,7438,32,6336,37,13064,38,15091,39,7429,40,6381,42,690,36.5
2026-04-17 11:49:36 PM,KXATPCHALLENGERMATCH-26APR18BOLYUN-BOL,36,3,35,528,34,4760,33,7438,32,6336,37,13064,38,15091,39,7429,40,6381,42,690,36.5
2026-04-17 11:49:36 PM,KXATPCHALLENGERMATCH-26APR18BOLYUN-BOL,36,3,35,528,34,4760,33,7438,32,6336,37,12947,38,15091,39,7429,40,6381,42,690,36.5
2026-04-17 11:49:36 PM,KXATPCHALLENGERMATCH-26APR18BOLYUN-BOL,36,3,35,528,34,4760,33,7438,32,6336,37,12311,38,15091,39,7429,40,6381,42,690,36.5
2026-04-17 11:49:36 PM,KXATPCHALLENGERMATCH-26APR18BOLYUN-BOL,36,3,35,528,34,4760,33,7438,32,6336,37,12311,38,15091,39,6629,40,6381,42,690,36.5
2026-04-17 11:49:36 PM,KXATPCHALLENGERMATCH-26APR18BOLYUN-BOL,36,3,35,528,34,4760,33,8238,32,6336,37,12311,38,15091,39,6629,40,6381,42,690,36.5
2026-04-17 11:49:36 PM,KXATPCHALLENGERMATCH-26APR18BOLYUN-BOL,36,3,35,1328,34,4760,33,8238,32,6336,37,12311,38,15091,39,6629,40,6381,42,690,36.5
2026-04-17 11:49:36 PM,KXATPCHALLENGERMATCH-26APR18BOLYUN-BOL,36,3,35,1328,34,4760,33,8238,32,6336,37,12311,38,15091,39,6629,40,6381,41,800,36.5
2026-04-17 11:49:36 PM,KXATPCHALLENGERMATCH-26APR18BOLYUN-BOL,36,3,35,1328,34,4760,33,8238,32,6336,37,12311,38,15891,39,6629,40,6381,41,800,36.5
2026-04-17 11:49:36 PM,KXATPCHALLENGERMATCH-26APR18BOLYUN-BOL,36,3,35,1328,34,4760,33,8238,32,6336,37,10311,38,15891,39,6629,40,6381,41,800,36.5
2026-04-17 11:49:36 PM,KXATPCHALLENGERMATCH-26APR18BOLYUN-BOL,36,3,35,1328,34,4760,33,8238,32,6336,37,12311,38,15891,39,6629,40,6381,41,800,36.5
2026-04-17 11:50:38 PM,KXATPCHALLENGERMATCH-26APR18BOLYUN-BOL,36,3,35,1328,34,4760,33,8238,32,6336,37,12296,38,15891,39,6629,40,6381,41,800,36.5
2026-04-17 11:50:38 PM,KXATPCHALLENGERMATCH-26APR18BOLYUN-BOL,36,3,35,1328,34,4760,33,8238,32,6336,37,12286,38,15891,39,6629,40,6381,41,800,36.5
2026-04-17 11:50:38 PM,KXATPCHALLENGERMATCH-26APR18BOLYUN-BOL,36,3,35,1335,34,4760,33,8238,32,6336,37,12286,38,15891,39,6629,40,6381,41,800,36.5
2026-04-17 11:50:38 PM,KXATPCHALLENGERMATCH-26APR18BOLYUN-BOL,36,3,35,1335,34,4767,33,8238,32,6336,37,12286,38,15891,39,6629,40,6381,41,800,36.5
2026-04-17 11:50:38 PM,KXATPCHALLENGERMATCH-26APR18BOLYUN-BOL,36,3,35,1340,34,4767,33,8238,32,6336,37,12286,38,15891,39,6629,40,6381,41,800,36.5
2026-04-17 11:50:38 PM,KXATPCHALLENGERMATCH-26APR18BOLYUN-BOL,36,3,35,1340,34,4772,33,8238,32,6336,37,12286,38,15891,39,6629,40,6381,41,800,36.5
2026-04-17 11:53:15 PM,KXATPCHALLENGERMATCH-26APR18BOLYUN-BOL,36,3,35,1340,34,4772,33,8238,32,6336,37,12284,38,15891,39,6629,40,6381,41,800,36.5
2026-04-17 11:53:16 PM,KXATPCHALLENGERMATCH-26APR18BOLYUN-BOL,36,3,35,1341,34,4772,33,8238,32,6336,37,12284,38,15891,39,6629,40,6381,41,800,36.5
2026-04-17 11:53:16 PM,KXATPCHALLENGERMATCH-26APR18BOLYUN-BOL,36,3,35,1341,34,4773,33,8238,32,6336,37,12284,38,15891,39,6629,40,6381,41,800,36.5
2026-04-17 11:55:29 PM,KXATPCHALLENGERMATCH-26APR18BOLYUN-BOL,36,3,35,1341,34,4773,33,8238,32,6336,37,12274,38,15891,39,6629,40,6381,41,800,36.5
2026-04-17 11:55:29 PM,KXATPCHALLENGERMATCH-26APR18BOLYUN-BOL,36,3,35,1341,34,4773,33,8238,32,6336,37,12264,38,15891,39,6629,40,6381,41,800,36.5
2026-04-17 11:55:29 PM,KXATPCHALLENGERMATCH-26APR18BOLYUN-BOL,36,3,35,1341,34,4773,33,8238,32,6336,37,12263,38,15891,39,6629,40,6381,41,800,36.5
2026-04-17 11:55:29 PM,KXATPCHALLENGERMATCH-26APR18BOLYUN-BOL,36,3,35,1341,34,4773,33,8238,32,6336,37,10781,38,15891,39,6629,40,6381,41,800,36.5
2026-04-17 11:55:29 PM,KXATPCHALLENGERMATCH-26APR18BOLYUN-BOL,36,3,35,1341,34,4773,33,8238,32,6336,37,10463,38,15891,39,6629,40,6381,41,800,36.5
2026-04-17 11:55:29 PM,KXATPCHALLENGERMATCH-26APR18BOLYUN-BOL,36,3,35,1341,34,4773,33,8238,32,6336,37,8463,38,15891,39,6629,40,6381,41,800,36.5
2026-04-17 11:55:29 PM,KXATPCHALLENGERMATCH-26APR18BOLYUN-BOL,36,3,35,2840,34,4773,33,8238,32,6336,37,8463,38,15891,39,6629,40,6381,41,800,36.5
2026-04-17 11:56:15 PM,KXATPCHALLENGERMATCH-26APR18BOLYUN-BOL,36,3,35,2850,34,4773,33,8238,32,6336,37,8463,38,15891,39,6629,40,6381,41,800,36.5
2026-04-17 11:56:15 PM,KXATPCHALLENGERMATCH-26APR18BOLYUN-BOL,36,3,35,2860,34,4773,33,8238,32,6336,37,8463,38,15891,39,6629,40,6381,41,800,36.5
2026-04-17 11:56:39 PM,KXATPCHALLENGERMATCH-26APR18BOLYUN-BOL,36,3,35,2060,34,4773,33,8238,32,6336,37,8463,38,15891,39,6629,40,6381,41,800,36.5
2026-04-17 11:56:39 PM,KXATPCHALLENGERMATCH-26APR18BOLYUN-BOL,36,3,35,2060,34,4773,33,7438,32,6336,37,8463,38,15891,39,6629,40,6381,41,800,36.5
2026-04-17 11:56:39 PM,KXATPCHALLENGERMATCH-26APR18BOLYUN-BOL,36,3,35,2060,34,5573,33,7438,32,6336,37,8463,38,15891,39,6629,40,6381,41,800,36.5
2026-04-17 11:59:58 PM,KXATPCHALLENGERMATCH-26APR18BOLYUN-BOL,36,3,35,2095,34,5573,33,7438,32,6336,37,8463,38,15891,39,6629,40,6381,41,800,36.5
2026-04-18 12:00:12 AM,KXATPCHALLENGERMATCH-26APR18BOLYUN-BOL,36,3,35,2095,34,5573,33,2438,32,6336,37,8463,38,15891,39,6629,40,6381,41,800,36.5
2026-04-18 12:00:12 AM,KXATPCHALLENGERMATCH-26APR18BOLYUN-BOL,36,3,35,2095,34,5573,33,2438,32,1336,37,8463,38,15891,39,6629,40,6381,41,800,36.5
2026-04-18 12:00:12 AM,KXATPCHALLENGERMATCH-26APR18BOLYUN-BOL,36,3,35,2095,34,5573,33,2438,32,1336,37,8463,38,15891,39,6629,40,1381,41,800,36.5
2026-04-18 12:00:12 AM,KXATPCHALLENGERMATCH-26APR18BOLYUN-BOL,36,3,35,2095,34,5573,33,2438,32,1336,37,8463,38,15891,39,1629,40,1381,41,800,36.5
2026-04-18 12:00:12 AM,KXATPCHALLENGERMATCH-26APR18BOLYUN-BOL,36,3,35,2095,34,5573,33,2438,32,1336,37,8463,38,13891,39,1629,40,1381,41,800,36.5
2026-04-18 12:00:19 AM,KXATPCHALLENGERMATCH-26APR18BOLYUN-BOL,36,3,35,2095,34,5573,33,2438,32,6336,37,8463,38,13891,39,1629,40,1381,41,800,36.5
2026-04-18 12:00:28 AM,KXATPCHALLENGERMATCH-26APR18BOLYUN-BOL,36,3,35,2095,34,5573,33,2438,32,1336,37,8463,38,13891,39,1629,40,1381,41,800,36.5
2026-04-18 12:00:38 AM,KXATPCHALLENGERMATCH-26APR18BOLYUN-BOL,36,3,35,2095,34,5573,33,7438,32,1336,37,8463,38,13891,39,1629,40,1381,41,800,36.5
2026-04-18 12:00:38 AM,KXATPCHALLENGERMATCH-26APR18BOLYUN-BOL,36,3,35,2095,34,5573,33,7438,32,6336,37,8463,38,13891,39,1629,40,1381,41,800,36.5
2026-04-18 12:00:38 AM,KXATPCHALLENGERMATCH-26APR18BOLYUN-BOL,36,3,35,2095,34,5573,33,7438,32,6336,37,8463,38,13891,39,6629,40,1381,41,800,36.5
2026-04-18 12:00:38 AM,KXATPCHALLENGERMATCH-26APR18BOLYUN-BOL,36,3,35,2095,34,5573,33,7438,32,6336,37,8463,38,13891,39,6629,40,6381,41,800,36.5
2026-04-18 12:00:38 AM,KXATPCHALLENGERMATCH-26APR18BOLYUN-BOL,36,3,35,2095,34,5573,33,7438,32,6336,37,8498,38,13891,39,6629,40,6381,41,800,36.5
2026-04-18 12:00:38 AM,KXATPCHALLENGERMATCH-26APR18BOLYUN-BOL,36,3,35,2095,34,5573,33,7438,32,6336,37,8498,38,15891,39,6629,40,6381,41,800,36.5
2026-04-18 12:00:52 AM,KXATPCHALLENGERMATCH-26APR18BOLYUN-BOL,36,3,35,2095,34,5573,33,7438,32,6339,37,8498,38,15891,39,6629,40,6381,41,800,36.5
2026-04-18 12:00:52 AM,KXATPCHALLENGERMATCH-26APR18BOLYUN-BOL,36,3,35,2095,34,5573,33,7438,32,6339,37,8498,38,15891,39,6629,40,6382,41,800,36.5
2026-04-18 12:00:52 AM,KXATPCHALLENGERMATCH-26APR18BOLYUN-BOL,36,3,35,2095,34,5573,33,7438,32,6339,37,8498,38,15891,39,6629,40,6382,41,801,36.5
2026-04-18 12:01:13 AM,KXATPCHALLENGERMATCH-26APR18BOLYUN-BOL,36,3,35,2060,34,5573,33,7438,32,6339,37,8498,38,15891,39,6629,40,6382,41,801,36.5
2026-04-18 12:01:13 AM,KXATPCHALLENGERMATCH-26APR18BOLYUN-BOL,36,3,35,2060,34,5573,33,7438,32,6339,37,8463,38,15891,39,6629,40,6382,41,801,36.5
2026-04-18 12:01:39 AM,KXATPCHALLENGERMATCH-26APR18BOLYUN-BOL,36,3,35,2060,34,5573,33,7438,32,6339,37,7428,38,15891,39,6629,40,6382,41,801,36.5
2026-04-18 12:02:11 AM,KXATPCHALLENGERMATCH-26APR18BOLYUN-BOL,36,3,35,2060,34,5573,33,8830,32,6339,37,7428,38,15891,39,6629,40,6382,41,801,36.5
2026-04-18 12:02:11 AM,KXATPCHALLENGERMATCH-26APR18BOLYUN-BOL,36,3,35,2060,34,4181,33,8830,32,6339,37,7428,38,15891,39,6629,40,6382,41,801,36.5
2026-04-18 12:02:20 AM,KXATPCHALLENGERMATCH-26APR18BOLYUN-BOL,36,3,35,2060,34,5573,33,8830,32,6339,37,7428,38,15891,39,6629,40,6382,41,801,36.5
2026-04-18 12:02:20 AM,KXATPCHALLENGERMATCH-26APR18BOLYUN-BOL,36,3,35,2060,34,5573,33,7438,32,6339,37,7428,38,15891,39,6629,40,6382,41,801,36.5
2026-04-18 12:05:21 AM,KXATPCHALLENGERMATCH-26APR18BOLYUN-BOL,36,3,35,2060,34,5573,33,7438,32,6339,37,7463,38,15891,39,6629,40,6382,41,801,36.5
2026-04-18 12:05:21 AM,KXATPCHALLENGERMATCH-26APR18BOLYUN-BOL,36,3,35,2095,34,5573,33,7438,32,6339,37,7463,38,15891,39,6629,40,6382,41,801,36.5
2026-04-18 12:06:13 AM,KXATPCHALLENGERMATCH-26APR18BOLYUN-BOL,36,3,35,2086,34,5573,33,7438,32,6339,37,7463,38,15891,39,6629,40,6382,41,801,36.5
2026-04-18 12:06:13 AM,KXATPCHALLENGERMATCH-26APR18BOLYUN-BOL,36,3,35,2086,34,5573,33,7449,32,6339,37,7463,38,15891,39,6629,40,6382,41,801,36.5
2026-04-18 12:07:11 AM,KXATPCHALLENGERMATCH-26APR18BOLYUN-BOL,36,3,35,2086,34,5573,33,7449,32,6339,37,7467,38,15891,39,6629,40,6382,41,801,36.5
2026-04-18 12:07:12 AM,KXATPCHALLENGERMATCH-26APR18BOLYUN-BOL,36,3,35,2085,34,5573,33,7449,32,6339,37,7467,38,15891,39,6629,40,6382,41,801,36.5
2026-04-18 12:07:12 AM,KXATPCHALLENGERMATCH-26APR18BOLYUN-BOL,36,3,35,2085,34,5572,33,7449,32,6339,37,7467,38,15891,39,6629,40,6382,41,801,36.5
2026-04-18 12:09:23 AM,KXATPCHALLENGERMATCH-26APR18BOLYUN-BOL,36,3,35,2085,34,5572,33,7449,32,6339,37,7432,38,15891,39,6629,40,6382,41,801,36.5
2026-04-18 12:09:23 AM,KXATPCHALLENGERMATCH-26APR18BOLYUN-BOL,36,3,35,2050,34,5572,33,7449,32,6339,37,7432,38,15891,39,6629,40,6382,41,801,36.5
2026-04-18 12:10:13 AM,KXATPCHALLENGERMATCH-26APR18BOLYUN-BOL,36,3,35,2050,34,5572,33,7449,32,6339,37,7244,38,15891,39,6629,40,6382,41,801,36.5
2026-04-18 12:11:02 AM,KXATPCHALLENGERMATCH-26APR18BOLYUN-BOL,36,3,35,2050,34,5572,33,7438,32,6339,37,7244,38,15891,39,6629,40,6382,41,801,36.5
2026-04-18 12:11:02 AM,KXATPCHALLENGERMATCH-26APR18BOLYUN-BOL,36,3,35,2059,34,5572,33,7438,32,6339,37,7244,38,15891,39,6629,40,6382,41,801,36.5
2026-04-18 12:11:33 AM,KXATPCHALLENGERMATCH-26APR18BOLYUN-BOL,36,3,35,2059,34,5572,33,7438,32,6339,37,7266,38,15891,39,6629,40,6382,41,801,36.5
2026-04-18 12:11:34 AM,KXATPCHALLENGERMATCH-26APR18BOLYUN-BOL,36,3,35,2055,34,5572,33,7438,32,6339,37,7266,38,15891,39,6629,40,6382,41,801,36.5
2026-04-18 12:11:34 AM,KXATPCHALLENGERMATCH-26APR18BOLYUN-BOL,36,3,35,2049,34,5572,33,7438,32,6339,37,7266,38,15891,39,6629,40,6382,41,801,36.5
2026-04-18 12:11:35 AM,KXATPCHALLENGERMATCH-26APR18BOLYUN-BOL,36,3,35,2049,34,5568,33,7438,32,6339,37,7266,38,15891,39,6629,40,6382,41,801,36.5
2026-04-18 12:11:35 AM,KXATPCHALLENGERMATCH-26APR18BOLYUN-BOL,36,3,35,2049,34,5562,33,7438,32,6339,37,7266,38,15891,39,6629,40,6382,41,801,36.5
2026-04-18 12:12:20 AM,KXATPCHALLENGERMATCH-26APR18BOLYUN-BOL,36,3,35,2049,34,5562,33,7438,32,6339,37,7261,38,15891,39,6629,40,6382,41,801,36.5
2026-04-18 12:13:15 AM,KXATPCHALLENGERMATCH-26APR18BOLYUN-BOL,36,3,35,2049,34,5562,33,7438,32,6339,37,7260,38,15891,39,6629,40,6382,41,801,36.5
2026-04-18 12:13:15 AM,KXATPCHALLENGERMATCH-26APR18BOLYUN-BOL,36,3,35,2049,34,5562,33,7438,32,6339,37,7256,38,15891,39,6629,40,6382,41,801,36.5
2026-04-18 12:13:15 AM,KXATPCHALLENGERMATCH-26APR18BOLYUN-BOL,36,3,35,2051,34,5562,33,7438,32,6339,37,7256,38,15891,39,6629,40,6382,41,801,36.5
2026-04-18 12:13:15 AM,KXATPCHALLENGERMATCH-26APR18BOLYUN-BOL,36,3,35,2051,34,5564,33,7438,32,6339,37,7256,38,15891,39,6629,40,6382,41,801,36.5
2026-04-18 12:13:16 AM,KXATPCHALLENGERMATCH-26APR18BOLYUN-BOL,36,3,35,2051,34,5564,33,7438,32,6339,37,7252,38,15891,39,6629,40,6382,41,801,36.5
2026-04-18 12:13:16 AM,KXATPCHALLENGERMATCH-26APR18BOLYUN-BOL,36,3,35,2053,34,5564,33,7438,32,6339,37,7252,38,15891,39,6629,40,6382,41,801,36.5
2026-04-18 12:13:16 AM,KXATPCHALLENGERMATCH-26APR18BOLYUN-BOL,36,3,35,2053,34,5566,33,7438,32,6339,37,7252,38,15891,39,6629,40,6382,41,801,36.5
2026-04-18 12:13:16 AM,KXATPCHALLENGERMATCH-26APR18BOLYUN-BOL,36,3,35,2053,34,5566,33,7438,32,6339,37,7248,38,15891,39,6629,40,6382,41,801,36.5
2026-04-18 12:13:16 AM,KXATPCHALLENGERMATCH-26APR18BOLYUN-BOL,36,3,35,2055,34,5566,33,7438,32,6339,37,7248,38,15891,39,6629,40,6382,41,801,36.5
2026-04-18 12:13:16 AM,KXATPCHALLENGERMATCH-26APR18BOLYUN-BOL,36,3,35,2055,34,5568,33,7438,32,6339,37,7248,38,15891,39,6629,40,6382,41,801,36.5
2026-04-18 12:13:19 AM,KXATPCHALLENGERMATCH-26APR18BOLYUN-BOL,36,3,35,2055,34,5568,33,7438,32,6339,37,7277,38,15891,39,6629,40,6382,41,801,36.5
2026-04-18 12:13:20 AM,KXATPCHALLENGERMATCH-26APR18BOLYUN-BOL,36,3,35,2053,34,5568,33,7438,32,6339,37,7277,38,15891,39,6629,40,6382,41,801,36.5
2026-04-18 12:13:20 AM,KXATPCHALLENGERMATCH-26APR18BOLYUN-BOL,36,3,35,2051,34,5568,33,7438,32,6339,37,7277,38,15891,39,6629,40,6382,41,801,36.5
2026-04-18 12:13:20 AM,KXATPCHALLENGERMATCH-26APR18BOLYUN-BOL,36,3,35,2049,34,5568,33,7438,32,6339,37,7277,38,15891,39,6629,40,6382,41,801,36.5
2026-04-18 12:13:21 AM,KXATPCHALLENGERMATCH-26APR18BOLYUN-BOL,36,3,35,2048,34,5568,33,7438,32,6339,37,7277,38,15891,39,6629,40,6382,41,801,36.5
2026-04-18 12:13:21 AM,KXATPCHALLENGERMATCH-26APR18BOLYUN-BOL,36,3,35,2042,34,5568,33,7438,32,6339,37,7277,38,15891,39,6629,40,6382,41,801,36.5
2026-04-18 12:13:21 AM,KXATPCHALLENGERMATCH-26APR18BOLYUN-BOL,36,3,35,2042,34,5566,33,7438,32,6339,37,7277,38,15891,39,6629,40,6382,41,801,36.5
2026-04-18 12:13:21 AM,KXATPCHALLENGERMATCH-26APR18BOLYUN-BOL,36,3,35,2042,34,5564,33,7438,32,6339,37,7277,38,15891,39,6629,40,6382,41,801,36.5
2026-04-18 12:13:21 AM,KXATPCHALLENGERMATCH-26APR18BOLYUN-BOL,36,3,35,2042,34,5562,33,7438,32,6339,37,7277,38,15891,39,6629,40,6382,41,801,36.5
2026-04-18 12:13:21 AM,KXATPCHALLENGERMATCH-26APR18BOLYUN-BOL,36,3,35,2042,34,5561,33,7438,32,6339,37,7277,38,15891,39,6629,40,6382,41,801,36.5
2026-04-18 12:13:21 AM,KXATPCHALLENGERMATCH-26APR18BOLYUN-BOL,36,3,35,2042,34,5555,33,7438,32,6339,37,7277,38,15891,39,6629,40,6382,41,801,36.5
2026-04-18 12:13:51 AM,KXATPCHALLENGERMATCH-26APR18BOLYUN-BOL,36,3,35,2042,34,5555,33,7438,32,6339,37,7312,38,15891,39,6629,40,6382,41,801,36.5
2026-04-18 12:14:09 AM,KXATPCHALLENGERMATCH-26APR18BOLYUN-BOL,36,3,35,2077,34,5555,33,7438,32,6339,37,7312,38,15891,39,6629,40,6382,41,801,36.5
2026-04-18 12:14:14 AM,KXATPCHALLENGERMATCH-26APR18BOLYUN-BOL,36,3,35,2077,34,5555,33,7438,32,6339,37,7322,38,15891,39,6629,40,6382,41,801,36.5
2026-04-18 12:16:21 AM,KXATPCHALLENGERMATCH-26APR18BOLYUN-BOL,36,3,35,2077,34,5555,33,7438,32,6339,37,8322,38,15891,39,6629,40,6382,41,801,36.5
2026-04-18 12:17:34 AM,KXATPCHALLENGERMATCH-26APR18BOLYUN-BOL,36,3,35,2077,34,5555,33,7438,32,6339,37,8287,38,15891,39,6629,40,6382,41,801,36.5
2026-04-18 12:17:34 AM,KXATPCHALLENGERMATCH-26APR18BOLYUN-BOL,36,3,35,2042,34,5555,33,7438,32,6339,37,8287,38,15891,39,6629,40,6382,41,801,36.5
2026-04-18 12:20:25 AM,KXATPCHALLENGERMATCH-26APR18BOLYUN-BOL,36,3,35,2042,34,5555,33,7438,32,6339,37,8287,38,15891,39,6629,40,6482,41,801,36.5
2026-04-18 12:22:24 AM,KXATPCHALLENGERMATCH-26APR18BOLYUN-BOL,36,3,35,2042,34,5555,33,7438,32,6339,37,8287,38,15891,39,8021,40,6482,41,801,36.5
2026-04-18 12:22:24 AM,KXATPCHALLENGERMATCH-26APR18BOLYUN-BOL,36,3,35,2042,34,5555,33,7438,32,6339,37,8287,38,14505,39,8021,40,6482,41,801,36.5
2026-04-18 12:22:24 AM,KXATPCHALLENGERMATCH-26APR18BOLYUN-BOL,36,3,35,2042,34,4163,33,7438,32,6339,37,8287,38,14505,39,8021,40,6482,41,801,36.5
2026-04-18 12:22:25 AM,KXATPCHALLENGERMATCH-26APR18BOLYUN-BOL,36,3,35,2042,34,5555,33,7438,32,6339,37,8287,38,14505,39,8021,40,6482,41,801,36.5
2026-04-18 12:22:25 AM,KXATPCHALLENGERMATCH-26APR18BOLYUN-BOL,36,3,35,2042,34,5555,33,7438,32,6339,37,8287,38,14505,39,6629,40,6482,41,801,36.5
2026-04-18 12:22:38 AM,KXATPCHALLENGERMATCH-26APR18BOLYUN-BOL,36,3,35,2042,34,5555,33,7438,32,6339,37,8287,38,15897,39,6629,40,6482,41,801,36.5
2026-04-18 12:23:12 AM,KXATPCHALLENGERMATCH-26APR18BOLYUN-BOL,36,3,35,2042,34,5555,33,7438,32,6339,37,8287,38,15897,39,6629,40,6382,41,801,36.5
2026-04-18 12:25:13 AM,KXATPCHALLENGERMATCH-26APR18BOLYUN-BOL,36,3,35,2042,34,5555,33,7438,32,6339,37,8294,38,15897,39,6629,40,6382,41,801,36.5
2026-04-18 12:25:13 AM,KXATPCHALLENGERMATCH-26APR18BOLYUN-BOL,36,3,35,2039,34,5555,33,7438,32,6339,37,8294,38,15897,39,6629,40,6382,41,801,36.5
2026-04-18 12:25:14 AM,KXATPCHALLENGERMATCH-26APR18BOLYUN-BOL,36,3,35,2039,34,5552,33,7438,32,6339,37,8294,38,15897,39,6629,40,6382,41,801,36.5
2026-04-18 12:25:36 AM,KXATPCHALLENGERMATCH-26APR18BOLYUN-BOL,36,3,35,2039,34,5552,33,8830,32,6339,37,8294,38,15897,39,6629,40,6382,41,801,36.5
2026-04-18 12:25:36 AM,KXATPCHALLENGERMATCH-26APR18BOLYUN-BOL,36,3,35,2039,34,4160,33,8830,32,6339,37,8294,38,15897,39,6629,40,6382,41,801,36.5
2026-04-18 12:25:37 AM,KXATPCHALLENGERMATCH-26APR18BOLYUN-BOL,36,3,35,2039,34,4160,33,8830,32,6339,37,8294,38,15897,39,6629,40,7032,41,801,36.5
2026-04-18 12:25:39 AM,KXATPCHALLENGERMATCH-26APR18BOLYUN-BOL,36,3,35,2039,34,4160,33,8830,32,6339,37,8294,38,15897,39,6629,40,6382,41,801,36.5
2026-04-18 12:25:44 AM,KXATPCHALLENGERMATCH-26APR18BOLYUN-BOL,36,3,35,2039,34,4160,33,7438,32,6339,37,8294,38,15897,39,6629,40,6382,41,801,36.5
2026-04-18 12:25:45 AM,KXATPCHALLENGERMATCH-26APR18BOLYUN-BOL,36,3,35,2039,34,5552,33,7438,32,6339,37,8294,38,15897,39,6629,40,6382,41,801,36.5
2026-04-18 12:26:22 AM,KXATPCHALLENGERMATCH-26APR18BOLYUN-BOL,36,3,35,2039,34,5552,33,7438,32,6339,37,8294,38,15897,39,8021,40,6382,41,801,36.5
2026-04-18 12:26:22 AM,KXATPCHALLENGERMATCH-26APR18BOLYUN-BOL,36,3,35,2039,34,4160,33,7438,32,6339,37,8294,38,15897,39,8021,40,6382,41,801,36.5
2026-04-18 12:26:22 AM,KXATPCHALLENGERMATCH-26APR18BOLYUN-BOL,36,3,35,2039,34,4160,33,7438,32,6339,37,8294,38,14505,39,8021,40,6382,41,801,36.5
2026-04-18 12:26:22 AM,KXATPCHALLENGERMATCH-26APR18BOLYUN-BOL,36,3,35,2039,34,5552,33,7438,32,6339,37,8294,38,14505,39,8021,40,6382,41,801,36.5
2026-04-18 12:26:23 AM,KXATPCHALLENGERMATCH-26APR18BOLYUN-BOL,36,3,35,2039,34,5552,33,7438,32,6339,37,8294,38,14505,39,6629,40,6382,41,801,36.5
2026-04-18 12:26:41 AM,KXATPCHALLENGERMATCH-26APR18BOLYUN-BOL,36,3,35,2039,34,5552,33,7438,32,6339,37,8225,38,14505,39,6629,40,6382,41,801,36.5
2026-04-18 12:26:41 AM,KXATPCHALLENGERMATCH-26APR18BOLYUN-BOL,36,3,35,2039,34,5552,33,7438,32,6339,37,8225,38,15897,39,6629,40,6382,41,801,36.5
2026-04-18 12:27:18 AM,KXATPCHALLENGERMATCH-26APR18BOLYUN-BOL,36,3,35,2039,34,5552,33,7438,32,6339,37,7843,38,15897,39,6629,40,6382,41,801,36.5
2026-04-18 12:27:18 AM,KXATPCHALLENGERMATCH-26APR18BOLYUN-BOL,36,3,35,2039,34,5552,33,7438,32,6339,37,7708,38,15897,39,6629,40,6382,41,801,36.5
2026-04-18 12:27:18 AM,KXATPCHALLENGERMATCH-26APR18BOLYUN-BOL,36,3,35,2039,34,5552,33,7438,32,6339,37,9708,38,15897,39,6629,40,6382,41,801,36.5
2026-04-18 12:28:45 AM,KXATPCHALLENGERMATCH-26APR18BOLYUN-BOL,36,3,35,2039,34,5552,33,7438,32,6339,37,9709,38,15897,39,6629,40,6382,41,801,36.5
2026-04-18 12:29:48 AM,KXATPCHALLENGERMATCH-26APR18BOLYUN-BOL,36,3,35,2039,34,5552,33,7438,32,6339,37,9744,38,15897,39,6629,40,6382,41,801,36.5
2026-04-18 12:29:50 AM,KXATPCHALLENGERMATCH-26APR18BOLYUN-BOL,36,3,35,2074,34,5552,33,7438,32,6339,37,9744,38,15897,39,6629,40,6382,41,801,36.5
2026-04-18 12:30:15 AM,KXATPCHALLENGERMATCH-26APR18BOLYUN-BOL,36,3,35,2074,34,5552,33,7438,32,6339,37,9644,38,15897,39,6629,40,6382,41,801,36.5
2026-04-18 12:30:15 AM,KXATPCHALLENGERMATCH-26APR18BOLYUN-BOL,36,3,35,2074,34,5552,33,7438,32,6339,37,9609,38,15897,39,6629,40,6382,41,801,36.5
2026-04-18 12:30:31 AM,KXATPCHALLENGERMATCH-26APR18BOLYUN-BOL,36,3,35,2074,34,5552,33,7438,32,6339,37,9644,38,15897,39,6629,40,6382,41,801,36.5
2026-04-18 12:30:39 AM,KXATPCHALLENGERMATCH-26APR18BOLYUN-BOL,36,3,35,2074,34,5552,33,7438,32,6339,37,9644,38,15897,39,8015,40,6382,41,801,36.5
2026-04-18 12:30:39 AM,KXATPCHALLENGERMATCH-26APR18BOLYUN-BOL,36,3,35,2074,34,5552,33,7438,32,6339,37,9644,38,14505,39,8015,40,6382,41,801,36.5
2026-04-18 12:30:39 AM,KXATPCHALLENGERMATCH-26APR18BOLYUN-BOL,36,3,35,2074,34,5552,33,7438,32,6339,37,9644,38,14505,39,8015,40,6382,41,5801,36.5
2026-04-18 12:30:39 AM,KXATPCHALLENGERMATCH-26APR18BOLYUN-BOL,36,3,35,2074,34,5552,33,7438,32,6339,37,9644,38,14505,39,3015,40,6382,41,5801,36.5
2026-04-18 12:30:39 AM,KXATPCHALLENGERMATCH-26APR18BOLYUN-BOL,36,3,35,2074,34,5552,33,7438,32,6339,37,9644,38,12505,39,3015,40,6382,41,5801,36.5
2026-04-18 12:30:39 AM,KXATPCHALLENGERMATCH-26APR18BOLYUN-BOL,36,3,35,2074,34,5552,33,7438,32,6339,37,9644,38,12505,39,2998,40,6382,41,5801,36.5
2026-04-18 12:30:39 AM,KXATPCHALLENGERMATCH-26APR18BOLYUN-BOL,36,3,35,2074,34,5552,33,7438,32,6339,37,9644,38,12505,39,2998,40,6338,41,5801,36.5
2026-04-18 12:30:39 AM,KXATPCHALLENGERMATCH-26APR18BOLYUN-BOL,36,3,35,2074,34,5552,33,7438,32,6339,37,9644,38,12505,39,2998,40,6282,41,5801,36.5
2026-04-18 12:30:39 AM,KXATPCHALLENGERMATCH-26APR18BOLYUN-BOL,36,3,35,2074,34,5552,33,7438,32,6339,37,9644,38,12505,39,2998,40,6250,41,5801,36.5
2026-04-18 12:30:39 AM,KXATPCHALLENGERMATCH-26APR18BOLYUN-BOL,36,3,35,2074,34,5552,33,7438,32,6339,37,9644,38,12505,39,2998,40,6197,41,5801,36.5
2026-04-18 12:30:39 AM,KXATPCHALLENGERMATCH-26APR18BOLYUN-BOL,36,3,35,2074,34,5552,33,7438,32,6339,37,9644,38,12505,39,2998,40,1197,41,5801,36.5
2026-04-18 12:30:39 AM,KXATPCHALLENGERMATCH-26APR18BOLYUN-BOL,36,3,35,2074,34,5552,33,7438,32,6339,37,9644,38,12505,39,2998,40,1197,41,801,36.5
2026-04-18 12:30:39 AM,KXATPCHALLENGERMATCH-26APR18BOLYUN-BOL,36,3,35,2074,34,5552,33,7463,32,6339,37,9644,38,12505,39,2998,40,1197,41,801,36.5
2026-04-18 12:30:39 AM,KXATPCHALLENGERMATCH-26APR18BOLYUN-BOL,36,3,35,2074,34,5552,33,7463,32,6373,37,9644,38,12505,39,2998,40,1197,41,801,36.5
2026-04-18 12:30:40 AM,KXATPCHALLENGERMATCH-26APR18BOLYUN-BOL,36,3,35,2998,34,5552,33,7463,32,6373,37,9644,38,12505,39,2998,40,1197,41,801,36.5
2026-04-18 12:30:40 AM,KXATPCHALLENGERMATCH-26APR18BOLYUN-BOL,36,3,35,2998,34,5552,33,7463,32,5947,37,9644,38,12505,39,2998,40,1197,41,801,36.5
2026-04-18 12:30:40 AM,KXATPCHALLENGERMATCH-26APR18BOLYUN-BOL,36,3,35,2998,34,5552,33,7463,32,5947,37,8661,38,12505,39,2998,40,1197,41,801,36.5
2026-04-18 12:30:43 AM,KXATPCHALLENGERMATCH-26APR18BOLYUN-BOL,36,3,35,2998,34,5552,33,7463,32,5947,37,8661,38,12505,39,2998,40,6197,41,801,36.5
2026-04-18 12:30:43 AM,KXATPCHALLENGERMATCH-26APR18BOLYUN-BOL,36,3,35,2998,34,5552,33,7463,32,5947,37,8661,38,12505,39,2998,40,6197,41,5801,36.5
2026-04-18 12:30:43 AM,KXATPCHALLENGERMATCH-26APR18BOLYUN-BOL,36,3,35,2998,34,5552,33,7463,32,5947,37,6661,38,12505,39,2998,40,6197,41,5801,36.5
2026-04-18 12:30:43 AM,KXATPCHALLENGERMATCH-26APR18BOLYUN-BOL,36,3,35,2998,34,5552,33,6463,32,5947,37,6661,38,12505,39,2998,40,6197,41,5801,36.5
2026-04-18 12:30:43 AM,KXATPCHALLENGERMATCH-26APR18BOLYUN-BOL,36,3,35,2998,34,3552,33,6463,32,5947,37,6661,38,12505,39,2998,40,6197,41,5801,36.5
2026-04-18 12:30:43 AM,KXATPCHALLENGERMATCH-26APR18BOLYUN-BOL,36,3,35,4998,34,3552,33,6463,32,5947,37,6661,38,12505,39,2998,40,6197,41,5801,36.5
2026-04-18 12:30:43 AM,KXATPCHALLENGERMATCH-26APR18BOLYUN-BOL,36,3,35,4998,34,4552,33,6463,32,5947,37,6661,38,12505,39,2998,40,6197,41,5801,36.5
2026-04-18 12:30:43 AM,KXATPCHALLENGERMATCH-26APR18BOLYUN-BOL,36,3,35,4723,34,4552,33,6463,32,5947,37,6661,38,12505,39,2998,40,6197,41,5801,36.5
2026-04-18 12:30:43 AM,KXATPCHALLENGERMATCH-26APR18BOLYUN-BOL,36,278,35,4723,34,4552,33,6463,32,5947,37,6661,38,12505,39,2998,40,6197,41,5801,36.5
2026-04-18 12:30:43 AM,KXATPCHALLENGERMATCH-26APR18BOLYUN-BOL,36,278,35,4723,34,4552,33,6463,32,5947,37,6386,38,12505,39,2998,40,6197,41,5801,36.5
2026-04-18 12:30:43 AM,KXATPCHALLENGERMATCH-26APR18BOLYUN-BOL,36,278,35,4723,34,4552,33,6463,32,5947,37,6386,38,12780,39,2998,40,6197,41,5801,36.5
2026-04-18 12:30:43 AM,KXATPCHALLENGERMATCH-26APR18BOLYUN-BOL,36,278,35,4723,34,3752,33,6463,32,5947,37,6386,38,12780,39,2998,40,6197,41,5801,36.5
2026-04-18 12:30:43 AM,KXATPCHALLENGERMATCH-26APR18BOLYUN-BOL,36,278,35,5523,34,3752,33,6463,32,5947,37,6386,38,12780,39,2998,40,6197,41,5801,36.5
2026-04-18 12:30:43 AM,KXATPCHALLENGERMATCH-26APR18BOLYUN-BOL,36,278,35,5523,34,3752,33,7263,32,5947,37,6386,38,12780,39,2998,40,6197,41,5801,36.5
2026-04-18 12:30:46 AM,KXATPCHALLENGERMATCH-26APR18BOLYUN-BOL,36,278,35,5523,34,3752,33,7263,32,5947,37,6491,38,12780,39,2998,40,6197,41,5801,36.5
2026-04-18 12:30:46 AM,KXATPCHALLENGERMATCH-26APR18BOLYUN-BOL,36,278,35,5471,34,3752,33,7263,32,5947,37,6491,38,12780,39,2998,40,6197,41,5801,36.5
2026-04-18 12:30:46 AM,KXATPCHALLENGERMATCH-26APR18BOLYUN-BOL,36,278,35,5471,34,3700,33,7263,32,5947,37,6491,38,12780,39,2998,40,6197,41,5801,36.5
2026-04-18 12:30:49 AM,KXATPCHALLENGERMATCH-26APR18BOLYUN-BOL,36,278,35,5471,34,3700,33,7263,32,5947,37,6491,38,14166,39,2998,40,6197,41,5801,36.5
2026-04-18 12:30:49 AM,KXATPCHALLENGERMATCH-26APR18BOLYUN-BOL,36,278,35,5471,34,3700,33,7263,32,5947,37,6491,38,14166,39,1612,40,6197,41,5801,36.5
2026-04-18 12:30:57 AM,KXATPCHALLENGERMATCH-26APR18BOLYUN-BOL,36,278,35,5471,34,3700,33,7263,32,5947,37,6491,38,14166,39,2998,40,6197,41,5801,36.5
2026-04-18 12:30:57 AM,KXATPCHALLENGERMATCH-26APR18BOLYUN-BOL,36,278,35,5471,34,3700,33,7263,32,5947,37,6491,38,12780,39,2998,40,6197,41,5801,36.5
2026-04-18 12:30:58 AM,KXATPCHALLENGERMATCH-26APR18BOLYUN-BOL,36,278,35,5471,34,3700,33,7263,32,5947,37,6491,38,12780,39,1612,40,6197,41,5801,36.5
2026-04-18 12:30:58 AM,KXATPCHALLENGERMATCH-26APR18BOLYUN-BOL,36,278,35,5471,34,3700,33,7263,32,5947,37,6491,38,10780,39,1612,40,6197,41,5801,36.5
2026-04-18 12:31:06 AM,KXATPCHALLENGERMATCH-26APR18BOLYUN-BOL,36,278,35,5471,34,3700,33,7263,32,5947,37,6491,38,12166,39,1612,40,6197,41,5801,36.5
2026-04-18 12:31:07 AM,KXATPCHALLENGERMATCH-26APR18BOLYUN-BOL,36,278,35,5471,34,3700,33,7263,32,5947,37,6491,38,14166,39,1612,40,6197,41,5801,36.5
2026-04-18 12:31:09 AM,KXATPCHALLENGERMATCH-26APR18BOLYUN-BOL,36,278,35,5471,34,3700,33,7263,32,5947,37,6491,38,14166,39,1612,40,6193,41,5801,36.5
2026-04-18 12:31:09 AM,KXATPCHALLENGERMATCH-26APR18BOLYUN-BOL,36,278,35,5471,34,3700,33,7263,32,5947,37,6491,38,14166,39,1612,40,6189,41,5801,36.5
2026-04-18 12:31:09 AM,KXATPCHALLENGERMATCH-26APR18BOLYUN-BOL,36,278,35,5471,34,3700,33,7263,32,5947,37,6491,38,14166,39,1612,40,6185,41,5801,36.5
2026-04-18 12:31:40 AM,KXATPCHALLENGERMATCH-26APR18BOLYUN-BOL,36,278,35,5471,34,3710,33,7263,32,5947,37,6491,38,14166,39,1612,40,6185,41,5801,36.5
2026-04-18 12:31:40 AM,KXATPCHALLENGERMATCH-26APR18BOLYUN-BOL,36,278,35,5461,34,3710,33,7263,32,5947,37,6491,38,14166,39,1612,40,6185,41,5801,36.5
2026-04-18 12:31:40 AM,KXATPCHALLENGERMATCH-26APR18BOLYUN-BOL,36,278,35,5451,34,3710,33,7263,32,5947,37,6491,38,14166,39,1612,40,6185,41,5801,36.5
2026-04-18 12:32:09 AM,KXATPCHALLENGERMATCH-26APR18BOLYUN-BOL,36,278,35,5451,34,3710,33,7263,32,5947,37,6529,38,14166,39,1612,40,6185,41,5801,36.5
2026-04-18 12:32:09 AM,KXATPCHALLENGERMATCH-26APR18BOLYUN-BOL,36,278,35,5432,34,3710,33,7263,32,5947,37,6529,38,14166,39,1612,40,6185,41,5801,36.5
2026-04-18 12:32:09 AM,KXATPCHALLENGERMATCH-26APR18BOLYUN-BOL,36,278,35,5432,34,3691,33,7263,32,5947,37,6529,38,14166,39,1612,40,6185,41,5801,36.5
2026-04-18 12:32:43 AM,KXATPCHALLENGERMATCH-26APR18BOLYUN-BOL,36,278,35,6818,34,3691,33,7263,32,5947,37,6529,38,14166,39,1612,40,6185,41,5801,36.5
2026-04-18 12:32:43 AM,KXATPCHALLENGERMATCH-26APR18BOLYUN-BOL,36,278,35,6818,34,3691,33,7263,32,5947,37,6529,38,14166,39,2998,40,6185,41,5801,36.5
2026-04-18 12:32:43 AM,KXATPCHALLENGERMATCH-26APR18BOLYUN-BOL,36,278,35,6818,34,3691,33,7263,32,5947,37,6529,38,12780,39,2998,40,6185,41,5801,36.5
2026-04-18 12:32:43 AM,KXATPCHALLENGERMATCH-26APR18BOLYUN-BOL,36,278,35,6818,34,2299,33,7263,32,5947,37,6529,38,12780,39,2998,40,6185,41,5801,36.5
2026-04-18 12:32:44 AM,KXATPCHALLENGERMATCH-26APR18BOLYUN-BOL,36,278,35,5432,34,2299,33,7263,32,5947,37,6529,38,12780,39,2998,40,6185,41,5801,36.5
2026-04-18 12:32:45 AM,KXATPCHALLENGERMATCH-26APR18BOLYUN-BOL,36,278,35,5432,34,2299,33,7263,32,5947,37,6529,38,12780,39,1612,40,6185,41,5801,36.5
2026-04-18 12:32:45 AM,KXATPCHALLENGERMATCH-26APR18BOLYUN-BOL,36,278,35,5432,34,2299,33,7263,32,5947,37,6529,38,10780,39,1612,40,6185,41,5801,36.5
2026-04-18 12:32:55 AM,KXATPCHALLENGERMATCH-26APR18BOLYUN-BOL,36,278,35,5432,34,3685,33,7263,32,5947,37,6529,38,10780,39,1612,40,6185,41,5801,36.5
2026-04-18 12:32:55 AM,KXATPCHALLENGERMATCH-26APR18BOLYUN-BOL,36,278,35,5432,34,3685,33,7263,32,5947,37,6529,38,12166,39,1612,40,6185,41,5801,36.5
2026-04-18 12:32:55 AM,KXATPCHALLENGERMATCH-26APR18BOLYUN-BOL,36,278,35,5432,34,3685,33,7263,32,5947,37,6529,38,14166,39,1612,40,6185,41,5801,36.5
2026-04-18 12:32:55 AM,KXATPCHALLENGERMATCH-26APR18BOLYUN-BOL,36,278,35,5432,34,3685,33,7263,32,5947,37,6574,38,14166,39,1612,40,6185,41,5801,36.5
2026-04-18 12:32:55 AM,KXATPCHALLENGERMATCH-26APR18BOLYUN-BOL,36,278,35,5410,34,3685,33,7263,32,5947,37,6574,38,14166,39,1612,40,6185,41,5801,36.5
2026-04-18 12:32:55 AM,KXATPCHALLENGERMATCH-26APR18BOLYUN-BOL,36,278,35,5410,34,3663,33,7263,32,5947,37,6574,38,14166,39,1612,40,6185,41,5801,36.5
2026-04-18 12:34:53 AM,KXATPCHALLENGERMATCH-26APR18BOLYUN-BOL,36,278,35,5410,34,3663,33,7263,32,5947,37,6577,38,14166,39,1612,40,6185,41,5801,36.5
2026-04-18 12:34:53 AM,KXATPCHALLENGERMATCH-26APR18BOLYUN-BOL,36,278,35,5409,34,3663,33,7263,32,5947,37,6577,38,14166,39,1612,40,6185,41,5801,36.5
2026-04-18 12:34:54 AM,KXATPCHALLENGERMATCH-26APR18BOLYUN-BOL,36,278,35,5409,34,3662,33,7263,32,5947,37,6577,38,14166,39,1612,40,6185,41,5801,36.5
2026-04-18 12:37:40 AM,KXATPCHALLENGERMATCH-26APR18BOLYUN-BOL,36,278,35,5409,34,3662,33,7263,32,5947,37,6577,38,14166,39,1612,40,7285,41,5801,36.5
2026-04-18 12:37:47 AM,KXATPCHALLENGERMATCH-26APR18BOLYUN-BOL,36,278,35,5374,34,3662,33,7263,32,5947,37,6577,38,14166,39,1612,40,7285,41,5801,36.5
2026-04-18 12:37:47 AM,KXATPCHALLENGERMATCH-26APR18BOLYUN-BOL,36,278,35,5374,34,3662,33,7263,32,5947,37,6542,38,14166,39,1612,40,7285,41,5801,36.5
2026-04-18 12:40:32 AM,KXATPCHALLENGERMATCH-26APR18BOLYUN-BOL,36,278,35,5374,34,3662,33,7263,32,5947,37,6542,38,14166,39,1612,40,6185,41,5801,36.5
2026-04-18 12:41:45 AM,KXATPCHALLENGERMATCH-26APR18BOLYUN-BOL,36,278,35,5365,34,3662,33,7263,32,5947,37,6542,38,14166,39,1612,40,6185,41,5801,36.5
2026-04-18 12:41:45 AM,KXATPCHALLENGERMATCH-26APR18BOLYUN-BOL,36,278,35,5365,34,3662,33,7274,32,5947,37,6542,38,14166,39,1612,40,6185,41,5801,36.5
2026-04-18 12:41:45 AM,KXATPCHALLENGERMATCH-26APR18BOLYUN-BOL,36,278,35,5365,34,3662,33,7274,32,5947,37,6546,38,14166,39,1612,40,6185,41,5801,36.5
2026-04-18 12:41:45 AM,KXATPCHALLENGERMATCH-26APR18BOLYUN-BOL,36,278,35,5365,34,3662,33,7274,32,5947,37,6552,38,14166,39,1612,40,6185,41,5801,36.5
2026-04-18 12:42:40 AM,KXATPCHALLENGERMATCH-26APR18BOLYUN-BOL,36,278,35,5365,34,3662,33,7274,32,5947,37,6527,38,14166,39,1612,40,6185,41,5801,36.5
2026-04-18 12:42:49 AM,KXATPCHALLENGERMATCH-26APR18BOLYUN-BOL,36,278,35,5365,34,3662,33,7274,32,5947,37,6527,38,14166,39,1662,40,6185,41,5801,36.5
2026-04-18 12:43:48 AM,KXATPCHALLENGERMATCH-26APR18BOLYUN-BOL,36,278,35,5365,34,3662,33,7274,32,5947,37,6527,38,14166,39,2512,40,6185,41,5801,36.5
2026-04-18 12:45:47 AM,KXATPCHALLENGERMATCH-26APR18BOLYUN-BOL,36,278,35,5365,34,3662,33,7274,32,5947,37,6527,38,14166,39,2462,40,6185,41,5801,36.5
2026-04-18 12:46:29 AM,KXATPCHALLENGERMATCH-26APR18BOLYUN-BOL,36,278,35,5365,34,3662,33,7274,32,5947,37,6744,38,14166,39,2462,40,6185,41,5801,36.5
2026-04-18 12:46:29 AM,KXATPCHALLENGERMATCH-26APR18BOLYUN-BOL,36,278,35,5257,34,3662,33,7274,32,5947,37,6744,38,14166,39,2462,40,6185,41,5801,36.5
2026-04-18 12:46:29 AM,KXATPCHALLENGERMATCH-26APR18BOLYUN-BOL,36,278,35,5257,34,3554,33,7274,32,5947,37,6744,38,14166,39,2462,40,6185,41,5801,36.5
2026-04-18 12:46:30 AM,KXATPCHALLENGERMATCH-26APR18BOLYUN-BOL,36,278,35,5257,34,3554,33,7274,32,5947,37,6744,38,14166,39,1612,40,6185,41,5801,36.5
2026-04-18 12:47:22 AM,KXATPCHALLENGERMATCH-26APR18BOLYUN-BOL,36,278,35,5257,34,3554,33,7274,32,5947,37,6744,38,12166,39,1612,40,6185,41,5801,36.5
2026-04-18 12:47:22 AM,KXATPCHALLENGERMATCH-26APR18BOLYUN-BOL,36,278,35,5257,34,3554,33,7274,32,5947,37,6744,38,11166,39,1612,40,6185,41,5801,36.5
2026-04-18 12:47:22 AM,KXATPCHALLENGERMATCH-26APR18BOLYUN-BOL,36,278,35,5257,34,2554,33,7274,32,5947,37,6744,38,11166,39,1612,40,6185,41,5801,36.5
2026-04-18 12:47:22 AM,KXATPCHALLENGERMATCH-26APR18BOLYUN-BOL,36,278,35,5257,34,2554,33,7274,32,5947,37,6744,38,9166,39,1612,40,6185,41,5801,36.5
2026-04-18 12:47:22 AM,KXATPCHALLENGERMATCH-26APR18BOLYUN-BOL,36,278,35,3257,34,2554,33,7274,32,5947,37,6744,38,9166,39,1612,40,6185,41,5801,36.5
2026-04-18 12:47:22 AM,KXATPCHALLENGERMATCH-26APR18BOLYUN-BOL,36,278,35,3257,34,2554,33,7274,32,5947,37,5006,38,9166,39,1612,40,6185,41,5801,36.5
2026-04-18 12:47:22 AM,KXATPCHALLENGERMATCH-26APR18BOLYUN-BOL,36,278,35,3257,34,2554,33,7274,32,5947,37,5006,38,7166,39,1612,40,6185,41,5801,36.5
2026-04-18 12:47:22 AM,KXATPCHALLENGERMATCH-26APR18BOLYUN-BOL,36,278,35,3257,34,2554,33,7274,32,5947,37,3006,38,7166,39,1612,40,6185,41,5801,36.5
2026-04-18 12:47:22 AM,KXATPCHALLENGERMATCH-26APR18BOLYUN-BOL,36,278,35,3257,34,2554,33,7274,32,5947,37,3006,38,6166,39,1612,40,6185,41,5801,36.5
2026-04-18 12:47:23 AM,KXATPCHALLENGERMATCH-26APR18BOLYUN-BOL,36,278,35,3257,34,2554,33,7274,32,5947,37,2789,38,6166,39,1612,40,6185,41,5801,36.5
2026-04-18 12:47:23 AM,KXATPCHALLENGERMATCH-26APR18BOLYUN-BOL,36,278,35,3257,34,2554,33,7274,32,5947,37,2786,38,6166,39,1612,40,6185,41,5801,36.5
2026-04-18 12:47:23 AM,KXATPCHALLENGERMATCH-26APR18BOLYUN-BOL,36,278,35,3257,34,2554,33,7274,32,5947,37,2741,38,6166,39,1612,40,6185,41,5801,36.5
2026-04-18 12:47:23 AM,KXATPCHALLENGERMATCH-26APR18BOLYUN-BOL,36,278,35,3257,34,2554,33,7274,32,5947,37,2703,38,6166,39,1612,40,6185,41,5801,36.5
2026-04-18 12:47:23 AM,KXATPCHALLENGERMATCH-26APR18BOLYUN-BOL,36,278,35,3257,34,2554,33,7274,32,5947,37,2598,38,6166,39,1612,40,6185,41,5801,36.5
2026-04-18 12:47:23 AM,KXATPCHALLENGERMATCH-26APR18BOLYUN-BOL,36,278,35,3257,34,2554,33,7274,32,5947,37,2597,38,6166,39,1612,40,6185,41,5801,36.5
2026-04-18 12:47:24 AM,KXATPCHALLENGERMATCH-26APR18BOLYUN-BOL,36,278,35,3257,34,2554,33,7274,32,5947,37,2590,38,6166,39,1612,40,6185,41,5801,36.5
2026-04-18 12:47:24 AM,KXATPCHALLENGERMATCH-26APR18BOLYUN-BOL,36,278,35,3257,34,2554,33,7274,32,5947,37,2561,38,6166,39,1612,40,6185,41,5801,36.5
2026-04-18 12:47:24 AM,KXATPCHALLENGERMATCH-26APR18BOLYUN-BOL,36,278,35,3257,34,2554,33,7274,32,5947,37,2553,38,6166,39,1612,40,6185,41,5801,36.5
2026-04-18 12:47:24 AM,KXATPCHALLENGERMATCH-26APR18BOLYUN-BOL,36,278,35,3257,34,2554,33,7274,32,5947,37,2549,38,6166,39,1612,40,6185,41,5801,36.5
2026-04-18 12:47:24 AM,KXATPCHALLENGERMATCH-26APR18BOLYUN-BOL,36,278,35,3257,34,2554,33,7274,32,5947,37,2508,38,6166,39,1612,40,6185,41,5801,36.5
2026-04-18 12:47:24 AM,KXATPCHALLENGERMATCH-26APR18BOLYUN-BOL,36,278,35,3257,34,2554,33,7274,32,5947,37,2508,38,5623,39,1612,40,6185,41,5801,36.5
2026-04-18 12:47:24 AM,KXATPCHALLENGERMATCH-26APR18BOLYUN-BOL,36,278,35,3236,34,2554,33,7274,32,5947,37,2508,38,5623,39,1612,40,6185,41,5801,36.5
2026-04-18 12:47:24 AM,KXATPCHALLENGERMATCH-26APR18BOLYUN-BOL,36,278,35,3236,34,2533,33,7274,32,5947,37,2508,38,5623,39,1612,40,6185,41,5801,36.5
2026-04-18 12:50:05 AM,KXATPCHALLENGERMATCH-26APR18BOLYUN-BOL,36,278,35,3236,34,2533,33,7274,32,5947,37,2499,38,5623,39,1612,40,6185,41,5801,36.5
2026-04-18 12:50:05 AM,KXATPCHALLENGERMATCH-26APR18BOLYUN-BOL,36,278,35,3236,34,2533,33,7274,32,5947,37,2493,38,5623,39,1612,40,6185,41,5801,36.5
2026-04-18 12:50:05 AM,KXATPCHALLENGERMATCH-26APR18BOLYUN-BOL,36,278,35,3236,34,2533,33,7274,32,5947,37,2487,38,5623,39,1612,40,6185,41,5801,36.5
2026-04-18 12:50:05 AM,KXATPCHALLENGERMATCH-26APR18BOLYUN-BOL,36,278,35,3236,34,2533,33,7274,32,5947,37,2472,38,5623,39,1612,40,6185,41,5801,36.5
2026-04-18 12:50:05 AM,KXATPCHALLENGERMATCH-26APR18BOLYUN-BOL,36,278,35,3236,34,2533,33,7274,32,5947,37,2447,38,5623,39,1612,40,6185,41,5801,36.5
2026-04-18 12:50:05 AM,KXATPCHALLENGERMATCH-26APR18BOLYUN-BOL,36,278,35,3236,34,2533,33,7274,32,5947,37,2447,38,5614,39,1612,40,6185,41,5801,36.5
2026-04-18 12:50:05 AM,KXATPCHALLENGERMATCH-26APR18BOLYUN-BOL,36,278,35,3236,34,2533,33,7274,32,5947,37,2447,38,5608,39,1612,40,6185,41,5801,36.5
2026-04-18 12:50:06 AM,KXATPCHALLENGERMATCH-26APR18BOLYUN-BOL,36,278,35,3236,34,2533,33,7274,32,5947,37,2447,38,5593,39,1612,40,6185,41,5801,36.5
2026-04-18 12:50:06 AM,KXATPCHALLENGERMATCH-26APR18BOLYUN-BOL,36,278,35,3236,34,2533,33,7274,32,5947,37,2447,38,5568,39,1612,40,6185,41,5801,36.5
2026-04-18 12:50:56 AM,KXATPCHALLENGERMATCH-26APR18BOLYUN-BOL,36,278,35,3236,34,2533,33,7274,32,5147,37,2447,38,5568,39,1612,40,6185,41,5801,36.5
2026-04-18 12:50:56 AM,KXATPCHALLENGERMATCH-26APR18BOLYUN-BOL,36,278,35,3236,34,2533,33,7274,32,5147,37,2447,38,5568,39,1612,40,5385,41,5801,36.5
2026-04-18 12:50:56 AM,KXATPCHALLENGERMATCH-26APR18BOLYUN-BOL,36,278,35,3236,34,2533,33,7274,32,5147,37,2447,38,5568,39,1612,40,5385,41,5001,36.5
2026-04-18 12:50:56 AM,KXATPCHALLENGERMATCH-26APR18BOLYUN-BOL,36,278,35,3236,34,2533,33,7274,32,5147,37,2447,38,4768,39,1612,40,5385,41,5001,36.5
2026-04-18 12:50:56 AM,KXATPCHALLENGERMATCH-26APR18BOLYUN-BOL,36,278,35,2436,34,2533,33,7274,32,5147,37,2447,38,4768,39,1612,40,5385,41,5001,36.5
2026-04-18 12:50:56 AM,KXATPCHALLENGERMATCH-26APR18BOLYUN-BOL,36,278,35,2436,34,2533,33,6474,32,5147,37,2447,38,4768,39,1612,40,5385,41,5001,36.5
2026-04-18 12:50:56 AM,KXATPCHALLENGERMATCH-26APR18BOLYUN-BOL,36,278,35,2436,34,2533,33,1474,32,5147,37,2447,38,4768,39,1612,40,5385,41,5001,36.5
2026-04-18 12:50:56 AM,KXATPCHALLENGERMATCH-26APR18BOLYUN-BOL,36,278,35,2436,34,2533,33,2871,32,5147,37,2447,38,4768,39,1612,40,5385,41,5001,36.5
2026-04-18 12:50:56 AM,KXATPCHALLENGERMATCH-26APR18BOLYUN-BOL,36,278,35,2436,34,2533,33,2871,32,5147,37,3844,38,4768,39,1612,40,5385,41,5001,36.5
2026-04-18 12:50:56 AM,KXATPCHALLENGERMATCH-26APR18BOLYUN-BOL,36,278,35,2436,34,1147,33,2871,32,5147,37,3844,38,4768,39,1612,40,5385,41,5001,36.5
2026-04-18 12:50:56 AM,KXATPCHALLENGERMATCH-26APR18BOLYUN-BOL,36,278,35,2436,34,1147,33,2871,32,5147,37,3844,38,4768,39,1612,40,5385,41,13001,36.5
2026-04-18 12:50:57 AM,KXATPCHALLENGERMATCH-26APR18BOLYUN-BOL,36,278,35,2436,34,1147,33,2871,32,5147,37,3844,38,3382,39,1612,40,5385,41,13001,36.5
2026-04-18 12:50:57 AM,KXATPCHALLENGERMATCH-26APR18BOLYUN-BOL,36,278,35,2436,34,1147,33,2871,32,5147,37,3844,38,3382,39,1612,40,5385,41,8001,36.5
2026-04-18 12:50:59 AM,KXATPCHALLENGERMATCH-26APR18BOLYUN-BOL,36,278,35,2436,34,1147,33,2871,32,5947,37,3844,38,3382,39,1612,40,5385,41,8001,36.5
2026-04-18 12:50:59 AM,KXATPCHALLENGERMATCH-26APR18BOLYUN-BOL,36,278,35,2436,34,1947,33,2871,32,5947,37,3844,38,3382,39,1612,40,5385,41,8001,36.5
2026-04-18 12:50:59 AM,KXATPCHALLENGERMATCH-26APR18BOLYUN-BOL,36,278,35,2436,34,1947,33,2871,32,5947,37,4644,38,3382,39,1612,40,5385,41,8001,36.5
2026-04-18 12:50:59 AM,KXATPCHALLENGERMATCH-26APR18BOLYUN-BOL,36,278,35,2436,34,1947,33,2871,32,5947,37,4644,38,3382,39,1612,40,6185,41,8001,36.5
2026-04-18 12:50:59 AM,KXATPCHALLENGERMATCH-26APR18BOLYUN-BOL,36,278,35,2436,34,1947,33,2871,32,5947,37,4644,38,3382,39,2412,40,6185,41,8001,36.5
2026-04-18 12:50:59 AM,KXATPCHALLENGERMATCH-26APR18BOLYUN-BOL,36,278,35,2436,34,1947,33,2871,32,5947,37,4632,38,3382,39,2412,40,6185,41,8001,36.5
2026-04-18 12:50:59 AM,KXATPCHALLENGERMATCH-26APR18BOLYUN-BOL,36,278,35,2436,34,1947,33,2871,32,5947,37,4631,38,3382,39,2412,40,6185,41,8001,36.5
2026-04-18 12:50:59 AM,KXATPCHALLENGERMATCH-26APR18BOLYUN-BOL,36,278,35,2436,34,1947,33,2871,32,5947,37,4599,38,3382,39,2412,40,6185,41,8001,36.5
2026-04-18 12:50:59 AM,KXATPCHALLENGERMATCH-26APR18BOLYUN-BOL,36,278,35,2436,34,1947,33,2871,32,5947,37,4588,38,3382,39,2412,40,6185,41,8001,36.5
2026-04-18 12:50:59 AM,KXATPCHALLENGERMATCH-26APR18BOLYUN-BOL,36,278,35,2436,34,1947,33,2871,32,5947,37,4580,38,3382,39,2412,40,6185,41,8001,36.5
2026-04-18 12:50:59 AM,KXATPCHALLENGERMATCH-26APR18BOLYUN-BOL,36,278,35,2436,34,1947,33,2871,32,5947,37,4490,38,3382,39,2412,40,6185,41,8001,36.5
2026-04-18 12:50:59 AM,KXATPCHALLENGERMATCH-26APR18BOLYUN-BOL,36,278,35,2436,34,1947,33,2871,32,5947,37,4487,38,3382,39,2412,40,6185,41,8001,36.5
2026-04-18 12:50:59 AM,KXATPCHALLENGERMATCH-26APR18BOLYUN-BOL,36,278,35,2436,34,1947,33,2871,32,5947,37,4457,38,3382,39,2412,40,6185,41,8001,36.5
2026-04-18 12:50:59 AM,KXATPCHALLENGERMATCH-26APR18BOLYUN-BOL,36,278,35,2436,34,1947,33,2871,32,5947,37,4388,38,3382,39,2412,40,6185,41,8001,36.5
2026-04-18 12:50:59 AM,KXATPCHALLENGERMATCH-26APR18BOLYUN-BOL,36,278,35,2436,34,1947,33,2871,32,5947,37,4395,38,3382,39,2412,40,6185,41,8001,36.5
2026-04-18 12:50:59 AM,KXATPCHALLENGERMATCH-26APR18BOLYUN-BOL,36,278,35,2436,34,1947,33,7871,32,5947,37,4395,38,3382,39,2412,40,6185,41,8001,36.5
2026-04-18 12:50:59 AM,KXATPCHALLENGERMATCH-26APR18BOLYUN-BOL,36,278,35,2436,34,1947,33,7871,32,5947,37,4395,38,3382,39,7412,40,6185,41,8001,36.5
2026-04-18 12:51:00 AM,KXATPCHALLENGERMATCH-26APR18BOLYUN-BOL,36,278,35,2436,34,1947,33,7871,32,5947,37,4395,38,3370,39,7412,40,6185,41,8001,36.5
2026-04-18 12:51:00 AM,KXATPCHALLENGERMATCH-26APR18BOLYUN-BOL,36,278,35,2436,34,1947,33,7871,32,5947,37,4395,38,3369,39,7412,40,6185,41,8001,36.5
2026-04-18 12:51:00 AM,KXATPCHALLENGERMATCH-26APR18BOLYUN-BOL,36,278,35,2436,34,1947,33,7871,32,5947,37,2998,38,3369,39,7412,40,6185,41,8001,36.5
2026-04-18 12:51:01 AM,KXATPCHALLENGERMATCH-26APR18BOLYUN-BOL,36,278,35,2436,34,1947,33,7871,32,5947,37,2998,38,3337,39,7412,40,6185,41,8001,36.5
2026-04-18 12:51:01 AM,KXATPCHALLENGERMATCH-26APR18BOLYUN-BOL,36,278,35,2436,34,1947,33,7871,32,5947,37,2998,38,3337,39,2412,40,6185,41,8001,36.5
2026-04-18 12:51:01 AM,KXATPCHALLENGERMATCH-26APR18BOLYUN-BOL,36,278,35,2436,34,1947,33,7871,32,5947,37,2998,38,3329,39,2412,40,6185,41,8001,36.5
2026-04-18 12:51:02 AM,KXATPCHALLENGERMATCH-26APR18BOLYUN-BOL,36,278,35,2436,34,1947,33,7871,32,5947,37,2998,38,3239,39,2412,40,6185,41,8001,36.5
2026-04-18 12:51:02 AM,KXATPCHALLENGERMATCH-26APR18BOLYUN-BOL,36,278,35,2436,34,1947,33,7871,32,5947,37,2998,38,3236,39,2412,40,6185,41,8001,36.5
2026-04-18 12:51:03 AM,KXATPCHALLENGERMATCH-26APR18BOLYUN-BOL,36,278,35,2436,34,1947,33,7871,32,5947,37,2998,38,3206,39,2412,40,6185,41,8001,36.5
2026-04-18 12:51:03 AM,KXATPCHALLENGERMATCH-26APR18BOLYUN-BOL,36,278,35,2436,34,1947,33,7871,32,5947,37,2998,38,3206,39,2412,40,6185,41,13001,36.5
2026-04-18 12:51:03 AM,KXATPCHALLENGERMATCH-26APR18BOLYUN-BOL,36,278,35,2436,34,1947,33,7871,32,5947,37,2998,38,3137,39,2412,40,6185,41,13001,36.5
2026-04-18 12:51:12 AM,KXATPCHALLENGERMATCH-26APR18BOLYUN-BOL,36,278,35,2436,34,3345,33,7871,32,5947,37,2998,38,3137,39,2412,40,6185,41,13001,36.5
2026-04-18 12:51:12 AM,KXATPCHALLENGERMATCH-26APR18BOLYUN-BOL,36,278,35,2436,34,3345,33,7871,32,5947,37,2998,38,4535,39,2412,40,6185,41,13001,36.5
2026-04-18 12:51:12 AM,KXATPCHALLENGERMATCH-26APR18BOLYUN-BOL,36,278,35,2436,34,3345,33,6474,32,5947,37,2998,38,4535,39,2412,40,6185,41,13001,36.5
2026-04-18 12:51:14 AM,KXATPCHALLENGERMATCH-26APR18BOLYUN-BOL,36,278,35,2436,34,3345,33,6474,32,5947,37,3951,38,4535,39,2412,40,6185,41,13001,36.5
2026-04-18 12:51:23 AM,KXATPCHALLENGERMATCH-26APR18BOLYUN-BOL,36,278,35,2436,34,3345,33,6474,32,5947,37,3949,38,4535,39,2412,40,6185,41,13001,36.5
2026-04-18 12:51:23 AM,KXATPCHALLENGERMATCH-26APR18BOLYUN-BOL,36,278,35,2436,34,3345,33,6474,32,5947,37,3949,38,4533,39,2412,40,6185,41,13001,36.5
2026-04-18 12:51:28 AM,KXATPCHALLENGERMATCH-26APR18BOLYUN-BOL,36,278,35,2436,34,3345,33,6474,32,5147,37,3949,38,4533,39,2412,40,6185,41,13001,36.5
2026-04-18 12:51:28 AM,KXATPCHALLENGERMATCH-26APR18BOLYUN-BOL,36,278,35,2436,34,2545,33,6474,32,5147,37,3949,38,4533,39,2412,40,6185,41,13001,36.5
2026-04-18 12:51:28 AM,KXATPCHALLENGERMATCH-26APR18BOLYUN-BOL,36,278,35,2436,34,2545,33,6474,32,5147,37,3149,38,4533,39,2412,40,6185,41,13001,36.5
2026-04-18 12:51:28 AM,KXATPCHALLENGERMATCH-26APR18BOLYUN-BOL,36,278,35,2436,34,2545,33,6474,32,5147,37,3149,38,4533,39,2412,40,5385,41,13001,36.5
2026-04-18 12:51:28 AM,KXATPCHALLENGERMATCH-26APR18BOLYUN-BOL,36,278,35,2436,34,2545,33,6474,32,5147,37,3149,38,4533,39,1612,40,5385,41,13001,36.5
2026-04-18 12:51:28 AM,KXATPCHALLENGERMATCH-26APR18BOLYUN-BOL,36,278,35,2436,34,2545,33,6474,32,5147,37,5149,38,4533,39,1612,40,5385,41,13001,36.5
2026-04-18 12:51:28 AM,KXATPCHALLENGERMATCH-26APR18BOLYUN-BOL,36,278,35,2436,34,2545,33,1474,32,5147,37,5149,38,4533,39,1612,40,5385,41,13001,36.5
2026-04-18 12:51:28 AM,KXATPCHALLENGERMATCH-26APR18BOLYUN-BOL,36,278,35,2436,34,2545,33,1474,32,5147,37,5149,38,4533,39,1612,40,5385,41,5201,36.5
2026-04-18 12:51:28 AM,KXATPCHALLENGERMATCH-26APR18BOLYUN-BOL,36,278,35,2436,34,2545,33,1474,32,5147,37,5149,38,4533,39,1612,40,5385,41,5001,36.5
2026-04-18 12:51:28 AM,KXATPCHALLENGERMATCH-26APR18BOLYUN-BOL,36,278,35,2436,34,2545,33,1474,32,5147,37,5149,38,4533,39,1612,40,13268,41,5001,36.5
2026-04-18 12:51:28 AM,KXATPCHALLENGERMATCH-26APR18BOLYUN-BOL,36,278,35,2436,34,2545,33,1474,32,147,37,5149,38,4533,39,1612,40,13268,41,5001,36.5
2026-04-18 12:51:28 AM,KXATPCHALLENGERMATCH-26APR18BOLYUN-BOL,36,278,35,937,34,2545,33,1474,32,147,37,5149,38,4533,39,1612,40,13268,41,5001,36.5
2026-04-18 12:51:28 AM,KXATPCHALLENGERMATCH-26APR18BOLYUN-BOL,36,278,35,13,34,2545,33,1474,32,147,37,5149,38,4533,39,1612,40,13268,41,5001,36.5
2026-04-18 12:51:28 AM,KXATPCHALLENGERMATCH-26APR18BOLYUN-BOL,36,278,35,13,34,2545,33,1474,32,147,37,6583,38,4533,39,1612,40,13268,41,5001,36.5
2026-04-18 12:51:28 AM,KXATPCHALLENGERMATCH-26APR18BOLYUN-BOL,36,278,35,13,34,2545,33,1474,32,1545,37,6583,38,4533,39,1612,40,13268,41,5001,36.5
2026-04-18 12:51:28 AM,KXATPCHALLENGERMATCH-26APR18BOLYUN-BOL,36,278,35,13,34,1147,33,1474,32,1545,37,6583,38,4533,39,1612,40,13268,41,5001,36.5
2026-04-18 12:51:29 AM,KXATPCHALLENGERMATCH-26APR18BOLYUN-BOL,36,3,35,13,34,1147,33,1474,32,1545,37,6583,38,4533,39,1612,40,13268,41,5001,36.5
2026-04-18 12:51:29 AM,KXATPCHALLENGERMATCH-26APR18BOLYUN-BOL,36,3,35,288,34,1147,33,1474,32,1545,37,6583,38,4533,39,1612,40,13268,41,5001,36.5
2026-04-18 12:51:29 AM,KXATPCHALLENGERMATCH-26APR18BOLYUN-BOL,36,3,35,288,34,1147,33,1474,32,1545,37,6583,38,4533,39,1612,40,13268,41,5781,36.5
2026-04-18 12:51:29 AM,KXATPCHALLENGERMATCH-26APR18BOLYUN-BOL,36,3,35,288,34,1147,33,1474,32,1545,37,6583,38,4533,39,1612,40,14068,41,5781,36.5
2026-04-18 12:51:29 AM,KXATPCHALLENGERMATCH-26APR18BOLYUN-BOL,36,3,35,288,34,1147,33,1474,32,1545,37,6583,38,4533,39,1612,40,14068,41,781,36.5
2026-04-18 12:51:29 AM,KXATPCHALLENGERMATCH-26APR18BOLYUN-BOL,36,3,35,288,34,1147,33,1474,32,1545,36,172,37,6583,38,4533,39,1612,40,14068,36.0
2026-04-18 12:51:29 AM,KXATPCHALLENGERMATCH-26APR18BOLYUN-BOL,36,3,35,288,34,1147,33,1474,32,1545,36,172,37,6583,38,4533,39,2312,40,14068,36.0
2026-04-18 12:51:29 AM,KXATPCHALLENGERMATCH-26APR18BOLYUN-BOL,36,3,35,288,34,1147,33,1474,32,1545,37,6583,38,4533,39,2312,40,14068,41,781,36.5
2026-04-18 12:51:29 AM,KXATPCHALLENGERMATCH-26APR18BOLYUN-BOL,36,3,35,288,34,1147,33,1474,32,1545,37,6583,38,4258,39,2312,40,14068,41,781,36.5
2026-04-18 12:51:29 AM,KXATPCHALLENGERMATCH-26APR18BOLYUN-BOL,36,3,35,288,34,1147,33,1474,32,1545,37,4583,38,4258,39,2312,40,14068,41,781,36.5
2026-04-18 12:51:29 AM,KXATPCHALLENGERMATCH-26APR18BOLYUN-BOL,36,3,35,288,34,1147,33,1474,32,1545,36,1398,37,4583,38,4258,39,2312,40,14068,36.0
2026-04-18 12:51:29 AM,KXATPCHALLENGERMATCH-26APR18BOLYUN-BOL,36,3,35,288,34,1147,33,1474,32,1545,36,1398,37,6583,38,4258,39,2312,40,14068,36.0
2026-04-18 12:51:29 AM,KXATPCHALLENGERMATCH-26APR18BOLYUN-BOL,36,3,35,288,34,1147,33,1474,32,1545,36,1398,37,4583,38,4258,39,2312,40,14068,36.0
2026-04-18 12:51:29 AM,KXATPCHALLENGERMATCH-26APR18BOLYUN-BOL,36,3,35,288,34,1147,33,1474,32,1545,36,1398,37,4858,38,4258,39,2312,40,14068,36.0
2026-04-18 12:51:29 AM,KXATPCHALLENGERMATCH-26APR18BOLYUN-BOL,36,3,35,288,34,1147,33,1474,32,1545,36,1398,37,4858,38,2860,39,2312,40,14068,36.0
2026-04-18 12:51:30 AM,KXATPCHALLENGERMATCH-26APR18BOLYUN-BOL,36,3,35,288,34,1147,33,1474,32,1545,37,4858,38,2860,39,2312,40,14068,41,781,36.5
2026-04-18 12:51:30 AM,KXATPCHALLENGERMATCH-26APR18BOLYUN-BOL,36,3,35,288,34,1147,33,1474,32,1545,37,6858,38,2860,39,2312,40,14068,41,781,36.5
2026-04-18 12:51:31 AM,KXATPCHALLENGERMATCH-26APR18BOLYUN-BOL,36,3,35,288,34,1147,33,2274,32,1545,37,6858,38,2860,39,2312,40,14068,41,781,36.5
2026-04-18 12:51:31 AM,KXATPCHALLENGERMATCH-26APR18BOLYUN-BOL,36,3,35,288,34,1147,33,2274,32,1545,36,800,37,6858,38,2860,39,2312,40,14068,36.0
2026-04-18 12:51:31 AM,KXATPCHALLENGERMATCH-26APR18BOLYUN-BOL,36,3,35,288,34,1147,33,2274,32,1545,36,800,37,6858,38,2860,39,3112,40,14068,36.0
2026-04-18 12:51:31 AM,KXATPCHALLENGERMATCH-26APR18BOLYUN-BOL,36,3,35,288,34,1147,33,2274,32,1545,36,800,37,6858,38,3660,39,3112,40,14068,36.0
2026-04-18 12:51:31 AM,KXATPCHALLENGERMATCH-26APR18BOLYUN-BOL,36,3,35,288,34,1147,33,2274,32,1545,36,800,37,4858,38,3660,39,3112,40,14068,36.0
2026-04-18 12:51:31 AM,KXATPCHALLENGERMATCH-26APR18BOLYUN-BOL,36,3,35,288,34,1147,33,2274,32,1545,36,800,37,4858,38,3660,39,2412,40,14068,36.0
2026-04-18 12:51:32 AM,KXATPCHALLENGERMATCH-26APR18BOLYUN-BOL,36,3,35,288,34,1147,33,7274,32,1545,36,800,37,4858,38,3660,39,2412,40,14068,36.0
2026-04-18 12:51:32 AM,KXATPCHALLENGERMATCH-26APR18BOLYUN-BOL,36,3,35,288,34,1147,33,7274,32,6545,36,800,37,4858,38,3660,39,2412,40,14068,36.0
2026-04-18 12:51:37 AM,KXATPCHALLENGERMATCH-26APR18BOLYUN-BOL,36,3,35,288,34,2545,33,7274,32,6545,36,800,37,4858,38,3660,39,2412,40,14068,36.0
2026-04-18 12:51:37 AM,KXATPCHALLENGERMATCH-26APR18BOLYUN-BOL,36,3,35,288,34,2545,33,7274,32,6545,36,800,37,4858,38,5058,39,2412,40,14068,36.0
2026-04-18 12:51:37 AM,KXATPCHALLENGERMATCH-26APR18BOLYUN-BOL,36,3,35,288,34,2545,33,7274,32,5147,36,800,37,4858,38,5058,39,2412,40,14068,36.0
2026-04-18 12:51:37 AM,KXATPCHALLENGERMATCH-26APR18BOLYUN-BOL,36,3,35,288,34,2545,33,2274,32,5147,36,800,37,4858,38,5058,39,2412,40,14068,36.0
2026-04-18 12:51:41 AM,KXATPCHALLENGERMATCH-26APR18BOLYUN-BOL,36,3,35,288,34,2545,33,1474,32,5147,36,800,37,4858,38,5058,39,2412,40,14068,36.0
2026-04-18 12:51:41 AM,KXATPCHALLENGERMATCH-26APR18BOLYUN-BOL,36,3,35,288,34,2545,33,1474,32,5147,37,4858,38,5058,39,2412,40,14068,41,5781,36.5
2026-04-18 12:51:41 AM,KXATPCHALLENGERMATCH-26APR18BOLYUN-BOL,36,3,35,288,34,2545,33,1474,32,5147,37,4858,38,5058,39,1612,40,14068,41,5781,36.5
2026-04-18 12:51:41 AM,KXATPCHALLENGERMATCH-26APR18BOLYUN-BOL,36,3,35,288,34,2545,33,1474,32,5147,37,4858,38,4258,39,1612,40,14068,41,5781,36.5
2026-04-18 12:51:41 AM,KXATPCHALLENGERMATCH-26APR18BOLYUN-BOL,36,3,35,288,34,2545,33,1474,32,5147,36,807,37,4858,38,4258,39,1612,40,14068,36.0
2026-04-18 12:51:41 AM,KXATPCHALLENGERMATCH-26APR18BOLYUN-BOL,36,3,35,288,34,2545,33,1199,32,5147,36,807,37,4858,38,4258,39,1612,40,14068,36.0
2026-04-18 12:51:41 AM,KXATPCHALLENGERMATCH-26APR18BOLYUN-BOL,36,3,35,288,34,2545,33,1199,32,5037,36,807,37,4858,38,4258,39,1612,40,14068,36.0
2026-04-18 12:51:41 AM,KXATPCHALLENGERMATCH-26APR18BOLYUN-BOL,36,3,35,288,34,2545,33,1174,32,5037,36,807,37,4858,38,4258,39,1612,40,14068,36.0
2026-04-18 12:51:41 AM,KXATPCHALLENGERMATCH-26APR18BOLYUN-BOL,36,3,35,288,34,2545,33,1174,32,5003,36,807,37,4858,38,4258,39,1612,40,14068,36.0
2026-04-18 12:51:41 AM,KXATPCHALLENGERMATCH-26APR18BOLYUN-BOL,36,3,35,288,34,2545,33,1174,32,5003,36,807,37,4858,38,4258,39,1612,40,6377,36.0
2026-04-18 12:51:41 AM,KXATPCHALLENGERMATCH-26APR18BOLYUN-BOL,36,3,35,288,34,2545,33,1174,32,5003,36,1765,37,4858,38,4258,39,1612,40,6377,36.0
2026-04-18 12:51:41 AM,KXATPCHALLENGERMATCH-26APR18BOLYUN-BOL,36,3,35,288,34,2545,33,1174,32,5003,36,1765,37,4858,38,4258,39,1612,40,6185,36.0
2026-04-18 12:51:41 AM,KXATPCHALLENGERMATCH-26APR18BOLYUN-BOL,36,3,35,288,34,2545,33,1174,32,5003,36,1765,37,4858,38,4258,39,2369,40,6185,36.0
2026-04-18 12:51:41 AM,KXATPCHALLENGERMATCH-26APR18BOLYUN-BOL,36,3,35,288,34,2545,33,1174,32,5003,36,1765,37,4858,38,4258,39,7369,40,6185,36.0
2026-04-18 12:51:41 AM,KXATPCHALLENGERMATCH-26APR18BOLYUN-BOL,36,3,35,288,34,1820,33,1174,32,5003,36,1765,37,4858,38,4258,39,7369,40,6185,36.0
2026-04-18 12:51:41 AM,KXATPCHALLENGERMATCH-26APR18BOLYUN-BOL,36,3,35,288,34,1147,33,1174,32,5003,36,1765,37,4858,38,4258,39,7369,40,6185,36.0
2026-04-18 12:51:42 AM,KXATPCHALLENGERMATCH-26APR18BOLYUN-BOL,36,3,35,288,34,1147,33,1174,32,5803,36,1765,37,4858,38,4258,39,7369,40,6185,36.0
2026-04-18 12:51:42 AM,KXATPCHALLENGERMATCH-26APR18BOLYUN-BOL,36,3,35,288,34,1147,33,1174,32,5803,36,1765,37,4858,38,5058,39,7369,40,6185,36.0
2026-04-18 12:51:42 AM,KXATPCHALLENGERMATCH-26APR18BOLYUN-BOL,36,3,35,288,34,1147,33,1174,32,5803,36,1765,37,5658,38,5058,39,7369,40,6185,36.0
2026-04-18 12:51:42 AM,KXATPCHALLENGERMATCH-26APR18BOLYUN-BOL,36,3,35,288,34,1147,33,1174,32,5803,36,2565,37,5658,38,5058,39,7369,40,6185,36.0
2026-04-18 12:51:43 AM,KXATPCHALLENGERMATCH-26APR18BOLYUN-BOL,36,3,35,288,34,1147,33,1174,32,5803,36,1765,37,5658,38,5058,39,7369,40,6185,36.0
2026-04-18 12:51:43 AM,KXATPCHALLENGERMATCH-26APR18BOLYUN-BOL,36,3,35,288,34,1147,33,1174,32,5803,36,2565,37,5658,38,5058,39,7369,40,6185,36.0
2026-04-18 12:51:43 AM,KXATPCHALLENGERMATCH-26APR18BOLYUN-BOL,36,3,35,13,34,1147,33,1174,32,5803,36,2565,37,5658,38,5058,39,7369,40,6185,36.0
2026-04-18 12:51:43 AM,KXATPCHALLENGERMATCH-26APR18BOLYUN-BOL,36,3,35,13,34,1422,33,1174,32,5803,36,2565,37,5658,38,5058,39,7369,40,6185,36.0
2026-04-18 12:51:43 AM,KXATPCHALLENGERMATCH-26APR18BOLYUN-BOL,36,3,35,13,34,1422,33,1174,32,5803,36,2565,37,5383,38,5058,39,7369,40,6185,36.0
2026-04-18 12:51:43 AM,KXATPCHALLENGERMATCH-26APR18BOLYUN-BOL,36,3,35,13,34,1422,33,1174,32,5803,36,2840,37,5383,38,5058,39,7369,40,6185,36.0
2026-04-18 12:51:44 AM,KXATPCHALLENGERMATCH-26APR18BOLYUN-BOL,36,3,35,13,34,1422,33,6174,32,5803,36,2840,37,5383,38,5058,39,7369,40,6185,36.0
2026-04-18 12:51:44 AM,KXATPCHALLENGERMATCH-26APR18BOLYUN-BOL,36,3,35,13,34,1147,33,6174,32,5803,36,2840,37,5383,38,5058,39,7369,40,6185,36.0
2026-04-18 12:51:45 AM,KXATPCHALLENGERMATCH-26APR18BOLYUN-BOL,36,3,35,288,34,1147,33,6174,32,5803,36,2840,37,5383,38,5058,39,7369,40,6185,36.0
2026-04-18 12:51:45 AM,KXATPCHALLENGERMATCH-26APR18BOLYUN-BOL,36,3,35,288,34,1147,33,6174,32,5803,36,2565,37,5383,38,5058,39,7369,40,6185,36.0
2026-04-18 12:51:45 AM,KXATPCHALLENGERMATCH-26APR18BOLYUN-BOL,36,3,35,288,34,1147,33,6851,32,5803,36,2565,37,5383,38,5058,39,7369,40,6185,36.0
2026-04-18 12:51:45 AM,KXATPCHALLENGERMATCH-26APR18BOLYUN-BOL,36,3,35,288,34,1147,33,6851,32,5803,36,2565,37,5658,38,5058,39,7369,40,6185,36.0
2026-04-18 12:51:47 AM,KXATPCHALLENGERMATCH-26APR18BOLYUN-BOL,36,3,35,288,34,1147,33,6851,32,5803,36,2565,37,5658,38,5058,39,2369,40,6185,36.0
2026-04-18 12:51:55 AM,KXATPCHALLENGERMATCH-26APR18BOLYUN-BOL,36,3,35,288,34,1147,33,6851,32,5803,36,2433,37,5658,38,5058,39,2369,40,6185,36.0
2026-04-18 12:51:55 AM,KXATPCHALLENGERMATCH-26APR18BOLYUN-BOL,36,3,35,288,34,1147,33,6851,32,5803,36,1759,37,5658,38,5058,39,2369,40,6185,36.0
2026-04-18 12:51:56 AM,KXATPCHALLENGERMATCH-26APR18BOLYUN-BOL,36,3,35,288,34,1820,33,6851,32,5803,36,1759,37,5658,38,5058,39,2369,40,6185,36.0
2026-04-18 12:51:56 AM,KXATPCHALLENGERMATCH-26APR18BOLYUN-BOL,36,3,35,288,34,1820,33,6851,32,5803,36,2434,37,5658,38,5058,39,2369,40,6185,36.0
2026-04-18 12:51:56 AM,KXATPCHALLENGERMATCH-26APR18BOLYUN-BOL,36,3,35,288,34,1820,33,6851,32,5803,36,1759,37,5658,38,5058,39,2369,40,6185,36.0
2026-04-18 12:51:56 AM,KXATPCHALLENGERMATCH-26APR18BOLYUN-BOL,36,3,35,288,34,1820,33,6851,32,5803,36,2433,37,5658,38,5058,39,2369,40,6185,36.0
2026-04-18 12:51:56 AM,KXATPCHALLENGERMATCH-26APR18BOLYUN-BOL,36,3,35,288,34,1820,33,6851,32,5803,36,2433,37,5658,38,5058,39,7369,40,6185,36.0
2026-04-18 12:51:56 AM,KXATPCHALLENGERMATCH-26APR18BOLYUN-BOL,36,3,35,288,34,1820,33,6174,32,5803,36,2433,37,5658,38,5058,39,7369,40,6185,36.0
2026-04-18 12:51:57 AM,KXATPCHALLENGERMATCH-26APR18BOLYUN-BOL,36,3,35,288,34,1820,33,6174,32,5803,36,1633,37,5658,38,5058,39,7369,40,6185,36.0
2026-04-18 12:51:57 AM,KXATPCHALLENGERMATCH-26APR18BOLYUN-BOL,36,3,35,288,34,1820,33,6174,32,5803,36,2433,37,5658,38,5058,39,7369,40,6185,36.0
2026-04-18 12:52:02 AM,KXATPCHALLENGERMATCH-26APR18BOLYUN-BOL,36,3,35,288,34,1820,33,6174,32,5803,36,1759,37,5658,38,5058,39,7369,40,6185,36.0
2026-04-18 12:52:02 AM,KXATPCHALLENGERMATCH-26APR18BOLYUN-BOL,36,3,35,288,34,1820,33,6174,32,5803,36,1759,37,5658,38,5058,39,6612,40,6185,36.0
2026-04-18 12:52:02 AM,KXATPCHALLENGERMATCH-26APR18BOLYUN-BOL,36,3,35,288,34,1820,33,6174,32,5803,36,1759,37,5658,38,5058,39,6612,40,7107,36.0
2026-04-18 12:52:02 AM,KXATPCHALLENGERMATCH-26APR18BOLYUN-BOL,36,3,35,288,34,1820,33,6174,32,5803,36,2112,37,5658,38,5058,39,6612,40,7107,36.0
2026-04-18 12:52:02 AM,KXATPCHALLENGERMATCH-26APR18BOLYUN-BOL,36,3,35,288,34,1147,33,6174,32,5803,36,2112,37,5658,38,5058,39,6612,40,7107,36.0
2026-04-18 12:52:05 AM,KXATPCHALLENGERMATCH-26APR18BOLYUN-BOL,36,3,35,288,34,1147,33,6174,32,5803,36,1312,37,5658,38,5058,39,6612,40,7107,36.0
2026-04-18 12:52:05 AM,KXATPCHALLENGERMATCH-26APR18BOLYUN-BOL,36,3,35,288,34,1147,33,6174,32,5803,36,2112,37,5658,38,5058,39,6612,40,7107,36.0
2026-04-18 12:52:05 AM,KXATPCHALLENGERMATCH-26APR18BOLYUN-BOL,36,3,35,288,34,1147,33,6848,32,5803,36,2112,37,5658,38,5058,39,6612,40,7107,36.0
2026-04-18 12:52:12 AM,KXATPCHALLENGERMATCH-26APR18BOLYUN-BOL,36,3,35,298,34,1147,33,6848,32,5803,36,2112,37,5658,38,5058,39,6612,40,7107,36.0
2026-04-18 12:52:12 AM,KXATPCHALLENGERMATCH-26APR18BOLYUN-BOL,36,3,35,308,34,1147,33,6848,32,5803,36,2112,37,5658,38,5058,39,6612,40,7107,36.0
2026-04-18 12:52:13 AM,KXATPCHALLENGERMATCH-26APR18BOLYUN-BOL,36,3,35,308,34,1147,33,6848,32,5003,36,2112,37,5658,38,5058,39,6612,40,7107,36.0
2026-04-18 12:52:13 AM,KXATPCHALLENGERMATCH-26APR18BOLYUN-BOL,36,3,35,308,34,1147,33,6848,32,5003,36,1312,37,5658,38,5058,39,6612,40,7107,36.0
2026-04-18 12:52:13 AM,KXATPCHALLENGERMATCH-26APR18BOLYUN-BOL,36,3,35,308,34,1147,33,6848,32,5003,36,2112,37,5658,38,5058,39,6612,40,7107,36.0
2026-04-18 12:52:14 AM,KXATPCHALLENGERMATCH-26APR18BOLYUN-BOL,36,3,35,308,34,1147,33,1848,32,5003,36,2112,37,5658,38,5058,39,6612,40,7107,36.0
2026-04-18 12:52:14 AM,KXATPCHALLENGERMATCH-26APR18BOLYUN-BOL,36,3,35,308,34,1147,33,1848,32,5003,36,2112,37,5658,38,5058,39,6612,40,6608,36.0
2026-04-18 12:52:39 AM,KXATPCHALLENGERMATCH-26APR18BOLYUN-BOL,36,3,35,308,34,1147,33,1848,32,5003,36,3612,37,5658,38,5058,39,6612,40,6608,36.0
2026-04-18 12:52:39 AM,KXATPCHALLENGERMATCH-26APR18BOLYUN-BOL,36,3,35,33,34,1147,33,1848,32,5003,36,3612,37,5658,38,5058,39,6612,40,6608,36.0
2026-04-18 12:52:39 AM,KXATPCHALLENGERMATCH-26APR18BOLYUN-BOL,36,3,35,33,34,1422,33,1848,32,5003,36,3612,37,5658,38,5058,39,6612,40,6608,36.0
2026-04-18 12:52:39 AM,KXATPCHALLENGERMATCH-26APR18BOLYUN-BOL,36,3,35,33,34,1422,33,1848,32,5003,36,3612,37,5383,38,5058,39,6612,40,6608,36.0
2026-04-18 12:52:39 AM,KXATPCHALLENGERMATCH-26APR18BOLYUN-BOL,36,3,35,33,34,1422,33,1848,32,5003,36,3887,37,5383,38,5058,39,6612,40,6608,36.0
2026-04-18 12:52:41 AM,KXATPCHALLENGERMATCH-26APR18BOLYUN-BOL,36,3,35,33,34,1422,33,1848,32,5003,36,3887,37,5383,38,5058,39,6612,40,6185,36.0
2026-04-18 12:53:17 AM,KXATPCHALLENGERMATCH-26APR18BOLYUN-BOL,36,3,35,33,34,1422,33,1848,32,5003,36,3824,37,5383,38,5058,39,6612,40,6185,36.0
2026-04-18 12:53:21 AM,KXATPCHALLENGERMATCH-26APR18BOLYUN-BOL,36,3,35,33,34,1422,33,1848,32,5003,36,3024,37,5383,38,5058,39,6612,40,6185,36.0
2026-04-18 12:53:21 AM,KXATPCHALLENGERMATCH-26APR18BOLYUN-BOL,36,3,35,33,34,1422,33,1848,32,5003,36,3824,37,5383,38,5058,39,6612,40,6185,36.0
2026-04-18 12:54:10 AM,KXATPCHALLENGERMATCH-26APR18BOLYUN-BOL,36,3,35,33,34,1422,33,1848,32,5003,36,3798,37,5383,38,5058,39,6612,40,6185,36.0
2026-04-18 12:54:11 AM,KXATPCHALLENGERMATCH-26APR18BOLYUN-BOL,36,3,35,33,34,1422,33,1848,32,5003,36,2998,37,5383,38,5058,39,6612,40,6185,36.0
2026-04-18 12:54:11 AM,KXATPCHALLENGERMATCH-26APR18BOLYUN-BOL,36,3,35,33,34,1422,33,1848,32,5003,36,3798,37,5383,38,5058,39,6612,40,6185,36.0
2026-04-18 12:54:18 AM,KXATPCHALLENGERMATCH-26APR18BOLYUN-BOL,36,3,35,33,34,1457,33,1848,32,5003,36,3798,37,5383,38,5058,39,6612,40,6185,36.0
2026-04-18 12:54:18 AM,KXATPCHALLENGERMATCH-26APR18BOLYUN-BOL,36,3,35,33,34,1457,33,1848,32,5003,36,3833,37,5383,38,5058,39,6612,40,6185,36.0
2026-04-18 12:54:52 AM,KXATPCHALLENGERMATCH-26APR18BOLYUN-BOL,36,3,35,33,34,1457,33,1679,32,5003,36,3833,37,5383,38,5058,39,6612,40,6185,36.0
2026-04-18 12:54:54 AM,KXATPCHALLENGERMATCH-26APR18BOLYUN-BOL,36,3,35,33,34,1457,33,1679,32,5003,36,3033,37,5383,38,5058,39,6612,40,6185,36.0
2026-04-18 12:54:54 AM,KXATPCHALLENGERMATCH-26APR18BOLYUN-BOL,36,3,35,33,34,1457,33,1679,32,5003,36,3833,37,5383,38,5058,39,6612,40,6185,36.0
2026-04-18 12:55:09 AM,KXATPCHALLENGERMATCH-26APR18BOLYUN-BOL,36,3,35,33,34,1457,33,1679,32,5003,36,3033,37,5383,38,5058,39,6612,40,6185,36.0
2026-04-18 12:55:09 AM,KXATPCHALLENGERMATCH-26APR18BOLYUN-BOL,36,3,35,33,34,1457,33,1679,32,5003,36,3833,37,5383,38,5058,39,6612,40,6185,36.0
2026-04-18 12:55:11 AM,KXATPCHALLENGERMATCH-26APR18BOLYUN-BOL,36,3,35,23,34,1457,33,1679,32,5003,36,3833,37,5383,38,5058,39,6612,40,6185,36.0
2026-04-18 12:55:11 AM,KXATPCHALLENGERMATCH-26APR18BOLYUN-BOL,36,3,35,13,34,1457,33,1679,32,5003,36,3833,37,5383,38,5058,39,6612,40,6185,36.0
2026-04-18 12:55:11 AM,KXATPCHALLENGERMATCH-26APR18BOLYUN-BOL,36,3,35,13,34,1452,33,1679,32,5003,36,3833,37,5383,38,5058,39,6612,40,6185,36.0
2026-04-18 12:55:11 AM,KXATPCHALLENGERMATCH-26APR18BOLYUN-BOL,36,3,35,13,34,1452,33,1679,32,5003,36,3798,37,5383,38,5058,39,6612,40,6185,36.0
2026-04-18 12:55:11 AM,KXATPCHALLENGERMATCH-26APR18BOLYUN-BOL,36,3,35,13,34,1452,33,1679,32,5003,36,3798,37,5383,38,5093,39,6612,40,6185,36.0
2026-04-18 12:55:11 AM,KXATPCHALLENGERMATCH-26APR18BOLYUN-BOL,36,3,35,13,34,1452,33,1679,32,5003,36,3516,37,5383,38,5093,39,6612,40,6185,36.0
2026-04-18 12:55:11 AM,KXATPCHALLENGERMATCH-26APR18BOLYUN-BOL,36,3,35,13,34,1452,33,1679,32,5003,36,2719,37,5383,38,5093,39,6612,40,6185,36.0
2026-04-18 12:55:11 AM,KXATPCHALLENGERMATCH-26APR18BOLYUN-BOL,36,3,35,13,34,1452,33,1679,32,5003,35,1168,36,2719,37,5383,38,5093,39,6612,35.5
2026-04-18 12:55:11 AM,KXATPCHALLENGERMATCH-26APR18BOLYUN-BOL,36,3,35,13,34,1441,33,1679,32,5003,35,1168,36,2719,37,5383,38,5093,39,6612,35.5
2026-04-18 12:55:11 AM,KXATPCHALLENGERMATCH-26APR18BOLYUN-BOL,36,3,35,13,34,1441,33,1668,32,5003,35,1168,36,2719,37,5383,38,5093,39,6612,35.5
2026-04-18 12:55:11 AM,KXATPCHALLENGERMATCH-26APR18BOLYUN-BOL,36,3,35,13,34,1441,33,1668,32,5003,35,1168,36,2719,37,5383,38,5078,39,6612,35.5
2026-04-18 12:55:11 AM,KXATPCHALLENGERMATCH-26APR18BOLYUN-BOL,36,3,35,13,34,1441,33,1668,32,5003,35,1168,36,2719,37,5379,38,5078,39,6612,35.5
2026-04-18 12:55:11 AM,KXATPCHALLENGERMATCH-26APR18BOLYUN-BOL,36,3,35,13,34,1441,33,1668,32,5003,35,1168,36,2719,37,5373,38,5078,39,6612,35.5
2026-04-18 12:55:11 AM,KXATPCHALLENGERMATCH-26APR18BOLYUN-BOL,36,3,35,13,34,1441,33,1668,32,5003,35,1168,36,2719,37,5366,38,5078,39,6612,35.5
2026-04-18 12:55:11 AM,KXATPCHALLENGERMATCH-26APR18BOLYUN-BOL,36,3,35,13,34,1441,33,1668,32,5003,35,1168,36,2719,37,6763,38,5078,39,6612,35.5
2026-04-18 12:55:11 AM,KXATPCHALLENGERMATCH-26APR18BOLYUN-BOL,36,3,35,13,34,1441,33,1668,32,5003,35,1168,36,2719,37,6763,38,5043,39,6612,35.5
2026-04-18 12:55:11 AM,KXATPCHALLENGERMATCH-26APR18BOLYUN-BOL,36,3,35,13,34,1441,33,1668,32,5003,35,1168,36,2719,37,6798,38,5043,39,6612,35.5
2026-04-18 12:55:11 AM,KXATPCHALLENGERMATCH-26APR18BOLYUN-BOL,36,3,35,13,34,1441,33,1668,32,5003,35,1168,36,2719,37,6798,38,3645,39,6612,35.5
2026-04-18 12:55:11 AM,KXATPCHALLENGERMATCH-26APR18BOLYUN-BOL,36,3,35,13,34,1441,33,1668,32,5003,35,1168,36,2719,37,6763,38,3645,39,6612,35.5
2026-04-18 12:55:11 AM,KXATPCHALLENGERMATCH-26APR18BOLYUN-BOL,36,3,35,13,34,1441,33,1668,32,5003,35,1168,36,2719,37,6763,38,3680,39,6612,35.5
2026-04-18 12:55:12 AM,KXATPCHALLENGERMATCH-26APR18BOLYUN-BOL,36,3,35,13,34,1441,33,1668,32,5003,35,1168,36,2719,37,6763,38,3645,39,6612,35.5
2026-04-18 12:55:12 AM,KXATPCHALLENGERMATCH-26APR18BOLYUN-BOL,36,3,35,13,34,1441,33,1668,32,5003,35,1168,36,2754,37,6763,38,3645,39,6612,35.5
2026-04-18 12:55:13 AM,KXATPCHALLENGERMATCH-26APR18BOLYUN-BOL,36,3,35,13,34,1406,33,1668,32,5003,35,1168,36,2754,37,6763,38,3645,39,6612,35.5
2026-04-18 12:55:13 AM,KXATPCHALLENGERMATCH-26APR18BOLYUN-BOL,36,3,35,13,34,1406,33,1703,32,5003,35,1168,36,2754,37,6763,38,3645,39,6612,35.5
2026-04-18 12:55:13 AM,KXATPCHALLENGERMATCH-26APR18BOLYUN-BOL,36,3,35,13,34,1406,33,1703,32,5003,35,1168,36,2754,37,6763,38,3645,39,1612,35.5
2026-04-18 12:55:14 AM,KXATPCHALLENGERMATCH-26APR18BOLYUN-BOL,36,3,35,13,34,1406,33,1703,32,5003,35,1168,36,1954,37,6763,38,3645,39,1612,35.5
2026-04-18 12:55:14 AM,KXATPCHALLENGERMATCH-26APR18BOLYUN-BOL,36,3,35,13,34,1406,33,1703,32,5003,35,1968,36,1954,37,6763,38,3645,39,1612,35.5
2026-04-18 12:55:20 AM,KXATPCHALLENGERMATCH-26APR18BOLYUN-BOL,36,3,35,13,34,1406,33,1703,32,5003,35,1968,36,1954,37,6763,38,5043,39,1612,35.5
2026-04-18 12:55:20 AM,KXATPCHALLENGERMATCH-26APR18BOLYUN-BOL,36,3,35,13,34,1406,33,1703,32,5003,35,1968,36,1954,37,6763,38,5043,39,6612,35.5
2026-04-18 12:55:20 AM,KXATPCHALLENGERMATCH-26APR18BOLYUN-BOL,36,3,35,13,34,1406,33,1703,32,5003,35,1968,36,1954,37,5366,38,5043,39,6612,35.5
2026-04-18 12:55:28 AM,KXATPCHALLENGERMATCH-26APR18BOLYUN-BOL,36,3,35,13,34,1406,33,1703,32,5003,35,1950,36,1954,37,5366,38,5043,39,6612,35.5
2026-04-18 12:55:28 AM,KXATPCHALLENGERMATCH-26APR18BOLYUN-BOL,36,3,35,13,34,1406,33,1703,32,5003,35,1950,36,1953,37,5366,38,5043,39,6612,35.5
2026-04-18 12:55:28 AM,KXATPCHALLENGERMATCH-26APR18BOLYUN-BOL,36,3,35,13,34,1406,33,1668,32,5003,35,1950,36,1953,37,5366,38,5043,39,6612,35.5
2026-04-18 12:55:28 AM,KXATPCHALLENGERMATCH-26APR18BOLYUN-BOL,36,3,35,13,34,1441,33,1668,32,5003,35,1950,36,1953,37,5366,38,5043,39,6612,35.5
2026-04-18 12:55:28 AM,KXATPCHALLENGERMATCH-26APR18BOLYUN-BOL,36,3,35,13,34,1441,33,1668,32,5003,35,1950,36,1918,37,5366,38,5043,39,6612,35.5
2026-04-18 12:55:28 AM,KXATPCHALLENGERMATCH-26APR18BOLYUN-BOL,36,3,35,13,34,1441,33,1668,32,5003,35,1950,36,1918,37,5366,38,5078,39,6612,35.5
2026-04-18 12:55:28 AM,KXATPCHALLENGERMATCH-26APR18BOLYUN-BOL,36,3,35,13,34,1441,33,1668,32,5003,35,1950,36,1917,37,5366,38,5078,39,6612,35.5
2026-04-18 12:55:29 AM,KXATPCHALLENGERMATCH-26APR18BOLYUN-BOL,36,3,35,13,34,1441,33,1668,32,5003,35,1950,36,1917,37,5366,38,5043,39,6612,35.5
2026-04-18 12:55:29 AM,KXATPCHALLENGERMATCH-26APR18BOLYUN-BOL,36,3,35,13,34,1441,33,1668,32,5003,35,1950,36,1952,37,5366,38,5043,39,6612,35.5
2026-04-18 12:55:30 AM,KXATPCHALLENGERMATCH-26APR18BOLYUN-BOL,36,3,35,13,34,1406,33,1668,32,5003,35,1950,36,1952,37,5366,38,5043,39,6612,35.5
2026-04-18 12:55:30 AM,KXATPCHALLENGERMATCH-26APR18BOLYUN-BOL,36,3,35,13,34,1406,33,1703,32,5003,35,1950,36,1952,37,5366,38,5043,39,6612,35.5
2026-04-18 12:55:58 AM,KXATPCHALLENGERMATCH-26APR18BOLYUN-BOL,36,3,35,13,34,1406,33,1703,32,5003,35,1950,36,1883,37,5366,38,5043,39,6612,35.5
2026-04-18 12:56:33 AM,KXATPCHALLENGERMATCH-26APR18BOLYUN-BOL,36,3,35,13,34,1406,33,1703,32,5003,35,1950,36,1883,37,5366,38,5053,39,6612,35.5
2026-04-18 12:56:33 AM,KXATPCHALLENGERMATCH-26APR18BOLYUN-BOL,36,3,35,13,34,1406,33,1703,32,5003,35,1950,36,1883,37,5366,38,5063,39,6612,35.5
2026-04-18 12:58:07 AM,KXATPCHALLENGERMATCH-26APR18BOLYUN-BOL,36,3,35,13,34,1406,33,1703,32,5003,35,1677,36,1883,37,5366,38,5063,39,6612,35.5
2026-04-18 12:58:07 AM,KXATPCHALLENGERMATCH-26APR18BOLYUN-BOL,36,3,35,13,34,1406,33,1703,32,5003,35,1677,36,1848,37,5366,38,5063,39,6612,35.5
2026-04-18 12:58:07 AM,KXATPCHALLENGERMATCH-26APR18BOLYUN-BOL,36,3,35,13,34,1406,33,1703,32,5003,35,1677,36,1848,37,5366,38,5098,39,6612,35.5
2026-04-18 12:58:07 AM,KXATPCHALLENGERMATCH-26APR18BOLYUN-BOL,36,3,35,13,34,1406,33,1668,32,5003,35,1677,36,1848,37,5366,38,5098,39,6612,35.5
2026-04-18 12:58:07 AM,KXATPCHALLENGERMATCH-26APR18BOLYUN-BOL,36,3,35,13,34,1441,33,1668,32,5003,35,1677,36,1848,37,5366,38,5098,39,6612,35.5
2026-04-18 12:58:07 AM,KXATPCHALLENGERMATCH-26APR18BOLYUN-BOL,36,3,35,13,34,1441,33,1668,32,5003,35,1677,36,1836,37,5366,38,5098,39,6612,35.5
2026-04-18 12:58:07 AM,KXATPCHALLENGERMATCH-26APR18BOLYUN-BOL,36,3,35,13,34,1441,33,1668,32,5003,35,1748,36,1836,37,5366,38,5098,39,6612,35.5
2026-04-18 12:58:07 AM,KXATPCHALLENGERMATCH-26APR18BOLYUN-BOL,36,3,35,13,34,1441,33,1668,32,5003,35,1748,36,1836,37,5366,38,5063,39,6612,35.5
2026-04-18 12:58:07 AM,KXATPCHALLENGERMATCH-26APR18BOLYUN-BOL,36,3,35,13,34,1441,33,1668,32,5003,35,1748,36,1871,37,5366,38,5063,39,6612,35.5
2026-04-18 12:59:03 AM,KXATPCHALLENGERMATCH-26APR18BOLYUN-BOL,36,3,35,13,34,1406,33,1668,32,5003,35,1748,36,1871,37,5366,38,5063,39,6612,35.5
2026-04-18 12:59:03 AM,KXATPCHALLENGERMATCH-26APR18BOLYUN-BOL,36,3,35,13,34,1406,33,1703,32,5003,35,1748,36,1871,37,5366,38,5063,39,6612,35.5
2026-04-18 12:59:03 AM,KXATPCHALLENGERMATCH-26APR18BOLYUN-BOL,36,3,35,13,34,1406,33,1703,32,5003,35,1735,36,1871,37,5366,38,5063,39,6612,35.5
2026-04-18 12:59:03 AM,KXATPCHALLENGERMATCH-26APR18BOLYUN-BOL,36,3,35,13,34,1406,33,1703,32,5003,35,1735,36,1836,37,5366,38,5063,39,6612,35.5
2026-04-18 12:59:03 AM,KXATPCHALLENGERMATCH-26APR18BOLYUN-BOL,36,3,35,13,34,1406,33,1703,32,5003,35,1735,36,1836,37,5366,38,5098,39,6612,35.5
2026-04-18 12:59:03 AM,KXATPCHALLENGERMATCH-26APR18BOLYUN-BOL,36,3,35,13,34,1406,33,1668,32,5003,35,1735,36,1836,37,5366,38,5098,39,6612,35.5
2026-04-18 12:59:03 AM,KXATPCHALLENGERMATCH-26APR18BOLYUN-BOL,36,3,35,13,34,1441,33,1668,32,5003,35,1735,36,1836,37,5366,38,5098,39,6612,35.5
2026-04-18 12:59:04 AM,KXATPCHALLENGERMATCH-26APR18BOLYUN-BOL,36,3,35,13,34,1441,33,1668,32,5003,35,1735,36,1836,37,5366,38,5063,39,6612,35.5
2026-04-18 12:59:04 AM,KXATPCHALLENGERMATCH-26APR18BOLYUN-BOL,36,3,35,13,34,1441,33,1668,32,5003,35,1735,36,1871,37,5366,38,5063,39,6612,35.5
2026-04-18 01:00:54 AM,KXATPCHALLENGERMATCH-26APR18BOLYUN-BOL,36,3,35,13,34,1441,33,1163,32,5003,35,1735,36,1871,37,5366,38,5063,39,6612,35.5
2026-04-18 01:00:54 AM,KXATPCHALLENGERMATCH-26APR18BOLYUN-BOL,36,3,35,13,34,1406,33,1163,32,5003,35,1735,36,1871,37,5366,38,5063,39,6612,35.5
2026-04-18 01:00:55 AM,KXATPCHALLENGERMATCH-26APR18BOLYUN-BOL,36,3,35,13,34,1406,33,1557,32,5003,35,1735,36,1871,37,5366,38,5063,39,6612,35.5
2026-04-18 01:00:59 AM,KXATPCHALLENGERMATCH-26APR18BOLYUN-BOL,36,3,35,13,34,1406,33,1557,32,5003,35,1775,36,1871,37,5366,38,5063,39,6612,35.5
2026-04-18 01:00:59 AM,KXATPCHALLENGERMATCH-26APR18BOLYUN-BOL,36,3,35,13,34,1406,33,1592,32,5003,35,1775,36,1871,37,5366,38,5063,39,6612,35.5
2026-04-18 01:01:00 AM,KXATPCHALLENGERMATCH-26APR18BOLYUN-BOL,36,3,35,13,34,1406,33,1592,32,5003,35,1775,36,1871,37,5366,38,5063,39,1612,35.5
2026-04-18 01:01:06 AM,KXATPCHALLENGERMATCH-26APR18BOLYUN-BOL,36,3,35,13,34,1406,33,1592,32,5003,35,1775,36,1871,37,5366,38,5063,39,6612,35.5
2026-04-18 01:01:22 AM,KXATPCHALLENGERMATCH-26APR18BOLYUN-BOL,36,3,35,13,34,1406,33,1364,32,5003,35,1775,36,1871,37,5366,38,5063,39,6612,35.5
2026-04-18 01:01:38 AM,KXATPCHALLENGERMATCH-26APR18BOLYUN-BOL,36,3,35,13,34,1406,33,1364,32,5003,35,1675,36,1871,37,5366,38,5063,39,6612,35.5
2026-04-18 01:01:38 AM,KXATPCHALLENGERMATCH-26APR18BOLYUN-BOL,36,3,35,13,34,1406,33,1364,32,5003,35,1703,36,1871,37,5366,38,5063,39,6612,35.5
2026-04-18 01:01:38 AM,KXATPCHALLENGERMATCH-26APR18BOLYUN-BOL,36,3,35,13,34,1406,33,1364,32,5003,35,1703,36,1836,37,5366,38,5063,39,6612,35.5
2026-04-18 01:01:38 AM,KXATPCHALLENGERMATCH-26APR18BOLYUN-BOL,36,3,35,13,34,1406,33,1364,32,5003,35,1703,36,1836,37,5366,38,5098,39,6612,35.5
2026-04-18 01:01:38 AM,KXATPCHALLENGERMATCH-26APR18BOLYUN-BOL,36,3,35,13,34,1406,33,1329,32,5003,35,1703,36,1836,37,5366,38,5098,39,6612,35.5
2026-04-18 01:01:38 AM,KXATPCHALLENGERMATCH-26APR18BOLYUN-BOL,36,3,35,13,34,1441,33,1329,32,5003,35,1703,36,1836,37,5366,38,5098,39,6612,35.5
2026-04-18 01:01:57 AM,KXATPCHALLENGERMATCH-26APR18BOLYUN-BOL,36,3,35,13,34,1441,33,1329,32,5003,35,1703,36,1836,37,4366,38,5098,39,6612,35.5
2026-04-18 01:01:57 AM,KXATPCHALLENGERMATCH-26APR18BOLYUN-BOL,36,3,35,13,34,1441,33,1329,32,5003,35,2703,36,1836,37,4366,38,5098,39,6612,35.5
2026-04-18 01:01:57 AM,KXATPCHALLENGERMATCH-26APR18BOLYUN-BOL,36,3,35,13,34,1406,33,1329,32,5003,35,2703,36,1836,37,4366,38,5098,39,6612,35.5
2026-04-18 01:01:57 AM,KXATPCHALLENGERMATCH-26APR18BOLYUN-BOL,36,3,35,13,34,1406,33,1364,32,5003,35,2703,36,1836,37,4366,38,5098,39,6612,35.5
2026-04-18 01:01:57 AM,KXATPCHALLENGERMATCH-26APR18BOLYUN-BOL,36,3,35,13,34,1406,33,1364,32,5003,35,2703,36,1836,37,4366,38,5063,39,6612,35.5
2026-04-18 01:01:57 AM,KXATPCHALLENGERMATCH-26APR18BOLYUN-BOL,36,3,35,13,34,1406,33,1364,32,5003,35,2703,36,1871,37,4366,38,5063,39,6612,35.5
2026-04-18 01:03:24 AM,KXATPCHALLENGERMATCH-26APR18BOLYUN-BOL,36,3,35,13,34,1406,33,1364,32,5003,35,2694,36,1871,37,4366,38,5063,39,6612,35.5
2026-04-18 01:03:24 AM,KXATPCHALLENGERMATCH-26APR18BOLYUN-BOL,36,3,35,13,34,1406,33,1364,32,5003,35,2694,36,1836,37,4366,38,5063,39,6612,35.5
2026-04-18 01:03:24 AM,KXATPCHALLENGERMATCH-26APR18BOLYUN-BOL,36,3,35,13,34,1406,33,1364,32,5003,35,2694,36,1836,37,4366,38,5098,39,6612,35.5
2026-04-18 01:03:24 AM,KXATPCHALLENGERMATCH-26APR18BOLYUN-BOL,36,3,35,13,34,1406,33,1329,32,5003,35,2694,36,1836,37,4366,38,5098,39,6612,35.5
2026-04-18 01:03:24 AM,KXATPCHALLENGERMATCH-26APR18BOLYUN-BOL,36,3,35,13,34,1441,33,1329,32,5003,35,2694,36,1836,37,4366,38,5098,39,6612,35.5
2026-04-18 01:03:25 AM,KXATPCHALLENGERMATCH-26APR18BOLYUN-BOL,36,3,35,13,34,1441,33,1329,32,5000,35,2694,36,1836,37,4366,38,5098,39,6612,35.5
2026-04-18 01:03:25 AM,KXATPCHALLENGERMATCH-26APR18BOLYUN-BOL,36,3,35,13,34,1406,33,1329,32,5000,35,2694,36,1836,37,4366,38,5098,39,6612,35.5
2026-04-18 01:03:25 AM,KXATPCHALLENGERMATCH-26APR18BOLYUN-BOL,36,3,35,13,34,1406,33,1364,32,5000,35,2694,36,1836,37,4366,38,5098,39,6612,35.5
2026-04-18 01:03:25 AM,KXATPCHALLENGERMATCH-26APR18BOLYUN-BOL,36,3,35,13,34,1406,33,1364,32,5000,35,2694,36,1836,37,4366,38,5063,39,6612,35.5
2026-04-18 01:03:25 AM,KXATPCHALLENGERMATCH-26APR18BOLYUN-BOL,36,3,35,13,34,1406,33,1364,32,5000,35,2694,36,1871,37,4366,38,5063,39,6612,35.5
2026-04-18 01:04:06 AM,KXATPCHALLENGERMATCH-26APR18BOLYUN-BOL,36,3,35,13,34,1406,33,1198,32,5000,35,2694,36,1871,37,4366,38,5063,39,6612,35.5
2026-04-18 01:04:22 AM,KXATPCHALLENGERMATCH-26APR18BOLYUN-BOL,36,3,35,13,34,1406,33,1364,32,5000,35,2694,36,1871,37,4366,38,5063,39,6612,35.5
2026-04-18 01:04:49 AM,KXATPCHALLENGERMATCH-26APR18BOLYUN-BOL,36,3,35,13,34,1406,33,1364,32,5000,35,2159,36,1871,37,4366,38,5063,39,6612,35.5
2026-04-18 01:04:49 AM,KXATPCHALLENGERMATCH-26APR18BOLYUN-BOL,36,3,35,13,34,1406,33,1364,32,5000,35,2159,36,1840,37,4366,38,5063,39,6612,35.5
2026-04-18 01:04:49 AM,KXATPCHALLENGERMATCH-26APR18BOLYUN-BOL,36,3,35,13,34,1406,33,1364,32,5000,35,2159,36,1805,37,4366,38,5063,39,6612,35.5
2026-04-18 01:04:49 AM,KXATPCHALLENGERMATCH-26APR18BOLYUN-BOL,36,3,35,13,34,1406,33,1364,32,5000,35,2159,36,1805,37,4366,38,5098,39,6612,35.5
2026-04-18 01:04:49 AM,KXATPCHALLENGERMATCH-26APR18BOLYUN-BOL,36,3,35,13,34,1406,33,1329,32,5000,35,2159,36,1805,37,4366,38,5098,39,6612,35.5
