ts_et,ticker,bid_1,bid_1_sz,bid_2,bid_2_sz,bid_3,bid_3_sz,bid_4,bid_4_sz,bid_5,bid_5_sz,ask_1,ask_1_sz,ask_2,ask_2_sz,ask_3,ask_3_sz,ask_4,ask_4_sz,ask_5,ask_5_sz,mid
2026-04-18 12:18:58 PM,KXATPMATCH-26APR19RUBFIL-RUB,6,316,5,494,4,623,3,540,2,1700,43,300,44,120,45,120,46,200,47,200,24.5
2026-04-18 12:20:35 PM,KXATPMATCH-26APR19RUBFIL-RUB,6,316,5,494,4,623,3,540,2,1700,43,300,45,120,46,200,47,200,48,200,24.5
2026-04-18 12:20:35 PM,KXATPMATCH-26APR19RUBFIL-RUB,6,316,5,494,4,623,3,540,2,1700,43,300,45,120,46,320,47,200,48,200,24.5
2026-04-18 12:20:35 PM,KXATPMATCH-26APR19RUBFIL-RUB,6,316,5,494,4,623,3,540,2,1700,43,300,46,320,47,200,48,200,49,200,24.5
2026-04-18 12:20:35 PM,KXATPMATCH-26APR19RUBFIL-RUB,6,316,5,494,4,623,3,540,2,1700,43,300,46,320,47,320,48,200,49,200,24.5
2026-04-18 12:20:35 PM,KXATPMATCH-26APR19RUBFIL-RUB,6,316,5,494,4,623,3,540,2,1700,43,300,46,120,47,320,48,200,49,200,24.5
2026-04-18 12:20:35 PM,KXATPMATCH-26APR19RUBFIL-RUB,6,316,5,494,4,623,3,540,2,1700,43,300,46,120,47,320,48,400,49,200,24.5
2026-04-18 12:20:36 PM,KXATPMATCH-26APR19RUBFIL-RUB,6,316,5,494,4,623,3,540,2,1700,43,300,46,120,47,120,48,400,49,200,24.5
2026-04-18 12:20:36 PM,KXATPMATCH-26APR19RUBFIL-RUB,6,316,5,494,4,623,3,540,2,1700,43,300,46,120,47,120,48,400,49,400,24.5
2026-04-18 12:20:36 PM,KXATPMATCH-26APR19RUBFIL-RUB,6,316,5,494,4,623,3,540,2,1700,43,300,46,120,47,120,48,200,49,400,24.5
2026-04-18 12:20:36 PM,KXATPMATCH-26APR19RUBFIL-RUB,6,316,5,494,4,623,3,540,2,1700,43,300,46,120,47,120,48,200,49,200,24.5
2026-04-18 12:20:59 PM,KXATPMATCH-26APR19RUBFIL-RUB,6,316,5,494,4,623,3,540,2,1700,46,120,47,120,48,200,49,200,50,200,26.0
2026-04-18 12:20:59 PM,KXATPMATCH-26APR19RUBFIL-RUB,6,316,5,494,4,623,3,540,2,1700,45,500,46,120,47,120,48,200,49,200,25.5
2026-04-18 12:22:37 PM,KXATPMATCH-26APR19RUBFIL-RUB,6,316,5,494,4,623,3,540,2,1700,45,500,47,120,48,200,49,200,50,200,25.5
2026-04-18 12:22:37 PM,KXATPMATCH-26APR19RUBFIL-RUB,6,316,5,494,4,623,3,540,2,1700,42,120,45,500,47,120,48,200,49,200,24.0
2026-04-18 12:22:37 PM,KXATPMATCH-26APR19RUBFIL-RUB,6,316,5,494,4,623,3,540,2,1700,42,120,45,500,48,200,49,200,50,200,24.0
2026-04-18 12:22:38 PM,KXATPMATCH-26APR19RUBFIL-RUB,6,316,5,494,4,623,3,540,2,1700,42,120,43,120,45,500,48,200,49,200,24.0
2026-04-18 12:22:38 PM,KXATPMATCH-26APR19RUBFIL-RUB,6,316,5,494,4,623,3,540,2,1700,42,120,43,120,45,500,49,200,50,200,24.0
2026-04-18 12:22:38 PM,KXATPMATCH-26APR19RUBFIL-RUB,6,316,5,494,4,623,3,540,2,1700,42,120,43,120,44,200,45,500,49,200,24.0
2026-04-18 12:22:38 PM,KXATPMATCH-26APR19RUBFIL-RUB,6,316,5,494,4,623,3,540,2,1700,42,120,43,120,44,200,45,500,50,200,24.0
2026-04-18 12:22:38 PM,KXATPMATCH-26APR19RUBFIL-RUB,6,316,5,494,4,623,3,540,2,1700,42,120,43,120,44,200,45,700,50,200,24.0
2026-04-18 12:22:38 PM,KXATPMATCH-26APR19RUBFIL-RUB,6,316,5,494,4,623,3,540,2,1700,42,120,43,120,44,200,45,700,51,200,24.0
2026-04-18 12:22:39 PM,KXATPMATCH-26APR19RUBFIL-RUB,6,316,5,494,4,623,3,540,2,1700,42,120,43,120,44,200,45,700,46,200,24.0
2026-04-18 12:25:34 PM,KXATPMATCH-26APR19RUBFIL-RUB,6,316,5,494,4,623,3,540,2,1700,42,120,43,120,44,200,45,200,46,200,24.0
2026-04-18 12:32:19 PM,KXATPMATCH-26APR19RUBFIL-RUB,41,10,6,316,5,494,4,623,3,540,42,120,43,120,44,200,45,200,46,200,41.5
2026-04-18 12:33:39 PM,KXATPMATCH-26APR19RUBFIL-RUB,6,316,5,494,4,623,3,540,2,1700,42,120,43,120,44,200,45,200,46,200,24.0
2026-04-18 12:34:01 PM,KXATPMATCH-26APR19RUBFIL-RUB,24,10,6,316,5,494,4,623,3,540,42,120,43,120,44,200,45,200,46,200,33.0
2026-04-18 12:34:40 PM,KXATPMATCH-26APR19RUBFIL-RUB,24,10,7,10000,6,316,5,494,4,623,42,120,43,120,44,200,45,200,46,200,33.0
2026-04-18 12:35:04 PM,KXATPMATCH-26APR19RUBFIL-RUB,24,10,7,10000,6,316,5,494,4,623,43,120,44,200,45,200,46,200,47,200,33.5
2026-04-18 12:35:04 PM,KXATPMATCH-26APR19RUBFIL-RUB,24,10,7,10000,6,316,5,494,4,623,44,200,45,200,46,200,47,200,48,500,34.0
2026-04-18 12:35:04 PM,KXATPMATCH-26APR19RUBFIL-RUB,24,10,7,10000,6,316,5,494,4,623,45,200,46,200,47,200,48,500,49,200,34.5
2026-04-18 12:35:04 PM,KXATPMATCH-26APR19RUBFIL-RUB,24,10,7,10000,6,316,5,494,4,623,46,200,47,200,48,500,49,200,57,500,35.0
2026-04-18 12:35:04 PM,KXATPMATCH-26APR19RUBFIL-RUB,24,10,7,10000,6,316,5,494,4,623,46,182,47,200,48,500,49,200,57,500,35.0
2026-04-18 12:35:25 PM,KXATPMATCH-26APR19RUBFIL-RUB,24,10,7,10000,6,316,5,494,4,623,46,182,47,200,49,200,57,500,74,1,35.0
2026-04-18 12:35:25 PM,KXATPMATCH-26APR19RUBFIL-RUB,24,10,7,10000,6,316,5,494,4,623,45,500,46,182,47,200,49,200,57,500,34.5
2026-04-18 12:35:46 PM,KXATPMATCH-26APR19RUBFIL-RUB,24,10,7,10000,6,316,5,494,4,623,45,490,46,182,47,200,49,200,57,500,34.5
2026-04-18 12:35:59 PM,KXATPMATCH-26APR19RUBFIL-RUB,24,10,7,10000,6,316,5,494,4,623,45,500,46,182,47,200,49,200,57,500,34.5
2026-04-18 12:37:02 PM,KXATPMATCH-26APR19RUBFIL-RUB,24,10,8,200,7,10000,6,316,5,494,45,500,46,182,47,200,49,200,57,500,34.5
2026-04-18 12:37:02 PM,KXATPMATCH-26APR19RUBFIL-RUB,24,10,8,200,7,10000,6,316,5,494,45,700,46,182,47,200,49,200,57,500,34.5
2026-04-18 12:37:12 PM,KXATPMATCH-26APR19RUBFIL-RUB,24,10,9,100,8,200,7,10000,6,316,45,700,46,182,47,200,49,200,57,500,34.5
2026-04-18 12:37:12 PM,KXATPMATCH-26APR19RUBFIL-RUB,24,10,9,100,7,10000,6,316,5,494,45,700,46,182,47,200,49,200,57,500,34.5
2026-04-18 12:37:12 PM,KXATPMATCH-26APR19RUBFIL-RUB,24,10,10,200,9,100,7,10000,6,316,45,700,46,182,47,200,49,200,57,500,34.5
2026-04-18 12:37:12 PM,KXATPMATCH-26APR19RUBFIL-RUB,24,10,14,60,10,200,9,100,7,10000,45,700,46,182,47,200,49,200,57,500,34.5
2026-04-18 12:37:12 PM,KXATPMATCH-26APR19RUBFIL-RUB,24,10,14,60,10,200,7,10000,6,316,45,700,46,182,47,200,49,200,57,500,34.5
2026-04-18 12:37:12 PM,KXATPMATCH-26APR19RUBFIL-RUB,24,10,14,60,11,100,10,200,7,10000,45,700,46,182,47,200,49,200,57,500,34.5
2026-04-18 12:37:14 PM,KXATPMATCH-26APR19RUBFIL-RUB,24,10,14,60,11,100,10,200,7,10000,45,700,46,182,47,200,49,200,55,60,34.5
2026-04-18 12:39:01 PM,KXATPMATCH-26APR19RUBFIL-RUB,24,10,14,60,11,100,10,200,7,10000,45,658,46,182,47,200,49,200,55,60,34.5
2026-04-18 12:39:01 PM,KXATPMATCH-26APR19RUBFIL-RUB,24,10,14,60,11,100,7,10000,6,316,45,658,46,182,47,200,49,200,55,60,34.5
2026-04-18 12:39:01 PM,KXATPMATCH-26APR19RUBFIL-RUB,24,10,15,198,14,60,11,100,7,10000,45,658,46,182,47,200,49,200,55,60,34.5
2026-04-18 12:39:01 PM,KXATPMATCH-26APR19RUBFIL-RUB,24,10,15,198,11,100,7,10000,6,316,45,658,46,182,47,200,49,200,55,60,34.5
2026-04-18 12:39:01 PM,KXATPMATCH-26APR19RUBFIL-RUB,24,10,16,60,15,198,11,100,7,10000,45,658,46,182,47,200,49,200,55,60,34.5
2026-04-18 12:39:01 PM,KXATPMATCH-26APR19RUBFIL-RUB,24,10,16,60,15,198,7,10000,6,316,45,658,46,182,47,200,49,200,55,60,34.5
2026-04-18 12:39:01 PM,KXATPMATCH-26APR19RUBFIL-RUB,24,10,16,60,15,198,8,100,7,10000,45,658,46,182,47,200,49,200,55,60,34.5
2026-04-18 12:40:04 PM,KXATPMATCH-26APR19RUBFIL-RUB,24,10,16,60,15,198,8,100,7,10000,45,458,46,182,47,200,49,200,55,60,34.5
2026-04-18 12:40:04 PM,KXATPMATCH-26APR19RUBFIL-RUB,24,10,16,60,8,100,7,10000,6,316,45,458,46,182,47,200,49,200,55,60,34.5
2026-04-18 12:40:13 PM,KXATPMATCH-26APR19RUBFIL-RUB,24,10,16,60,8,100,7,10000,6,316,45,458,46,182,47,200,49,200,57,500,34.5
2026-04-18 12:40:13 PM,KXATPMATCH-26APR19RUBFIL-RUB,24,10,16,60,7,10000,6,316,5,494,45,458,46,182,47,200,49,200,57,500,34.5
2026-04-18 12:40:13 PM,KXATPMATCH-26APR19RUBFIL-RUB,24,10,7,10000,6,316,5,494,4,623,45,458,46,182,47,200,49,200,57,500,34.5
2026-04-18 12:40:59 PM,KXATPMATCH-26APR19RUBFIL-RUB,24,10,7,10000,6,316,5,494,4,623,45,453,46,182,47,200,49,200,57,500,34.5
2026-04-18 12:41:01 PM,KXATPMATCH-26APR19RUBFIL-RUB,24,10,7,10000,6,316,5,494,4,623,45,452,46,182,47,200,49,200,57,500,34.5
2026-04-18 12:41:12 PM,KXATPMATCH-26APR19RUBFIL-RUB,24,10,7,10000,6,316,5,494,4,623,45,500,46,182,47,200,49,200,57,500,34.5
2026-04-18 12:41:22 PM,KXATPMATCH-26APR19RUBFIL-RUB,24,10,7,10000,6,316,5,494,4,623,45,488,46,182,47,200,49,200,57,500,34.5
2026-04-18 12:41:28 PM,KXATPMATCH-26APR19RUBFIL-RUB,24,10,7,10000,6,316,5,494,4,623,45,500,46,182,47,200,49,200,57,500,34.5
2026-04-18 12:41:55 PM,KXATPMATCH-26APR19RUBFIL-RUB,24,10,7,10000,6,316,5,494,4,623,45,415,46,182,47,200,49,200,57,500,34.5
2026-04-18 12:42:09 PM,KXATPMATCH-26APR19RUBFIL-RUB,24,10,7,10000,6,316,5,494,4,623,45,500,46,182,47,200,49,200,57,500,34.5
2026-04-18 12:42:54 PM,KXATPMATCH-26APR19RUBFIL-RUB,32,500,24,10,7,10000,6,316,5,494,45,500,46,182,47,200,49,200,57,500,38.5
2026-04-18 12:43:25 PM,KXATPMATCH-26APR19RUBFIL-RUB,32,500,24,10,7,10000,6,316,5,494,44,500,45,500,46,182,47,200,49,200,38.0
2026-04-18 12:43:42 PM,KXATPMATCH-26APR19RUBFIL-RUB,32,500,24,10,7,10000,6,316,5,494,42,1,44,500,45,500,46,182,47,200,37.0
2026-04-18 12:44:32 PM,KXATPMATCH-26APR19RUBFIL-RUB,32,500,24,10,7,10000,6,316,5,494,42,1,45,500,46,182,47,200,49,200,37.0
2026-04-18 12:49:06 PM,KXATPMATCH-26APR19RUBFIL-RUB,32,500,24,10,7,10000,6,316,5,494,42,2,45,500,46,182,47,200,49,200,37.0
2026-04-18 12:52:52 PM,KXATPMATCH-26APR19RUBFIL-RUB,32,500,29,279,24,10,7,10000,6,316,42,2,45,500,46,182,47,200,49,200,37.0
2026-04-18 12:52:52 PM,KXATPMATCH-26APR19RUBFIL-RUB,32,500,29,279,24,10,7,10000,6,316,42,141,45,500,46,182,47,200,49,200,37.0
2026-04-18 12:52:57 PM,KXATPMATCH-26APR19RUBFIL-RUB,37,30,32,500,29,279,24,10,7,10000,42,141,45,500,46,182,47,200,49,200,39.5
2026-04-18 12:55:09 PM,KXATPMATCH-26APR19RUBFIL-RUB,37,17,32,500,29,279,24,10,7,10000,42,141,45,500,46,182,47,200,49,200,39.5
2026-04-18 12:55:10 PM,KXATPMATCH-26APR19RUBFIL-RUB,37,10,32,500,29,279,24,10,7,10000,42,141,45,500,46,182,47,200,49,200,39.5
2026-04-18 12:55:19 PM,KXATPMATCH-26APR19RUBFIL-RUB,37,6,32,500,29,279,24,10,7,10000,42,141,45,500,46,182,47,200,49,200,39.5
2026-04-18 12:55:22 PM,KXATPMATCH-26APR19RUBFIL-RUB,37,4,32,500,29,279,24,10,7,10000,42,141,45,500,46,182,47,200,49,200,39.5
2026-04-18 12:55:28 PM,KXATPMATCH-26APR19RUBFIL-RUB,37,3,32,500,29,279,24,10,7,10000,42,141,45,500,46,182,47,200,49,200,39.5
2026-04-18 12:55:34 PM,KXATPMATCH-26APR19RUBFIL-RUB,37,2,32,500,29,279,24,10,7,10000,42,141,45,500,46,182,47,200,49,200,39.5
2026-04-18 12:55:45 PM,KXATPMATCH-26APR19RUBFIL-RUB,37,2,32,500,29,279,24,10,7,10000,42,140,45,500,46,182,47,200,49,200,39.5
2026-04-18 12:55:45 PM,KXATPMATCH-26APR19RUBFIL-RUB,37,2,32,500,29,279,24,10,7,10000,42,139,45,500,46,182,47,200,49,200,39.5
2026-04-18 12:55:45 PM,KXATPMATCH-26APR19RUBFIL-RUB,37,2,32,500,29,279,24,10,7,10000,45,500,46,182,47,200,49,200,57,500,41.0
2026-04-18 12:55:58 PM,KXATPMATCH-26APR19RUBFIL-RUB,32,500,29,279,24,10,7,10000,6,316,45,500,46,182,47,200,49,200,57,500,38.5
2026-04-18 12:56:01 PM,KXATPMATCH-26APR19RUBFIL-RUB,29,279,24,10,7,10000,6,316,5,494,45,500,46,182,47,200,49,200,57,500,37.0
2026-04-18 12:56:03 PM,KXATPMATCH-26APR19RUBFIL-RUB,29,279,24,10,7,10000,6,316,5,494,44,4,45,500,46,182,47,200,49,200,36.5
2026-04-18 12:56:03 PM,KXATPMATCH-26APR19RUBFIL-RUB,29,279,24,10,7,10000,6,316,5,494,44,29,45,500,46,182,47,200,49,200,36.5
2026-04-18 12:56:03 PM,KXATPMATCH-26APR19RUBFIL-RUB,29,279,24,10,7,10000,6,316,5,494,45,500,46,182,47,200,49,200,57,500,37.0
2026-04-18 12:56:03 PM,KXATPMATCH-26APR19RUBFIL-RUB,29,279,24,10,7,10000,6,316,5,494,43,29,45,500,46,182,47,200,49,200,36.0
2026-04-18 12:56:11 PM,KXATPMATCH-26APR19RUBFIL-RUB,29,140,24,10,7,10000,6,316,5,494,43,29,45,500,46,182,47,200,49,200,36.0
2026-04-18 12:56:24 PM,KXATPMATCH-26APR19RUBFIL-RUB,32,500,29,140,24,10,7,10000,6,316,43,29,45,500,46,182,47,200,49,200,37.5
2026-04-18 12:56:24 PM,KXATPMATCH-26APR19RUBFIL-RUB,32,500,29,140,24,10,7,10000,6,316,37,500,43,29,45,500,46,182,47,200,34.5
2026-04-18 12:56:24 PM,KXATPMATCH-26APR19RUBFIL-RUB,32,500,29,140,24,10,7,10000,6,316,37,500,45,500,46,182,47,200,49,200,34.5
2026-04-18 12:56:37 PM,KXATPMATCH-26APR19RUBFIL-RUB,32,500,29,140,24,10,7,10000,6,316,37,540,45,500,46,182,47,200,49,200,34.5
2026-04-18 12:56:43 PM,KXATPMATCH-26APR19RUBFIL-RUB,29,140,24,10,7,10000,6,316,5,494,37,540,45,500,46,182,47,200,49,200,33.0
2026-04-18 12:57:17 PM,KXATPMATCH-26APR19RUBFIL-RUB,32,500,29,140,24,10,7,10000,6,316,37,540,45,500,46,182,47,200,49,200,34.5
2026-04-18 12:57:21 PM,KXATPMATCH-26APR19RUBFIL-RUB,29,140,24,10,7,10000,6,316,5,494,37,540,45,500,46,182,47,200,49,200,33.0
2026-04-18 12:57:57 PM,KXATPMATCH-26APR19RUBFIL-RUB,29,140,24,10,7,10000,6,316,5,494,37,464,45,500,46,182,47,200,49,200,33.0
2026-04-18 12:58:01 PM,KXATPMATCH-26APR19RUBFIL-RUB,29,140,24,10,7,10000,6,316,5,494,37,454,45,500,46,182,47,200,49,200,33.0
2026-04-18 12:58:04 PM,KXATPMATCH-26APR19RUBFIL-RUB,24,10,7,10000,6,316,5,494,4,623,37,454,45,500,46,182,47,200,49,200,30.5
2026-04-18 12:58:08 PM,KXATPMATCH-26APR19RUBFIL-RUB,29,279,24,10,7,10000,6,316,5,494,37,454,45,500,46,182,47,200,49,200,33.0
2026-04-18 12:58:08 PM,KXATPMATCH-26APR19RUBFIL-RUB,29,279,24,10,7,10000,6,316,5,494,37,454,42,139,45,500,46,182,47,200,33.0
2026-04-18 12:58:11 PM,KXATPMATCH-26APR19RUBFIL-RUB,32,500,29,279,24,10,7,10000,6,316,37,454,42,139,45,500,46,182,47,200,34.5
2026-04-18 12:58:21 PM,KXATPMATCH-26APR19RUBFIL-RUB,32,500,29,279,24,10,8,200,7,10000,37,454,42,139,45,500,46,182,47,200,34.5
2026-04-18 12:58:29 PM,KXATPMATCH-26APR19RUBFIL-RUB,32,500,29,279,24,10,9,100,8,200,37,454,42,139,45,500,46,182,47,200,34.5
2026-04-18 12:58:30 PM,KXATPMATCH-26APR19RUBFIL-RUB,32,500,29,279,24,10,22,60,9,100,37,454,42,139,45,500,46,182,47,200,34.5
2026-04-18 12:58:30 PM,KXATPMATCH-26APR19RUBFIL-RUB,32,500,29,279,24,10,22,60,9,100,37,454,42,139,44,60,45,500,46,182,34.5
2026-04-18 12:58:31 PM,KXATPMATCH-26APR19RUBFIL-RUB,32,500,29,279,24,10,22,120,9,100,37,454,42,139,44,60,45,500,46,182,34.5
2026-04-18 12:58:32 PM,KXATPMATCH-26APR19RUBFIL-RUB,29,279,24,10,22,120,9,100,8,200,37,454,42,139,44,60,45,500,46,182,33.0
2026-04-18 12:58:32 PM,KXATPMATCH-26APR19RUBFIL-RUB,29,279,24,10,22,60,9,100,8,200,37,454,42,139,44,60,45,500,46,182,33.0
2026-04-18 12:58:32 PM,KXATPMATCH-26APR19RUBFIL-RUB,29,279,24,10,22,60,19,60,9,100,37,454,42,139,44,60,45,500,46,182,33.0
2026-04-18 12:58:57 PM,KXATPMATCH-26APR19RUBFIL-RUB,24,10,22,60,19,60,9,100,8,200,37,454,42,139,44,60,45,500,46,182,30.5
2026-04-18 12:58:57 PM,KXATPMATCH-26APR19RUBFIL-RUB,24,10,19,60,9,100,8,200,7,10000,37,454,42,139,44,60,45,500,46,182,30.5
2026-04-18 12:58:57 PM,KXATPMATCH-26APR19RUBFIL-RUB,24,10,19,60,9,100,8,200,7,10000,37,454,41,35,42,139,44,60,45,500,30.5
2026-04-18 12:58:57 PM,KXATPMATCH-26APR19RUBFIL-RUB,24,10,9,100,8,200,7,10000,6,316,37,454,41,35,42,139,44,60,45,500,30.5
2026-04-18 12:58:57 PM,KXATPMATCH-26APR19RUBFIL-RUB,24,10,14,60,9,100,8,200,7,10000,37,454,41,35,42,139,44,60,45,500,30.5
2026-04-18 12:58:58 PM,KXATPMATCH-26APR19RUBFIL-RUB,24,10,14,60,9,100,8,200,7,10000,37,449,41,35,42,139,44,60,45,500,30.5
2026-04-18 12:59:05 PM,KXATPMATCH-26APR19RUBFIL-RUB,24,10,14,60,9,100,8,200,7,10000,29,204,37,449,41,35,42,139,44,60,26.5
2026-04-18 12:59:05 PM,KXATPMATCH-26APR19RUBFIL-RUB,24,10,14,60,9,100,8,200,7,10000,29,204,36,200,37,449,41,35,42,139,26.5
2026-04-18 12:59:05 PM,KXATPMATCH-26APR19RUBFIL-RUB,24,10,14,60,9,100,8,200,7,10000,29,204,36,200,37,449,42,139,44,60,26.5
2026-04-18 12:59:05 PM,KXATPMATCH-26APR19RUBFIL-RUB,24,10,14,60,9,100,8,200,7,10000,29,204,36,200,37,449,42,139,45,500,26.5
2026-04-18 12:59:05 PM,KXATPMATCH-26APR19RUBFIL-RUB,24,10,14,60,9,100,8,200,7,10000,29,204,35,35,36,200,37,449,42,139,26.5
2026-04-18 12:59:05 PM,KXATPMATCH-26APR19RUBFIL-RUB,24,10,14,60,9,100,8,200,7,10000,29,204,35,95,36,200,37,449,42,139,26.5
2026-04-18 12:59:11 PM,KXATPMATCH-26APR19RUBFIL-RUB,24,10,14,60,9,100,8,200,7,10000,35,95,36,200,37,449,42,139,45,500,29.5
2026-04-18 12:59:11 PM,KXATPMATCH-26APR19RUBFIL-RUB,32,296,24,10,14,60,9,100,8,200,35,95,36,200,37,449,42,139,45,500,33.5
2026-04-18 12:59:11 PM,KXATPMATCH-26APR19RUBFIL-RUB,32,296,24,10,14,60,9,100,8,200,35,95,37,449,42,139,45,500,46,182,33.5
2026-04-18 12:59:11 PM,KXATPMATCH-26APR19RUBFIL-RUB,32,296,24,10,9,100,8,200,7,10000,35,95,37,449,42,139,45,500,46,182,33.5
2026-04-18 12:59:11 PM,KXATPMATCH-26APR19RUBFIL-RUB,32,296,24,10,9,100,8,200,7,10000,35,35,37,449,42,139,45,500,46,182,33.5
2026-04-18 12:59:11 PM,KXATPMATCH-26APR19RUBFIL-RUB,32,296,24,10,22,60,9,100,8,200,35,35,37,449,42,139,45,500,46,182,33.5
2026-04-18 12:59:12 PM,KXATPMATCH-26APR19RUBFIL-RUB,32,296,24,10,22,60,9,100,8,200,35,35,37,449,42,139,44,60,45,500,33.5
2026-04-18 12:59:12 PM,KXATPMATCH-26APR19RUBFIL-RUB,32,296,24,10,22,60,9,100,8,200,37,449,42,139,44,60,45,500,46,182,34.5
2026-04-18 12:59:19 PM,KXATPMATCH-26APR19RUBFIL-RUB,32,296,30,270,24,10,22,60,9,100,37,449,42,139,44,60,45,500,46,182,34.5
2026-04-18 12:59:19 PM,KXATPMATCH-26APR19RUBFIL-RUB,32,296,30,270,24,10,22,60,9,100,37,449,42,139,43,142,44,60,45,500,34.5
2026-04-18 12:59:19 PM,KXATPMATCH-26APR19RUBFIL-RUB,32,296,30,270,24,10,22,60,9,100,37,449,43,142,44,60,45,500,46,182,34.5
2026-04-18 12:59:20 PM,KXATPMATCH-26APR19RUBFIL-RUB,32,296,30,270,25,35,24,10,22,60,37,449,43,142,44,60,45,500,46,182,34.5
2026-04-18 12:59:20 PM,KXATPMATCH-26APR19RUBFIL-RUB,32,296,30,270,25,35,24,10,22,60,37,449,41,35,43,142,44,60,45,500,34.5
2026-04-18 12:59:20 PM,KXATPMATCH-26APR19RUBFIL-RUB,32,296,30,270,25,35,24,10,22,60,37,449,43,142,44,60,45,500,46,182,34.5
2026-04-18 12:59:40 PM,KXATPMATCH-26APR19RUBFIL-RUB,30,270,25,35,24,10,22,60,9,100,37,449,43,142,44,60,45,500,46,182,33.5
2026-04-18 12:59:40 PM,KXATPMATCH-26APR19RUBFIL-RUB,30,270,24,10,22,60,9,100,8,200,37,449,43,142,44,60,45,500,46,182,33.5
2026-04-18 12:59:52 PM,KXATPMATCH-26APR19RUBFIL-RUB,24,10,22,60,9,100,8,200,7,10000,37,449,43,142,44,60,45,500,46,182,30.5
2026-04-18 12:59:52 PM,KXATPMATCH-26APR19RUBFIL-RUB,24,10,22,60,9,100,8,200,7,10000,37,449,42,200,43,142,44,60,45,500,30.5
2026-04-18 12:59:53 PM,KXATPMATCH-26APR19RUBFIL-RUB,24,10,9,100,8,200,7,10000,6,316,37,449,42,200,43,142,44,60,45,500,30.5
2026-04-18 12:59:54 PM,KXATPMATCH-26APR19RUBFIL-RUB,24,10,14,60,9,100,8,200,7,10000,37,449,42,200,43,142,44,60,45,500,30.5
2026-04-18 12:59:54 PM,KXATPMATCH-26APR19RUBFIL-RUB,24,10,14,60,9,100,8,200,7,10000,37,449,40,35,42,200,43,142,44,60,30.5
2026-04-18 01:00:01 PM,KXATPMATCH-26APR19RUBFIL-RUB,14,60,9,100,8,200,7,10000,6,316,37,449,40,35,42,200,43,142,44,60,25.5
2026-04-18 01:00:01 PM,KXATPMATCH-26APR19RUBFIL-RUB,14,60,9,100,8,143,7,10000,6,316,37,449,40,35,42,200,43,142,44,60,25.5
2026-04-18 01:00:01 PM,KXATPMATCH-26APR19RUBFIL-RUB,9,100,8,143,7,10000,6,316,5,494,37,449,40,35,42,200,43,142,44,60,23.0
2026-04-18 01:00:01 PM,KXATPMATCH-26APR19RUBFIL-RUB,8,143,7,10000,6,316,5,494,4,623,37,449,40,35,42,200,43,142,44,60,22.5
2026-04-18 01:00:01 PM,KXATPMATCH-26APR19RUBFIL-RUB,9,60,8,143,7,10000,6,316,5,494,37,449,40,35,42,200,43,142,44,60,23.0
2026-04-18 01:00:02 PM,KXATPMATCH-26APR19RUBFIL-RUB,9,60,8,86,7,10000,6,316,5,494,37,449,40,35,42,200,43,142,44,60,23.0
2026-04-18 01:00:02 PM,KXATPMATCH-26APR19RUBFIL-RUB,8,86,7,10000,6,316,5,494,4,623,37,449,40,35,42,200,43,142,44,60,22.5
2026-04-18 01:00:02 PM,KXATPMATCH-26APR19RUBFIL-RUB,8,65,7,10000,6,316,5,494,4,623,37,449,40,35,42,200,43,142,44,60,22.5
2026-04-18 01:00:02 PM,KXATPMATCH-26APR19RUBFIL-RUB,8,24,7,10000,6,316,5,494,4,623,37,449,40,35,42,200,43,142,44,60,22.5
2026-04-18 01:00:02 PM,KXATPMATCH-26APR19RUBFIL-RUB,8,52,7,10000,6,316,5,494,4,623,37,449,40,35,42,200,43,142,44,60,22.5
2026-04-18 01:00:02 PM,KXATPMATCH-26APR19RUBFIL-RUB,8,24,7,10000,6,316,5,494,4,623,37,449,40,35,42,200,43,142,44,60,22.5
2026-04-18 01:00:02 PM,KXATPMATCH-26APR19RUBFIL-RUB,8,24,7,10000,6,316,5,494,4,623,37,449,40,35,42,121,43,142,44,60,22.5
2026-04-18 01:00:02 PM,KXATPMATCH-26APR19RUBFIL-RUB,8,52,7,10000,6,316,5,494,4,623,37,449,40,35,42,121,43,142,44,60,22.5
2026-04-18 01:00:02 PM,KXATPMATCH-26APR19RUBFIL-RUB,8,24,7,10000,6,316,5,494,4,623,37,449,40,35,42,121,43,142,44,60,22.5
2026-04-18 01:00:02 PM,KXATPMATCH-26APR19RUBFIL-RUB,8,52,7,10000,6,316,5,494,4,623,37,449,40,35,42,121,43,142,44,60,22.5
2026-04-18 01:00:03 PM,KXATPMATCH-26APR19RUBFIL-RUB,8,24,7,10000,6,316,5,494,4,623,37,449,40,35,42,121,43,142,44,60,22.5
2026-04-18 01:00:03 PM,KXATPMATCH-26APR19RUBFIL-RUB,8,52,7,10000,6,316,5,494,4,623,37,449,40,35,42,121,43,142,44,60,22.5
2026-04-18 01:00:03 PM,KXATPMATCH-26APR19RUBFIL-RUB,8,24,7,10000,6,316,5,494,4,623,37,449,40,35,42,121,43,142,44,60,22.5
2026-04-18 01:00:03 PM,KXATPMATCH-26APR19RUBFIL-RUB,8,52,7,10000,6,316,5,494,4,623,37,449,40,35,42,121,43,142,44,60,22.5
2026-04-18 01:00:03 PM,KXATPMATCH-26APR19RUBFIL-RUB,8,24,7,10000,6,316,5,494,4,623,37,449,40,35,42,121,43,142,44,60,22.5
2026-04-18 01:00:03 PM,KXATPMATCH-26APR19RUBFIL-RUB,8,59,7,10000,6,316,5,494,4,623,37,449,40,35,42,121,43,142,44,60,22.5
2026-04-18 01:00:03 PM,KXATPMATCH-26APR19RUBFIL-RUB,8,126,7,10000,6,316,5,494,4,623,37,449,40,35,42,121,43,142,44,60,22.5
2026-04-18 01:00:03 PM,KXATPMATCH-26APR19RUBFIL-RUB,8,59,7,10000,6,316,5,494,4,623,37,449,40,35,42,121,43,142,44,60,22.5
2026-04-18 01:00:03 PM,KXATPMATCH-26APR19RUBFIL-RUB,8,126,7,10000,6,316,5,494,4,623,37,449,40,35,42,121,43,142,44,60,22.5
2026-04-18 01:00:03 PM,KXATPMATCH-26APR19RUBFIL-RUB,8,156,7,10000,6,316,5,494,4,623,37,449,40,35,42,121,43,142,44,60,22.5
2026-04-18 01:00:03 PM,KXATPMATCH-26APR19RUBFIL-RUB,8,89,7,10000,6,316,5,494,4,623,37,449,40,35,42,121,43,142,44,60,22.5
2026-04-18 01:00:04 PM,KXATPMATCH-26APR19RUBFIL-RUB,8,186,7,10000,6,316,5,494,4,623,37,449,40,35,42,121,43,142,44,60,22.5
2026-04-18 01:00:04 PM,KXATPMATCH-26APR19RUBFIL-RUB,8,89,7,10000,6,316,5,494,4,623,37,449,40,35,42,121,43,142,44,60,22.5
2026-04-18 01:00:04 PM,KXATPMATCH-26APR19RUBFIL-RUB,8,186,7,10000,6,316,5,494,4,623,37,449,40,35,42,121,43,142,44,60,22.5
2026-04-18 01:00:04 PM,KXATPMATCH-26APR19RUBFIL-RUB,8,89,7,10000,6,316,5,494,4,623,37,449,40,35,42,121,43,142,44,60,22.5
2026-04-18 01:00:04 PM,KXATPMATCH-26APR19RUBFIL-RUB,8,186,7,10000,6,316,5,494,4,623,37,449,40,35,42,121,43,142,44,60,22.5
2026-04-18 01:00:04 PM,KXATPMATCH-26APR19RUBFIL-RUB,8,89,7,10000,6,316,5,494,4,623,37,449,40,35,42,121,43,142,44,60,22.5
2026-04-18 01:00:04 PM,KXATPMATCH-26APR19RUBFIL-RUB,8,186,7,10000,6,316,5,494,4,623,37,449,40,35,42,121,43,142,44,60,22.5
2026-04-18 01:00:05 PM,KXATPMATCH-26APR19RUBFIL-RUB,8,89,7,10000,6,316,5,494,4,623,37,449,40,35,42,121,43,142,44,60,22.5
2026-04-18 01:00:05 PM,KXATPMATCH-26APR19RUBFIL-RUB,8,186,7,10000,6,316,5,494,4,623,37,449,40,35,42,121,43,142,44,60,22.5
2026-04-18 01:00:05 PM,KXATPMATCH-26APR19RUBFIL-RUB,8,89,7,10000,6,316,5,494,4,623,37,449,40,35,42,121,43,142,44,60,22.5
2026-04-18 01:00:05 PM,KXATPMATCH-26APR19RUBFIL-RUB,8,186,7,10000,6,316,5,494,4,623,37,449,40,35,42,121,43,142,44,60,22.5
2026-04-18 01:00:05 PM,KXATPMATCH-26APR19RUBFIL-RUB,8,89,7,10000,6,316,5,494,4,623,37,449,40,35,42,121,43,142,44,60,22.5
2026-04-18 01:00:05 PM,KXATPMATCH-26APR19RUBFIL-RUB,8,186,7,10000,6,316,5,494,4,623,37,449,40,35,42,121,43,142,44,60,22.5
2026-04-18 01:00:05 PM,KXATPMATCH-26APR19RUBFIL-RUB,8,89,7,10000,6,316,5,494,4,623,37,449,40,35,42,121,43,142,44,60,22.5
2026-04-18 01:00:06 PM,KXATPMATCH-26APR19RUBFIL-RUB,8,186,7,10000,6,316,5,494,4,623,37,449,40,35,42,121,43,142,44,60,22.5
2026-04-18 01:00:06 PM,KXATPMATCH-26APR19RUBFIL-RUB,8,89,7,10000,6,316,5,494,4,623,37,449,40,35,42,121,43,142,44,60,22.5
2026-04-18 01:00:06 PM,KXATPMATCH-26APR19RUBFIL-RUB,8,186,7,10000,6,316,5,494,4,623,37,449,40,35,42,121,43,142,44,60,22.5
2026-04-18 01:00:06 PM,KXATPMATCH-26APR19RUBFIL-RUB,8,89,7,10000,6,316,5,494,4,623,37,449,40,35,42,121,43,142,44,60,22.5
2026-04-18 01:00:06 PM,KXATPMATCH-26APR19RUBFIL-RUB,8,186,7,10000,6,316,5,494,4,623,37,449,40,35,42,121,43,142,44,60,22.5
2026-04-18 01:00:06 PM,KXATPMATCH-26APR19RUBFIL-RUB,8,89,7,10000,6,316,5,494,4,623,37,449,40,35,42,121,43,142,44,60,22.5
2026-04-18 01:00:06 PM,KXATPMATCH-26APR19RUBFIL-RUB,8,189,7,10000,6,316,5,494,4,623,37,449,40,35,42,121,43,142,44,60,22.5
2026-04-18 01:00:06 PM,KXATPMATCH-26APR19RUBFIL-RUB,8,286,7,10000,6,316,5,494,4,623,37,449,40,35,42,121,43,142,44,60,22.5
2026-04-18 01:00:06 PM,KXATPMATCH-26APR19RUBFIL-RUB,8,286,7,10000,6,316,5,494,4,623,37,949,40,35,42,121,43,142,44,60,22.5
2026-04-18 01:00:06 PM,KXATPMATCH-26APR19RUBFIL-RUB,8,239,7,10000,6,316,5,494,4,623,37,949,40,35,42,121,43,142,44,60,22.5
2026-04-18 01:00:10 PM,KXATPMATCH-26APR19RUBFIL-RUB,8,239,7,10000,6,316,5,494,4,623,37,540,40,35,42,121,43,142,44,60,22.5
2026-04-18 01:00:13 PM,KXATPMATCH-26APR19RUBFIL-RUB,33,500,8,239,7,10000,6,316,5,494,37,540,40,35,42,121,43,142,44,60,35.0
2026-04-18 01:00:13 PM,KXATPMATCH-26APR19RUBFIL-RUB,33,500,8,239,7,10000,6,316,5,494,37,540,38,2409,40,35,42,121,43,142,35.0
2026-04-18 01:00:13 PM,KXATPMATCH-26APR19RUBFIL-RUB,33,500,8,139,7,10000,6,316,5,494,37,540,38,2409,40,35,42,121,43,142,35.0
2026-04-18 01:00:13 PM,KXATPMATCH-26APR19RUBFIL-RUB,33,500,8,139,7,10000,6,316,5,494,37,540,38,2409,42,121,43,142,44,60,35.0
2026-04-18 01:00:13 PM,KXATPMATCH-26APR19RUBFIL-RUB,33,500,29,100,8,139,7,10000,6,316,37,540,38,2409,42,121,43,142,44,60,35.0
2026-04-18 01:00:13 PM,KXATPMATCH-26APR19RUBFIL-RUB,33,500,29,100,8,109,7,10000,6,316,37,540,38,2409,42,121,43,142,44,60,35.0
2026-04-18 01:00:13 PM,KXATPMATCH-26APR19RUBFIL-RUB,33,500,29,100,8,59,7,10000,6,316,37,540,38,2409,42,121,43,142,44,60,35.0
2026-04-18 01:00:13 PM,KXATPMATCH-26APR19RUBFIL-RUB,33,500,29,100,9,200,8,59,7,10000,37,540,38,2409,42,121,43,142,44,60,35.0
2026-04-18 01:00:13 PM,KXATPMATCH-26APR19RUBFIL-RUB,33,500,29,100,9,300,8,59,7,10000,37,540,38,2409,42,121,43,142,44,60,35.0
2026-04-18 01:00:13 PM,KXATPMATCH-26APR19RUBFIL-RUB,33,500,29,100,9,300,8,59,7,10000,37,540,38,2409,43,142,44,60,45,535,35.0
2026-04-18 01:00:17 PM,KXATPMATCH-26APR19RUBFIL-RUB,33,500,29,100,9,300,8,59,7,10000,37,540,38,2409,43,142,45,535,46,182,35.0
2026-04-18 01:00:17 PM,KXATPMATCH-26APR19RUBFIL-RUB,33,500,29,100,23,60,9,300,8,59,37,540,38,2409,43,142,45,535,46,182,35.0
2026-04-18 01:00:25 PM,KXATPMATCH-26APR19RUBFIL-RUB,29,100,23,60,9,300,8,59,7,10000,37,540,38,2409,43,142,45,535,46,182,33.0
2026-04-18 01:00:25 PM,KXATPMATCH-26APR19RUBFIL-RUB,23,60,9,300,8,59,7,10000,6,316,37,540,38,2409,43,142,45,535,46,182,30.0
2026-04-18 01:00:25 PM,KXATPMATCH-26APR19RUBFIL-RUB,9,300,8,59,7,10000,6,316,5,494,37,540,38,2409,43,142,45,535,46,182,23.0
2026-04-18 01:00:25 PM,KXATPMATCH-26APR19RUBFIL-RUB,19,60,9,300,8,59,7,10000,6,316,37,540,38,2409,43,142,45,535,46,182,28.0
2026-04-18 01:00:25 PM,KXATPMATCH-26APR19RUBFIL-RUB,19,60,9,300,8,59,7,10000,6,316,37,540,38,2409,43,142,45,500,46,182,28.0
2026-04-18 01:00:25 PM,KXATPMATCH-26APR19RUBFIL-RUB,19,60,9,300,8,59,7,10000,6,316,37,575,38,2409,43,142,45,500,46,182,28.0
2026-04-18 01:00:25 PM,KXATPMATCH-26APR19RUBFIL-RUB,23,100,19,60,9,300,8,59,7,10000,37,575,38,2409,43,142,45,500,46,182,30.0
2026-04-18 01:00:25 PM,KXATPMATCH-26APR19RUBFIL-RUB,23,100,19,60,9,300,8,59,7,10000,37,706,38,2409,43,142,45,500,46,182,30.0
2026-04-18 01:00:25 PM,KXATPMATCH-26APR19RUBFIL-RUB,23,100,19,60,9,300,8,24,7,10000,37,706,38,2409,43,142,45,500,46,182,30.0
2026-04-18 01:00:25 PM,KXATPMATCH-26APR19RUBFIL-RUB,23,100,9,300,8,24,7,10000,6,316,37,706,38,2409,43,142,45,500,46,182,30.0
2026-04-18 01:00:25 PM,KXATPMATCH-26APR19RUBFIL-RUB,23,100,9,200,8,24,7,10000,6,316,37,706,38,2409,43,142,45,500,46,182,30.0
2026-04-18 01:00:25 PM,KXATPMATCH-26APR19RUBFIL-RUB,23,100,13,60,9,200,8,24,7,10000,37,706,38,2409,43,142,45,500,46,182,30.0
2026-04-18 01:00:25 PM,KXATPMATCH-26APR19RUBFIL-RUB,23,100,13,60,10,100,9,200,8,24,37,706,38,2409,43,142,45,500,46,182,30.0
2026-04-18 01:00:25 PM,KXATPMATCH-26APR19RUBFIL-RUB,13,60,10,100,9,200,8,24,7,10000,37,706,38,2409,43,142,45,500,46,182,25.0
2026-04-18 01:00:25 PM,KXATPMATCH-26APR19RUBFIL-RUB,22,35,13,60,10,100,9,200,8,24,37,706,38,2409,43,142,45,500,46,182,29.5
2026-04-18 01:00:25 PM,KXATPMATCH-26APR19RUBFIL-RUB,13,60,10,100,9,200,8,24,7,10000,37,706,38,2409,43,142,45,500,46,182,25.0
2026-04-18 01:00:25 PM,KXATPMATCH-26APR19RUBFIL-RUB,13,60,10,100,9,139,8,24,7,10000,37,706,38,2409,43,142,45,500,46,182,25.0
2026-04-18 01:00:25 PM,KXATPMATCH-26APR19RUBFIL-RUB,10,100,9,139,8,24,7,10000,6,316,37,706,38,2409,43,142,45,500,46,182,23.5
2026-04-18 01:00:25 PM,KXATPMATCH-26APR19RUBFIL-RUB,13,100,10,100,9,139,8,24,7,10000,37,706,38,2409,43,142,45,500,46,182,25.0
2026-04-18 01:00:25 PM,KXATPMATCH-26APR19RUBFIL-RUB,13,100,10,100,9,120,8,24,7,10000,37,706,38,2409,43,142,45,500,46,182,25.0
2026-04-18 01:00:25 PM,KXATPMATCH-26APR19RUBFIL-RUB,13,100,10,100,9,120,8,24,7,10000,37,706,38,2409,43,142,44,60,45,500,25.0
2026-04-18 01:00:25 PM,KXATPMATCH-26APR19RUBFIL-RUB,13,100,9,120,8,24,7,10000,6,316,37,706,38,2409,43,142,44,60,45,500,25.0
2026-04-18 01:00:25 PM,KXATPMATCH-26APR19RUBFIL-RUB,9,120,8,24,7,10000,6,316,5,494,37,706,38,2409,43,142,44,60,45,500,23.0
2026-04-18 01:00:25 PM,KXATPMATCH-26APR19RUBFIL-RUB,13,35,9,120,8,24,7,10000,6,316,37,706,38,2409,43,142,44,60,45,500,25.0
2026-04-18 01:00:25 PM,KXATPMATCH-26APR19RUBFIL-RUB,13,35,9,21,8,24,7,10000,6,316,37,706,38,2409,43,142,44,60,45,500,25.0
2026-04-18 01:00:25 PM,KXATPMATCH-26APR19RUBFIL-RUB,13,35,8,24,7,10000,6,316,5,494,37,706,38,2409,43,142,44,60,45,500,25.0
2026-04-18 01:00:25 PM,KXATPMATCH-26APR19RUBFIL-RUB,13,35,8,161,7,10000,6,316,5,494,37,706,38,2409,43,142,44,60,45,500,25.0
2026-04-18 01:00:25 PM,KXATPMATCH-26APR19RUBFIL-RUB,13,35,8,161,7,10000,6,316,5,494,37,706,38,2409,43,142,45,500,46,182,25.0
2026-04-18 01:00:26 PM,KXATPMATCH-26APR19RUBFIL-RUB,13,35,8,161,7,10000,6,316,5,494,37,706,38,2409,43,142,44,60,45,500,25.0
2026-04-18 01:00:26 PM,KXATPMATCH-26APR19RUBFIL-RUB,13,135,8,161,7,10000,6,316,5,494,37,706,38,2409,43,142,44,60,45,500,25.0
2026-04-18 01:00:26 PM,KXATPMATCH-26APR19RUBFIL-RUB,13,135,8,137,7,10000,6,316,5,494,37,706,38,2409,43,142,44,60,45,500,25.0
2026-04-18 01:01:37 PM,KXATPMATCH-26APR19RUBFIL-RUB,13,135,8,137,7,10000,6,316,5,494,37,671,38,2409,43,142,44,60,45,500,25.0
2026-04-18 01:01:37 PM,KXATPMATCH-26APR19RUBFIL-RUB,13,100,8,137,7,10000,6,316,5,494,37,671,38,2409,43,142,44,60,45,500,25.0
2026-04-18 01:01:41 PM,KXATPMATCH-26APR19RUBFIL-RUB,13,100,9,5,8,137,7,10000,6,316,37,671,38,2409,43,142,44,60,45,500,25.0
2026-04-18 01:01:41 PM,KXATPMATCH-26APR19RUBFIL-RUB,9,5,8,137,7,10000,6,316,5,494,37,671,38,2409,43,142,44,60,45,500,23.0
2026-04-18 01:01:41 PM,KXATPMATCH-26APR19RUBFIL-RUB,9,5,8,237,7,10000,6,316,5,494,37,671,38,2409,43,142,44,60,45,500,23.0
2026-04-18 01:01:41 PM,KXATPMATCH-26APR19RUBFIL-RUB,9,5,8,237,7,10000,6,316,5,494,37,671,38,2409,43,142,45,500,46,182,23.0
2026-04-18 01:01:41 PM,KXATPMATCH-26APR19RUBFIL-RUB,9,5,8,125,7,10000,6,316,5,494,37,671,38,2409,43,142,45,500,46,182,23.0
2026-04-18 01:01:46 PM,KXATPMATCH-26APR19RUBFIL-RUB,8,125,7,10000,6,316,5,494,4,623,37,671,38,2409,43,142,45,500,46,182,22.5
2026-04-18 01:01:46 PM,KXATPMATCH-26APR19RUBFIL-RUB,8,263,7,10000,6,316,5,494,4,623,37,671,38,2409,43,142,45,500,46,182,22.5
2026-04-18 01:01:46 PM,KXATPMATCH-26APR19RUBFIL-RUB,8,263,7,10000,6,316,5,494,4,623,37,556,38,2409,43,142,45,500,46,182,22.5
2026-04-18 01:01:46 PM,KXATPMATCH-26APR19RUBFIL-RUB,8,125,7,10000,6,316,5,494,4,623,37,556,38,2409,43,142,45,500,46,182,22.5
2026-04-18 01:01:46 PM,KXATPMATCH-26APR19RUBFIL-RUB,8,125,7,10000,6,316,5,494,4,623,37,756,38,2409,43,142,45,500,46,182,22.5
2026-04-18 01:01:46 PM,KXATPMATCH-26APR19RUBFIL-RUB,8,278,7,10000,6,316,5,494,4,623,37,756,38,2409,43,142,45,500,46,182,22.5
2026-04-18 01:01:46 PM,KXATPMATCH-26APR19RUBFIL-RUB,8,278,7,10000,6,316,5,494,4,623,37,569,38,2409,43,142,45,500,46,182,22.5
2026-04-18 01:01:47 PM,KXATPMATCH-26APR19RUBFIL-RUB,8,125,7,10000,6,316,5,494,4,623,37,569,38,2409,43,142,45,500,46,182,22.5
2026-04-18 01:01:47 PM,KXATPMATCH-26APR19RUBFIL-RUB,8,125,7,10000,6,316,5,494,4,623,37,769,38,2409,43,142,45,500,46,182,22.5
2026-04-18 01:01:47 PM,KXATPMATCH-26APR19RUBFIL-RUB,8,274,7,10000,6,316,5,494,4,623,37,769,38,2409,43,142,45,500,46,182,22.5
2026-04-18 01:01:47 PM,KXATPMATCH-26APR19RUBFIL-RUB,8,274,7,10000,6,316,5,494,4,623,37,583,38,2409,43,142,45,500,46,182,22.5
2026-04-18 01:01:47 PM,KXATPMATCH-26APR19RUBFIL-RUB,8,125,7,10000,6,316,5,494,4,623,37,583,38,2409,43,142,45,500,46,182,22.5
2026-04-18 01:01:47 PM,KXATPMATCH-26APR19RUBFIL-RUB,8,125,7,10000,6,316,5,494,4,623,37,783,38,2409,43,142,45,500,46,182,22.5
2026-04-18 01:01:47 PM,KXATPMATCH-26APR19RUBFIL-RUB,8,270,7,10000,6,316,5,494,4,623,37,783,38,2409,43,142,45,500,46,182,22.5
2026-04-18 01:01:47 PM,KXATPMATCH-26APR19RUBFIL-RUB,8,270,7,10000,6,316,5,494,4,623,37,597,38,2409,43,142,45,500,46,182,22.5
2026-04-18 01:01:48 PM,KXATPMATCH-26APR19RUBFIL-RUB,8,125,7,10000,6,316,5,494,4,623,37,597,38,2409,43,142,45,500,46,182,22.5
2026-04-18 01:01:48 PM,KXATPMATCH-26APR19RUBFIL-RUB,8,125,7,10000,6,316,5,494,4,623,37,797,38,2409,43,142,45,500,46,182,22.5
2026-04-18 01:01:48 PM,KXATPMATCH-26APR19RUBFIL-RUB,8,266,7,10000,6,316,5,494,4,623,37,797,38,2409,43,142,45,500,46,182,22.5
2026-04-18 01:01:48 PM,KXATPMATCH-26APR19RUBFIL-RUB,8,266,7,10000,6,316,5,494,4,623,37,612,38,2409,43,142,45,500,46,182,22.5
2026-04-18 01:01:48 PM,KXATPMATCH-26APR19RUBFIL-RUB,8,296,7,10000,6,316,5,494,4,623,37,612,38,2409,43,142,45,500,46,182,22.5
2026-04-18 01:01:48 PM,KXATPMATCH-26APR19RUBFIL-RUB,8,266,7,10000,6,316,5,494,4,623,37,612,38,2409,43,142,45,500,46,182,22.5
2026-04-18 01:01:48 PM,KXATPMATCH-26APR19RUBFIL-RUB,8,266,7,10000,6,316,5,494,4,623,37,812,38,2409,43,142,45,500,46,182,22.5
2026-04-18 01:01:48 PM,KXATPMATCH-26APR19RUBFIL-RUB,8,266,7,10000,6,316,5,494,4,623,37,628,38,2409,43,142,45,500,46,182,22.5
2026-04-18 01:01:48 PM,KXATPMATCH-26APR19RUBFIL-RUB,8,125,7,10000,6,316,5,494,4,623,37,628,38,2409,43,142,45,500,46,182,22.5
2026-04-18 01:01:48 PM,KXATPMATCH-26APR19RUBFIL-RUB,8,125,7,10000,6,316,5,494,4,623,37,828,38,2409,43,142,45,500,46,182,22.5
2026-04-18 01:01:48 PM,KXATPMATCH-26APR19RUBFIL-RUB,8,258,7,10000,6,316,5,494,4,623,37,828,38,2409,43,142,45,500,46,182,22.5
2026-04-18 01:01:48 PM,KXATPMATCH-26APR19RUBFIL-RUB,8,258,7,10000,6,316,5,494,4,623,37,645,38,2409,43,142,45,500,46,182,22.5
2026-04-18 01:01:49 PM,KXATPMATCH-26APR19RUBFIL-RUB,8,125,7,10000,6,316,5,494,4,623,37,645,38,2409,43,142,45,500,46,182,22.5
2026-04-18 01:01:49 PM,KXATPMATCH-26APR19RUBFIL-RUB,8,125,7,10000,6,316,5,494,4,623,37,845,38,2409,43,142,45,500,46,182,22.5
2026-04-18 01:01:49 PM,KXATPMATCH-26APR19RUBFIL-RUB,8,254,7,10000,6,316,5,494,4,623,37,845,38,2409,43,142,45,500,46,182,22.5
2026-04-18 01:01:49 PM,KXATPMATCH-26APR19RUBFIL-RUB,8,254,7,10000,6,316,5,494,4,623,37,663,38,2409,43,142,45,500,46,182,22.5
2026-04-18 01:01:49 PM,KXATPMATCH-26APR19RUBFIL-RUB,8,125,7,10000,6,316,5,494,4,623,37,663,38,2409,43,142,45,500,46,182,22.5
2026-04-18 01:01:49 PM,KXATPMATCH-26APR19RUBFIL-RUB,8,125,7,10000,6,316,5,494,4,623,37,863,38,2409,43,142,45,500,46,182,22.5
2026-04-18 01:01:49 PM,KXATPMATCH-26APR19RUBFIL-RUB,8,250,7,10000,6,316,5,494,4,623,37,863,38,2409,43,142,45,500,46,182,22.5
2026-04-18 01:01:49 PM,KXATPMATCH-26APR19RUBFIL-RUB,8,250,7,10000,6,316,5,494,4,623,37,682,38,2409,43,142,45,500,46,182,22.5
2026-04-18 01:01:50 PM,KXATPMATCH-26APR19RUBFIL-RUB,8,125,7,10000,6,316,5,494,4,623,37,682,38,2409,43,142,45,500,46,182,22.5
2026-04-18 01:01:50 PM,KXATPMATCH-26APR19RUBFIL-RUB,8,125,7,10000,6,316,5,494,4,623,37,882,38,2409,43,142,45,500,46,182,22.5
2026-04-18 01:01:50 PM,KXATPMATCH-26APR19RUBFIL-RUB,8,246,7,10000,6,316,5,494,4,623,37,882,38,2409,43,142,45,500,46,182,22.5
2026-04-18 01:01:50 PM,KXATPMATCH-26APR19RUBFIL-RUB,8,125,7,10000,6,316,5,494,4,623,37,882,38,2409,43,142,45,500,46,182,22.5
2026-04-18 01:01:50 PM,KXATPMATCH-26APR19RUBFIL-RUB,8,246,7,10000,6,316,5,494,4,623,37,882,38,2409,43,142,45,500,46,182,22.5
2026-04-18 01:01:50 PM,KXATPMATCH-26APR19RUBFIL-RUB,8,125,7,10000,6,316,5,494,4,623,37,882,38,2409,43,142,45,500,46,182,22.5
2026-04-18 01:01:51 PM,KXATPMATCH-26APR19RUBFIL-RUB,8,246,7,10000,6,316,5,494,4,623,37,882,38,2409,43,142,45,500,46,182,22.5
2026-04-18 01:01:51 PM,KXATPMATCH-26APR19RUBFIL-RUB,8,125,7,10000,6,316,5,494,4,623,37,882,38,2409,43,142,45,500,46,182,22.5
2026-04-18 01:01:51 PM,KXATPMATCH-26APR19RUBFIL-RUB,8,155,7,10000,6,316,5,494,4,623,37,882,38,2409,43,142,45,500,46,182,22.5
2026-04-18 01:01:51 PM,KXATPMATCH-26APR19RUBFIL-RUB,8,276,7,10000,6,316,5,494,4,623,37,882,38,2409,43,142,45,500,46,182,22.5
2026-04-18 01:01:51 PM,KXATPMATCH-26APR19RUBFIL-RUB,8,192,7,10000,6,316,5,494,4,623,37,882,38,2409,43,142,45,500,46,182,22.5
2026-04-18 01:01:51 PM,KXATPMATCH-26APR19RUBFIL-RUB,8,360,7,10000,6,316,5,494,4,623,37,882,38,2409,43,142,45,500,46,182,22.5
2026-04-18 01:01:51 PM,KXATPMATCH-26APR19RUBFIL-RUB,8,218,7,10000,6,316,5,494,4,623,37,882,38,2409,43,142,45,500,46,182,22.5
2026-04-18 01:01:51 PM,KXATPMATCH-26APR19RUBFIL-RUB,8,402,7,10000,6,316,5,494,4,623,37,882,38,2409,43,142,45,500,46,182,22.5
2026-04-18 01:01:51 PM,KXATPMATCH-26APR19RUBFIL-RUB,8,255,7,10000,6,316,5,494,4,623,37,882,38,2409,43,142,45,500,46,182,22.5
2026-04-18 01:01:51 PM,KXATPMATCH-26APR19RUBFIL-RUB,8,455,7,10000,6,316,5,494,4,623,37,882,38,2409,43,142,45,500,46,182,22.5
2026-04-18 01:01:51 PM,KXATPMATCH-26APR19RUBFIL-RUB,8,314,7,10000,6,316,5,494,4,623,37,882,38,2409,43,142,45,500,46,182,22.5
2026-04-18 01:01:51 PM,KXATPMATCH-26APR19RUBFIL-RUB,8,514,7,10000,6,316,5,494,4,623,37,882,38,2409,43,142,45,500,46,182,22.5
2026-04-18 01:01:52 PM,KXATPMATCH-26APR19RUBFIL-RUB,8,426,7,10000,6,316,5,494,4,623,37,882,38,2409,43,142,45,500,46,182,22.5
2026-04-18 01:02:01 PM,KXATPMATCH-26APR19RUBFIL-RUB,8,426,7,10000,6,316,5,494,4,623,36,20,37,882,38,2409,43,142,45,500,22.0
2026-04-18 01:02:01 PM,KXATPMATCH-26APR19RUBFIL-RUB,8,426,7,10000,6,316,5,494,4,623,36,20,37,722,38,2409,43,142,45,500,22.0
2026-04-18 01:02:01 PM,KXATPMATCH-26APR19RUBFIL-RUB,8,426,7,10000,6,316,5,494,4,623,36,20,37,222,38,2409,43,142,45,500,22.0
2026-04-18 01:02:01 PM,KXATPMATCH-26APR19RUBFIL-RUB,8,426,7,10000,6,316,5,494,4,623,36,520,37,222,38,2409,43,142,45,500,22.0
2026-04-18 01:02:01 PM,KXATPMATCH-26APR19RUBFIL-RUB,8,426,7,10000,6,316,5,494,4,623,36,720,37,222,38,2409,43,142,45,500,22.0
2026-04-18 01:02:01 PM,KXATPMATCH-26APR19RUBFIL-RUB,8,426,7,10000,6,316,5,494,4,623,36,720,37,182,38,2409,43,142,45,500,22.0
2026-04-18 01:02:01 PM,KXATPMATCH-26APR19RUBFIL-RUB,8,426,7,10000,6,316,5,494,4,623,36,760,37,182,38,2409,43,142,45,500,22.0
2026-04-18 01:02:26 PM,KXATPMATCH-26APR19RUBFIL-RUB,8,426,7,10000,6,316,5,494,4,623,36,760,37,142,38,2409,43,142,45,500,22.0
2026-04-18 01:02:26 PM,KXATPMATCH-26APR19RUBFIL-RUB,8,426,7,10000,6,316,5,494,4,623,36,760,37,129,38,2409,43,142,45,500,22.0
2026-04-18 01:02:26 PM,KXATPMATCH-26APR19RUBFIL-RUB,8,426,7,10000,6,316,5,494,4,623,36,760,37,115,38,2409,43,142,45,500,22.0
2026-04-18 01:02:26 PM,KXATPMATCH-26APR19RUBFIL-RUB,8,401,7,10000,6,316,5,494,4,623,36,760,37,115,38,2409,43,142,45,500,22.0
2026-04-18 01:02:26 PM,KXATPMATCH-26APR19RUBFIL-RUB,8,401,7,10000,6,316,5,494,4,623,36,760,37,101,38,2409,43,142,45,500,22.0
2026-04-18 01:02:26 PM,KXATPMATCH-26APR19RUBFIL-RUB,8,364,7,10000,6,316,5,494,4,623,36,760,37,101,38,2409,43,142,45,500,22.0
2026-04-18 01:02:26 PM,KXATPMATCH-26APR19RUBFIL-RUB,8,364,7,10000,6,316,5,494,4,623,36,760,37,83,38,2409,43,142,45,500,22.0
2026-04-18 01:02:26 PM,KXATPMATCH-26APR19RUBFIL-RUB,8,364,7,10000,6,316,5,494,4,623,36,760,37,67,38,2409,43,142,45,500,22.0
2026-04-18 01:02:26 PM,KXATPMATCH-26APR19RUBFIL-RUB,8,364,7,10000,6,316,5,494,4,623,36,760,37,48,38,2409,43,142,45,500,22.0
2026-04-18 01:02:26 PM,KXATPMATCH-26APR19RUBFIL-RUB,8,364,7,10000,6,316,5,494,4,623,36,760,37,33,38,2409,43,142,45,500,22.0
2026-04-18 01:02:26 PM,KXATPMATCH-26APR19RUBFIL-RUB,8,338,7,10000,6,316,5,494,4,623,36,760,37,33,38,2409,43,142,45,500,22.0
2026-04-18 01:02:26 PM,KXATPMATCH-26APR19RUBFIL-RUB,8,338,7,10000,6,316,5,494,4,623,36,760,37,16,38,2409,43,142,45,500,22.0
2026-04-18 01:02:26 PM,KXATPMATCH-26APR19RUBFIL-RUB,8,338,7,10000,6,316,5,494,4,623,36,760,38,2409,43,142,45,500,46,182,22.0
2026-04-18 01:02:26 PM,KXATPMATCH-26APR19RUBFIL-RUB,8,279,7,10000,6,316,5,494,4,623,36,760,38,2409,43,142,45,500,46,182,22.0
2026-04-18 01:02:28 PM,KXATPMATCH-26APR19RUBFIL-RUB,8,242,7,10000,6,316,5,494,4,623,36,760,38,2409,43,142,45,500,46,182,22.0
2026-04-18 01:02:29 PM,KXATPMATCH-26APR19RUBFIL-RUB,8,242,7,10000,6,316,5,494,4,623,36,760,38,2409,42,139,43,142,45,500,22.0
2026-04-18 01:02:29 PM,KXATPMATCH-26APR19RUBFIL-RUB,29,279,8,242,7,10000,6,316,5,494,36,760,38,2409,42,139,43,142,45,500,32.5
2026-04-18 01:02:29 PM,KXATPMATCH-26APR19RUBFIL-RUB,29,279,8,242,7,10000,6,316,5,494,36,760,38,2409,42,139,45,500,46,182,32.5
2026-04-18 01:02:29 PM,KXATPMATCH-26APR19RUBFIL-RUB,29,279,9,100,8,242,7,10000,6,316,36,760,38,2409,42,139,45,500,46,182,32.5
2026-04-18 01:02:29 PM,KXATPMATCH-26APR19RUBFIL-RUB,29,279,9,100,8,242,7,10000,6,316,36,633,38,2409,42,139,45,500,46,182,32.5
2026-04-18 01:02:29 PM,KXATPMATCH-26APR19RUBFIL-RUB,29,279,9,100,8,130,7,10000,6,316,36,633,38,2409,42,139,45,500,46,182,32.5
2026-04-18 01:02:29 PM,KXATPMATCH-26APR19RUBFIL-RUB,29,279,9,300,8,130,7,10000,6,316,36,633,38,2409,42,139,45,500,46,182,32.5
2026-04-18 01:02:29 PM,KXATPMATCH-26APR19RUBFIL-RUB,29,279,9,300,8,100,7,10000,6,316,36,633,38,2409,42,139,45,500,46,182,32.5
2026-04-18 01:02:30 PM,KXATPMATCH-26APR19RUBFIL-RUB,29,279,9,300,7,10000,6,316,5,494,36,633,38,2409,42,139,45,500,46,182,32.5
2026-04-18 01:02:30 PM,KXATPMATCH-26APR19RUBFIL-RUB,29,379,9,300,7,10000,6,316,5,494,36,633,38,2409,42,139,45,500,46,182,32.5
2026-04-18 01:02:30 PM,KXATPMATCH-26APR19RUBFIL-RUB,29,379,19,60,9,300,7,10000,6,316,36,633,38,2409,42,139,45,500,46,182,32.5
2026-04-18 01:03:05 PM,KXATPMATCH-26APR19RUBFIL-RUB,29,379,19,60,9,300,7,10000,6,316,36,613,38,2409,42,139,45,500,46,182,32.5
2026-04-18 01:03:20 PM,KXATPMATCH-26APR19RUBFIL-RUB,29,379,19,60,9,300,7,10000,6,316,36,613,42,139,45,500,46,182,47,200,32.5
2026-04-18 01:03:20 PM,KXATPMATCH-26APR19RUBFIL-RUB,29,379,19,60,9,300,7,10000,6,316,36,613,42,139,44,60,45,500,46,182,32.5
2026-04-18 01:03:20 PM,KXATPMATCH-26APR19RUBFIL-RUB,29,379,19,60,9,300,7,10000,6,316,36,113,42,139,44,60,45,500,46,182,32.5
2026-04-18 01:03:20 PM,KXATPMATCH-26APR19RUBFIL-RUB,29,379,19,60,9,300,7,10000,6,316,36,113,39,500,42,139,44,60,45,500,32.5
2026-04-18 01:03:23 PM,KXATPMATCH-26APR19RUBFIL-RUB,29,379,19,60,9,300,7,10000,6,316,36,113,37,2909,39,500,42,139,44,60,32.5
2026-04-18 01:03:23 PM,KXATPMATCH-26APR19RUBFIL-RUB,29,379,19,60,9,300,7,10000,6,316,36,113,37,2909,42,139,44,60,45,500,32.5
2026-04-18 01:03:23 PM,KXATPMATCH-26APR19RUBFIL-RUB,29,379,19,60,9,300,7,10000,6,316,36,113,37,2909,42,139,45,500,46,182,32.5
2026-04-18 01:03:23 PM,KXATPMATCH-26APR19RUBFIL-RUB,29,379,19,60,9,300,7,10000,6,316,36,613,37,2909,42,139,45,500,46,182,32.5
2026-04-18 01:03:26 PM,KXATPMATCH-26APR19RUBFIL-RUB,29,379,19,60,9,300,7,10000,6,316,36,540,37,2909,42,139,45,500,46,182,32.5
2026-04-18 01:04:24 PM,KXATPMATCH-26APR19RUBFIL-RUB,29,379,19,60,9,100,7,10000,6,316,36,540,37,2909,42,139,45,500,46,182,32.5
2026-04-18 01:04:31 PM,KXATPMATCH-26APR19RUBFIL-RUB,29,379,19,60,7,10000,6,316,5,494,36,540,37,2909,42,139,45,500,46,182,32.5
2026-04-18 01:04:31 PM,KXATPMATCH-26APR19RUBFIL-RUB,29,379,7,10000,6,316,5,494,4,623,36,540,37,2909,42,139,45,500,46,182,32.5
2026-04-18 01:04:45 PM,KXATPMATCH-26APR19RUBFIL-RUB,29,379,7,10000,6,316,5,494,4,623,36,500,37,2909,42,139,45,500,46,182,32.5
2026-04-18 01:04:45 PM,KXATPMATCH-26APR19RUBFIL-RUB,29,379,7,10000,6,316,5,494,4,623,36,251,37,2909,42,139,45,500,46,182,32.5
2026-04-18 01:04:45 PM,KXATPMATCH-26APR19RUBFIL-RUB,29,379,7,10000,6,316,5,494,4,623,37,2909,42,139,45,500,46,182,47,200,33.0
2026-04-18 01:04:45 PM,KXATPMATCH-26APR19RUBFIL-RUB,29,379,7,10000,6,316,5,494,4,623,37,2909,39,500,42,139,45,500,46,182,33.0
2026-04-18 01:05:20 PM,KXATPMATCH-26APR19RUBFIL-RUB,33,43,29,379,7,10000,6,316,5,494,37,2909,39,500,42,139,45,500,46,182,35.0
2026-04-18 01:05:24 PM,KXATPMATCH-26APR19RUBFIL-RUB,33,43,29,379,25,148,7,10000,6,316,37,2909,39,500,42,139,45,500,46,182,35.0
2026-04-18 01:05:29 PM,KXATPMATCH-26APR19RUBFIL-RUB,33,43,29,379,25,148,7,10000,6,316,37,2949,39,500,42,139,45,500,46,182,35.0
2026-04-18 01:06:04 PM,KXATPMATCH-26APR19RUBFIL-RUB,33,43,30,35,29,379,25,148,7,10000,37,2949,39,500,42,139,45,500,46,182,35.0
2026-04-18 01:06:04 PM,KXATPMATCH-26APR19RUBFIL-RUB,33,43,30,35,29,379,25,148,7,10000,37,2949,39,500,42,139,44,35,45,500,35.0
2026-04-18 01:07:14 PM,KXATPMATCH-26APR19RUBFIL-RUB,33,43,30,35,29,379,25,148,7,10000,37,2949,39,500,42,139,44,35,46,182,35.0
2026-04-18 01:07:14 PM,KXATPMATCH-26APR19RUBFIL-RUB,33,43,30,35,29,379,25,148,7,10000,37,2949,39,500,42,139,43,500,44,35,35.0
2026-04-18 01:07:14 PM,KXATPMATCH-26APR19RUBFIL-RUB,33,43,30,35,29,379,25,148,7,10000,37,2949,39,500,42,139,43,500,46,182,35.0
2026-04-18 01:07:28 PM,KXATPMATCH-26APR19RUBFIL-RUB,33,43,30,35,29,2114,25,148,7,10000,37,2949,39,500,42,139,43,500,46,182,35.0
2026-04-18 01:07:28 PM,KXATPMATCH-26APR19RUBFIL-RUB,33,43,30,35,29,2114,25,148,7,10000,37,4684,39,500,42,139,43,500,46,182,35.0
2026-04-18 01:07:28 PM,KXATPMATCH-26APR19RUBFIL-RUB,33,43,30,35,29,1279,25,148,7,10000,37,4684,39,500,42,139,43,500,46,182,35.0
2026-04-18 01:07:28 PM,KXATPMATCH-26APR19RUBFIL-RUB,33,43,30,35,29,1279,25,148,7,10000,37,3859,39,500,42,139,43,500,46,182,35.0
2026-04-18 01:08:12 PM,KXATPMATCH-26APR19RUBFIL-RUB,33,43,30,35,29,1279,25,148,7,10000,37,950,39,500,42,139,43,500,46,182,35.0
2026-04-18 01:08:12 PM,KXATPMATCH-26APR19RUBFIL-RUB,33,43,30,35,29,1279,25,148,7,10000,37,950,39,500,41,35,42,139,43,500,35.0
2026-04-18 01:08:12 PM,KXATPMATCH-26APR19RUBFIL-RUB,33,43,30,945,29,1279,25,148,7,10000,37,950,39,500,41,35,42,139,43,500,35.0
2026-04-18 01:08:12 PM,KXATPMATCH-26APR19RUBFIL-RUB,33,43,30,945,29,1279,25,148,7,10000,37,950,38,910,39,500,41,35,42,139,35.0
2026-04-18 01:08:13 PM,KXATPMATCH-26APR19RUBFIL-RUB,33,43,30,945,29,379,25,148,7,10000,37,950,38,910,39,500,41,35,42,139,35.0
2026-04-18 01:08:13 PM,KXATPMATCH-26APR19RUBFIL-RUB,33,43,30,945,29,379,25,148,7,10000,37,40,38,910,39,500,41,35,42,139,35.0
2026-04-18 01:08:13 PM,KXATPMATCH-26APR19RUBFIL-RUB,33,43,30,945,29,379,25,148,7,10000,37,40,38,910,41,35,42,139,43,500,35.0
2026-04-18 01:08:13 PM,KXATPMATCH-26APR19RUBFIL-RUB,33,43,30,945,29,379,25,148,7,10000,35,2909,37,40,38,910,41,35,42,139,34.0
2026-04-18 01:08:13 PM,KXATPMATCH-26APR19RUBFIL-RUB,33,43,30,945,29,379,25,148,7,10000,35,2909,37,540,38,910,41,35,42,139,34.0
2026-04-18 01:08:13 PM,KXATPMATCH-26APR19RUBFIL-RUB,33,43,30,945,29,379,25,148,7,10000,35,2909,37,540,38,910,42,139,43,500,34.0
2026-04-18 01:08:14 PM,KXATPMATCH-26APR19RUBFIL-RUB,33,43,30,945,29,379,25,148,7,10000,35,2909,37,500,38,910,42,139,43,500,34.0
2026-04-18 01:08:14 PM,KXATPMATCH-26APR19RUBFIL-RUB,33,43,30,945,29,379,25,148,7,10000,35,2949,37,500,38,910,42,139,43,500,34.0
2026-04-18 01:08:14 PM,KXATPMATCH-26APR19RUBFIL-RUB,33,43,30,945,29,379,25,148,7,10000,35,2949,38,910,42,139,43,500,46,182,34.0
2026-04-18 01:08:14 PM,KXATPMATCH-26APR19RUBFIL-RUB,33,43,30,945,29,279,25,148,7,10000,35,2949,38,910,42,139,43,500,46,182,34.0
2026-04-18 01:08:14 PM,KXATPMATCH-26APR19RUBFIL-RUB,33,43,30,945,29,279,25,148,7,10000,35,3449,38,910,42,139,43,500,46,182,34.0
2026-04-18 01:08:14 PM,KXATPMATCH-26APR19RUBFIL-RUB,33,43,30,1045,29,279,25,148,7,10000,35,3449,38,910,42,139,43,500,46,182,34.0
2026-04-18 01:08:21 PM,KXATPMATCH-26APR19RUBFIL-RUB,33,43,30,1045,29,279,25,148,7,10000,35,3449,37,910,38,910,42,139,43,500,34.0
2026-04-18 01:08:21 PM,KXATPMATCH-26APR19RUBFIL-RUB,33,43,30,1045,29,279,25,148,7,10000,35,3449,37,910,42,139,43,500,46,182,34.0
2026-04-18 01:08:21 PM,KXATPMATCH-26APR19RUBFIL-RUB,33,43,30,1045,29,279,25,148,7,10000,35,3449,37,910,42,174,43,500,46,182,34.0
2026-04-18 01:09:04 PM,KXATPMATCH-26APR19RUBFIL-RUB,33,43,30,1045,29,279,25,148,7,10000,35,3449,36,910,37,910,42,174,43,500,34.0
2026-04-18 01:09:04 PM,KXATPMATCH-26APR19RUBFIL-RUB,33,43,30,1045,29,279,25,148,7,10000,35,3449,36,910,37,910,42,139,43,500,34.0
2026-04-18 01:09:04 PM,KXATPMATCH-26APR19RUBFIL-RUB,33,43,30,1045,29,279,25,148,7,10000,35,3449,36,910,42,139,43,500,46,182,34.0
2026-04-18 01:09:04 PM,KXATPMATCH-26APR19RUBFIL-RUB,33,43,30,1045,29,279,25,148,7,10000,35,3449,42,139,43,500,46,182,47,200,34.0
2026-04-18 01:09:04 PM,KXATPMATCH-26APR19RUBFIL-RUB,33,43,30,1045,29,279,25,148,7,10000,35,2949,42,139,43,500,46,182,47,200,34.0
2026-04-18 01:09:04 PM,KXATPMATCH-26APR19RUBFIL-RUB,33,43,30,1045,29,279,25,148,7,10000,35,2949,39,500,42,139,43,500,46,182,34.0
2026-04-18 01:09:24 PM,KXATPMATCH-26APR19RUBFIL-RUB,33,43,30,945,29,279,25,148,7,10000,35,2949,39,500,42,139,43,500,46,182,34.0
2026-04-18 01:09:24 PM,KXATPMATCH-26APR19RUBFIL-RUB,33,43,31,100,30,945,29,279,25,148,35,2949,39,500,42,139,43,500,46,182,34.0
2026-04-18 01:09:24 PM,KXATPMATCH-26APR19RUBFIL-RUB,33,43,31,100,30,945,29,279,25,148,35,2949,37,910,39,500,42,139,43,500,34.0
2026-04-18 01:09:24 PM,KXATPMATCH-26APR19RUBFIL-RUB,33,43,31,100,30,945,29,279,25,148,35,2949,37,910,42,139,43,500,46,182,34.0
2026-04-18 01:09:24 PM,KXATPMATCH-26APR19RUBFIL-RUB,33,43,31,100,30,945,29,279,25,148,35,3449,37,910,42,139,43,500,46,182,34.0
2026-04-18 01:09:27 PM,KXATPMATCH-26APR19RUBFIL-RUB,33,43,32,398,31,100,30,945,29,279,35,3449,37,910,42,139,43,500,46,182,34.0
2026-04-18 01:09:27 PM,KXATPMATCH-26APR19RUBFIL-RUB,33,43,32,398,31,100,30,910,29,279,35,3449,37,910,42,139,43,500,46,182,34.0
2026-04-18 01:09:27 PM,KXATPMATCH-26APR19RUBFIL-RUB,33,43,32,398,31,100,30,910,29,279,35,3449,37,1304,42,139,43,500,46,182,34.0
2026-04-18 01:09:27 PM,KXATPMATCH-26APR19RUBFIL-RUB,33,43,32,398,31,100,30,910,29,279,35,3449,37,1304,38,384,42,139,43,500,34.0
2026-04-18 01:09:27 PM,KXATPMATCH-26APR19RUBFIL-RUB,33,464,32,398,31,100,30,910,29,279,35,3449,37,1304,38,384,42,139,43,500,34.0
2026-04-18 01:09:27 PM,KXATPMATCH-26APR19RUBFIL-RUB,33,737,32,398,31,100,30,910,29,279,35,3449,37,1304,38,384,42,139,43,500,34.0
2026-04-18 01:09:27 PM,KXATPMATCH-26APR19RUBFIL-RUB,33,737,32,398,30,910,29,279,25,148,35,3449,37,1304,38,384,42,139,43,500,34.0
2026-04-18 01:09:27 PM,KXATPMATCH-26APR19RUBFIL-RUB,33,737,32,664,30,910,29,279,25,148,35,3449,37,1304,38,384,42,139,43,500,34.0
2026-04-18 01:09:27 PM,KXATPMATCH-26APR19RUBFIL-RUB,33,737,32,664,30,910,29,279,25,148,35,3449,37,1542,38,384,42,139,43,500,34.0
2026-04-18 01:09:27 PM,KXATPMATCH-26APR19RUBFIL-RUB,33,1643,32,664,30,910,29,279,25,148,35,3449,37,1542,38,384,42,139,43,500,34.0
2026-04-18 01:09:27 PM,KXATPMATCH-26APR19RUBFIL-RUB,33,1643,32,664,30,910,29,279,25,148,35,3449,37,1542,38,658,42,139,43,500,34.0
2026-04-18 01:09:27 PM,KXATPMATCH-26APR19RUBFIL-RUB,33,1743,32,664,30,910,29,279,25,148,35,3449,37,1542,38,658,42,139,43,500,34.0
2026-04-18 01:09:27 PM,KXATPMATCH-26APR19RUBFIL-RUB,33,1743,32,664,29,279,25,148,24,35,35,3449,37,1542,38,658,42,139,43,500,34.0
2026-04-18 01:09:38 PM,KXATPMATCH-26APR19RUBFIL-RUB,33,1743,32,664,29,279,25,148,24,35,35,3449,37,1542,38,658,42,139,46,182,34.0
2026-04-18 01:09:38 PM,KXATPMATCH-26APR19RUBFIL-RUB,33,1743,32,664,29,279,25,148,24,35,35,3449,37,1542,38,658,42,139,45,500,34.0
2026-04-18 01:10:06 PM,KXATPMATCH-26APR19RUBFIL-RUB,33,1743,32,664,29,279,25,148,7,10000,35,3449,37,1542,38,658,42,139,45,500,34.0
2026-04-18 01:10:16 PM,KXATPMATCH-26APR19RUBFIL-RUB,33,1743,32,1577,29,279,25,148,7,10000,35,3449,37,1542,38,658,42,139,45,500,34.0
2026-04-18 01:10:16 PM,KXATPMATCH-26APR19RUBFIL-RUB,33,1743,32,1577,29,279,25,148,7,10000,35,3449,36,913,37,1542,38,658,42,139,34.0
2026-04-18 01:10:16 PM,KXATPMATCH-26APR19RUBFIL-RUB,33,837,32,1577,29,279,25,148,7,10000,35,3449,36,913,37,1542,38,658,42,139,34.0
2026-04-18 01:10:16 PM,KXATPMATCH-26APR19RUBFIL-RUB,33,837,32,1577,31,368,29,279,25,148,35,3449,36,913,37,1542,38,658,42,139,34.0
2026-04-18 01:10:16 PM,KXATPMATCH-26APR19RUBFIL-RUB,33,837,32,1577,31,368,29,279,25,148,35,3449,36,1338,37,1542,38,658,42,139,34.0
2026-04-18 01:10:16 PM,KXATPMATCH-26APR19RUBFIL-RUB,33,837,32,1577,31,368,29,279,25,148,35,3449,36,1338,37,632,38,658,42,139,34.0
2026-04-18 01:10:16 PM,KXATPMATCH-26APR19RUBFIL-RUB,33,837,32,1577,31,368,29,279,25,148,35,3449,36,1619,37,632,38,658,42,139,34.0
2026-04-18 01:10:16 PM,KXATPMATCH-26APR19RUBFIL-RUB,33,837,32,1577,31,617,29,279,25,148,35,3449,36,1619,37,632,38,658,42,139,34.0
2026-04-18 01:10:40 PM,KXATPMATCH-26APR19RUBFIL-RUB,33,1637,32,1577,31,617,29,279,25,148,35,3449,36,1619,37,632,38,658,42,139,34.0
2026-04-18 01:10:40 PM,KXATPMATCH-26APR19RUBFIL-RUB,34,356,33,1637,32,1577,31,617,29,279,35,3449,36,1619,37,632,38,658,42,139,34.5
2026-04-18 01:10:40 PM,KXATPMATCH-26APR19RUBFIL-RUB,34,356,33,1637,32,1577,31,617,29,279,35,3449,36,2046,37,632,38,658,42,139,34.5
2026-04-18 01:10:40 PM,KXATPMATCH-26APR19RUBFIL-RUB,34,356,33,1637,32,1577,31,617,29,279,35,3449,36,2046,37,1432,38,658,42,139,34.5
2026-04-18 01:10:40 PM,KXATPMATCH-26APR19RUBFIL-RUB,34,356,33,1637,32,1577,31,617,29,279,35,3449,36,2046,37,2345,38,658,42,139,34.5
2026-04-18 01:10:40 PM,KXATPMATCH-26APR19RUBFIL-RUB,34,356,33,1637,32,1577,31,617,29,279,35,3449,36,1133,37,2345,38,658,42,139,34.5
2026-04-18 01:10:40 PM,KXATPMATCH-26APR19RUBFIL-RUB,34,356,33,2550,32,1577,31,617,29,279,35,3449,36,1133,37,2345,38,658,42,139,34.5
2026-04-18 01:10:40 PM,KXATPMATCH-26APR19RUBFIL-RUB,34,356,33,2550,32,664,31,617,29,279,35,3449,36,1133,37,2345,38,658,42,139,34.5
2026-04-18 01:10:41 PM,KXATPMATCH-26APR19RUBFIL-RUB,34,356,33,2550,32,664,31,617,29,279,35,13049,36,1133,37,2345,38,658,42,139,34.5
2026-04-18 01:10:41 PM,KXATPMATCH-26APR19RUBFIL-RUB,34,356,33,2550,32,664,31,617,29,279,35,13049,36,10733,37,2345,38,658,42,139,34.5
2026-04-18 01:10:41 PM,KXATPMATCH-26APR19RUBFIL-RUB,34,356,33,7350,32,664,31,617,29,279,35,13049,36,10733,37,2345,38,658,42,139,34.5
2026-04-18 01:10:41 PM,KXATPMATCH-26APR19RUBFIL-RUB,34,356,33,7350,32,5464,31,617,29,279,35,13049,36,10733,37,2345,38,658,42,139,34.5
2026-04-18 01:10:41 PM,KXATPMATCH-26APR19RUBFIL-RUB,34,356,33,6437,32,5464,31,617,29,279,35,13049,36,10733,37,2345,38,658,42,139,34.5
2026-04-18 01:11:05 PM,KXATPMATCH-26APR19RUBFIL-RUB,34,356,33,6437,32,6377,31,617,29,279,35,13049,36,10733,37,2345,38,658,42,139,34.5
2026-04-18 01:11:07 PM,KXATPMATCH-26APR19RUBFIL-RUB,34,341,33,6437,32,6377,31,617,29,279,35,13049,36,10733,37,2345,38,658,42,139,34.5
2026-04-18 01:11:07 PM,KXATPMATCH-26APR19RUBFIL-RUB,34,341,33,6437,32,6377,31,617,29,279,35,13049,36,10748,37,2345,38,658,42,139,34.5
2026-04-18 01:12:10 PM,KXATPMATCH-26APR19RUBFIL-RUB,34,341,33,5637,32,6377,31,617,29,279,35,13049,36,10748,37,2345,38,658,42,139,34.5
2026-04-18 01:12:10 PM,KXATPMATCH-26APR19RUBFIL-RUB,33,5637,32,6377,31,617,29,279,25,148,35,13049,36,10748,37,2345,38,658,42,139,34.0
2026-04-18 01:12:10 PM,KXATPMATCH-26APR19RUBFIL-RUB,33,5637,32,6377,31,617,29,279,25,148,35,13049,36,10321,37,2345,38,658,42,139,34.0
2026-04-18 01:12:10 PM,KXATPMATCH-26APR19RUBFIL-RUB,33,5637,32,6377,31,617,29,279,25,148,35,13049,36,10321,37,1545,38,658,42,139,34.0
2026-04-18 01:12:10 PM,KXATPMATCH-26APR19RUBFIL-RUB,33,5637,32,6377,31,617,29,279,25,148,35,13049,36,10306,37,1545,38,658,42,139,34.0
2026-04-18 01:12:10 PM,KXATPMATCH-26APR19RUBFIL-RUB,33,5637,32,6377,31,617,29,279,25,148,35,3449,36,10306,37,1545,38,658,42,139,34.0
2026-04-18 01:12:10 PM,KXATPMATCH-26APR19RUBFIL-RUB,33,5637,32,6377,31,617,29,279,25,148,35,3449,36,706,37,1545,38,658,42,139,34.0
2026-04-18 01:12:10 PM,KXATPMATCH-26APR19RUBFIL-RUB,33,837,32,6377,31,617,29,279,25,148,35,3449,36,706,37,1545,38,658,42,139,34.0
2026-04-18 01:12:10 PM,KXATPMATCH-26APR19RUBFIL-RUB,33,837,32,1577,31,617,29,279,25,148,35,3449,36,706,37,1545,38,658,42,139,34.0
2026-04-18 01:12:10 PM,KXATPMATCH-26APR19RUBFIL-RUB,33,837,32,664,31,617,29,279,25,148,35,3449,36,706,37,1545,38,658,42,139,34.0
2026-04-18 01:12:11 PM,KXATPMATCH-26APR19RUBFIL-RUB,33,837,32,1577,31,617,29,279,25,148,35,3449,36,706,37,1545,38,658,42,139,34.0
2026-04-18 01:12:29 PM,KXATPMATCH-26APR19RUBFIL-RUB,33,837,32,1577,31,617,29,279,25,148,35,3439,36,706,37,1545,38,658,42,139,34.0
2026-04-18 01:12:55 PM,KXATPMATCH-26APR19RUBFIL-RUB,33,416,32,1577,31,617,29,279,25,148,35,3439,36,706,37,1545,38,658,42,139,34.0
2026-04-18 01:12:55 PM,KXATPMATCH-26APR19RUBFIL-RUB,33,143,32,1577,31,617,29,279,25,148,35,3439,36,706,37,1545,38,658,42,139,34.0
2026-04-18 01:12:55 PM,KXATPMATCH-26APR19RUBFIL-RUB,33,143,32,1577,31,617,29,279,25,148,35,3439,36,1621,37,1545,38,658,42,139,34.0
2026-04-18 01:12:55 PM,KXATPMATCH-26APR19RUBFIL-RUB,33,143,32,1577,31,617,29,279,25,148,35,3439,36,1621,37,632,38,658,42,139,34.0
2026-04-18 01:13:13 PM,KXATPMATCH-26APR19RUBFIL-RUB,33,143,32,1577,31,617,29,279,25,148,35,3439,36,1621,37,1547,38,658,42,139,34.0
2026-04-18 01:13:13 PM,KXATPMATCH-26APR19RUBFIL-RUB,33,143,32,1577,31,617,29,279,25,148,35,3439,36,706,37,1547,38,658,42,139,34.0
2026-04-18 01:13:26 PM,KXATPMATCH-26APR19RUBFIL-RUB,33,143,32,1577,31,617,29,279,25,148,35,3399,36,706,37,1547,38,658,42,139,34.0
2026-04-18 01:13:29 PM,KXATPMATCH-26APR19RUBFIL-RUB,33,143,32,1577,31,617,29,279,25,148,35,3399,36,706,37,1547,38,658,42,144,34.0
2026-04-18 01:13:46 PM,KXATPMATCH-26APR19RUBFIL-RUB,33,143,32,1577,31,617,29,279,25,148,35,501,36,706,37,1547,38,658,42,144,34.0
2026-04-18 01:13:46 PM,KXATPMATCH-26APR19RUBFIL-RUB,33,143,32,1577,31,617,29,279,25,148,35,1,36,706,37,1547,38,658,42,144,34.0
2026-04-18 01:13:46 PM,KXATPMATCH-26APR19RUBFIL-RUB,33,143,32,1577,31,617,29,279,25,148,35,1,36,1206,37,1547,38,658,42,144,34.0
2026-04-18 01:13:48 PM,KXATPMATCH-26APR19RUBFIL-RUB,33,143,32,1577,31,617,29,279,25,148,34,2898,35,1,36,1206,37,1547,38,658,33.5
2026-04-18 01:13:48 PM,KXATPMATCH-26APR19RUBFIL-RUB,33,43,32,1577,31,617,29,279,25,148,34,2898,35,1,36,1206,37,1547,38,658,33.5
2026-04-18 01:13:48 PM,KXATPMATCH-26APR19RUBFIL-RUB,33,43,32,1577,31,617,29,279,25,148,34,2898,35,1,36,706,37,1547,38,658,33.5
2026-04-18 01:13:48 PM,KXATPMATCH-26APR19RUBFIL-RUB,33,43,32,1677,31,617,29,279,25,148,34,2898,35,1,36,706,37,1547,38,658,33.5
2026-04-18 01:13:48 PM,KXATPMATCH-26APR19RUBFIL-RUB,33,43,32,1677,31,617,29,279,25,148,34,3398,35,1,36,706,37,1547,38,658,33.5
2026-04-18 01:13:48 PM,KXATPMATCH-26APR19RUBFIL-RUB,33,43,32,1677,31,1532,29,279,25,148,34,3398,35,1,36,706,37,1547,38,658,33.5
2026-04-18 01:13:48 PM,KXATPMATCH-26APR19RUBFIL-RUB,33,43,32,1677,31,1532,29,279,25,148,34,3398,35,916,36,706,37,1547,38,658,33.5
2026-04-18 01:13:48 PM,KXATPMATCH-26APR19RUBFIL-RUB,33,43,32,764,31,1532,29,279,25,148,34,3398,35,916,36,706,37,1547,38,658,33.5
2026-04-18 01:13:49 PM,KXATPMATCH-26APR19RUBFIL-RUB,33,43,32,764,31,1532,29,279,25,148,34,3398,35,916,36,706,37,632,38,658,33.5
2026-04-18 01:13:55 PM,KXATPMATCH-26APR19RUBFIL-RUB,33,43,32,764,31,1532,29,279,28,289,34,3398,35,916,36,706,37,632,38,658,33.5
2026-04-18 01:13:55 PM,KXATPMATCH-26APR19RUBFIL-RUB,33,43,32,764,31,1532,28,289,25,148,34,3398,35,916,36,706,37,632,38,658,33.5
2026-04-18 01:14:35 PM,KXATPMATCH-26APR19RUBFIL-RUB,33,43,32,1679,31,1532,28,289,25,148,34,3398,35,916,36,706,37,632,38,658,33.5
2026-04-18 01:14:35 PM,KXATPMATCH-26APR19RUBFIL-RUB,33,43,32,1679,31,1532,28,289,25,148,34,3398,35,1,36,706,37,632,38,658,33.5
2026-04-18 01:14:35 PM,KXATPMATCH-26APR19RUBFIL-RUB,33,43,32,1679,31,1532,28,289,25,148,34,3398,35,1,36,706,37,1547,38,658,33.5
2026-04-18 01:14:35 PM,KXATPMATCH-26APR19RUBFIL-RUB,33,43,32,1679,31,617,28,289,25,148,34,3398,35,1,36,706,37,1547,38,658,33.5
2026-04-18 01:14:39 PM,KXATPMATCH-26APR19RUBFIL-RUB,33,43,32,1679,31,617,30,296,28,289,34,3398,35,1,36,706,37,1547,38,658,33.5
2026-04-18 01:14:39 PM,KXATPMATCH-26APR19RUBFIL-RUB,33,43,32,1679,31,617,30,732,28,289,34,3398,35,1,36,706,37,1547,38,658,33.5
2026-04-18 01:14:39 PM,KXATPMATCH-26APR19RUBFIL-RUB,33,43,32,1679,31,617,30,732,28,289,34,3398,35,396,36,706,37,1547,38,658,33.5
2026-04-18 01:14:39 PM,KXATPMATCH-26APR19RUBFIL-RUB,33,43,32,1679,31,617,30,732,28,289,34,3398,35,668,36,706,37,1547,38,658,33.5
2026-04-18 01:14:47 PM,KXATPMATCH-26APR19RUBFIL-RUB,33,43,32,1679,31,617,30,732,28,289,34,3398,35,668,36,1623,37,1547,38,658,33.5
2026-04-18 01:14:47 PM,KXATPMATCH-26APR19RUBFIL-RUB,33,43,32,1281,31,617,30,732,28,289,34,3398,35,668,36,1623,37,1547,38,658,33.5
2026-04-18 01:14:47 PM,KXATPMATCH-26APR19RUBFIL-RUB,33,43,32,1015,31,617,30,732,28,289,34,3398,35,668,36,1623,37,1547,38,658,33.5
2026-04-18 01:14:47 PM,KXATPMATCH-26APR19RUBFIL-RUB,33,43,32,1015,31,617,30,732,28,289,34,3398,35,668,36,1623,37,632,38,658,33.5
2026-04-18 01:15:02 PM,KXATPMATCH-26APR19RUBFIL-RUB,33,43,32,1015,31,617,30,732,28,289,34,3388,35,668,36,1623,37,632,38,658,33.5
2026-04-18 01:15:49 PM,KXATPMATCH-26APR19RUBFIL-RUB,33,43,32,1015,31,617,30,732,28,289,34,3388,35,668,36,1623,37,1549,38,658,33.5
2026-04-18 01:15:49 PM,KXATPMATCH-26APR19RUBFIL-RUB,33,43,32,1015,31,617,30,732,28,289,34,3388,35,668,36,706,37,1549,38,658,33.5
2026-04-18 01:16:00 PM,KXATPMATCH-26APR19RUBFIL-RUB,33,43,32,1015,31,617,30,732,28,289,34,3388,35,668,36,1623,37,1549,38,658,33.5
2026-04-18 01:16:00 PM,KXATPMATCH-26APR19RUBFIL-RUB,33,43,32,540,31,617,30,732,28,289,34,3388,35,668,36,1623,37,1549,38,658,33.5
2026-04-18 01:16:00 PM,KXATPMATCH-26APR19RUBFIL-RUB,33,43,32,540,31,617,30,732,28,289,34,3388,35,668,36,1623,37,632,38,658,33.5
2026-04-18 01:16:31 PM,KXATPMATCH-26APR19RUBFIL-RUB,33,43,32,205,31,617,30,732,28,289,34,3388,35,668,36,1623,37,632,38,658,33.5
2026-04-18 01:18:16 PM,KXATPMATCH-26APR19RUBFIL-RUB,33,43,32,205,31,727,30,732,28,289,34,3388,35,668,36,1623,37,632,38,658,33.5
2026-04-18 01:18:16 PM,KXATPMATCH-26APR19RUBFIL-RUB,33,43,32,205,31,727,30,732,28,289,34,3388,35,1585,36,1623,37,632,38,658,33.5
2026-04-18 01:18:16 PM,KXATPMATCH-26APR19RUBFIL-RUB,33,43,32,100,31,727,30,732,28,289,34,3388,35,1585,36,1623,37,632,38,658,33.5
2026-04-18 01:18:16 PM,KXATPMATCH-26APR19RUBFIL-RUB,33,43,32,100,31,727,30,732,28,289,34,3388,35,668,36,1623,37,632,38,658,33.5
2026-04-18 01:18:26 PM,KXATPMATCH-26APR19RUBFIL-RUB,33,43,32,100,31,727,30,732,28,289,34,3388,35,1585,36,1623,37,632,38,658,33.5
2026-04-18 01:18:26 PM,KXATPMATCH-26APR19RUBFIL-RUB,33,43,32,100,31,727,30,732,28,289,34,3388,35,1585,36,706,37,632,38,658,33.5
2026-04-18 01:19:20 PM,KXATPMATCH-26APR19RUBFIL-RUB,33,43,32,202,31,727,30,732,28,289,34,3388,35,1585,36,706,37,632,38,658,33.5
2026-04-18 01:19:20 PM,KXATPMATCH-26APR19RUBFIL-RUB,33,43,32,202,31,727,30,732,28,289,34,3388,35,1585,36,1623,37,632,38,658,33.5
2026-04-18 01:19:20 PM,KXATPMATCH-26APR19RUBFIL-RUB,33,43,32,202,31,727,30,732,28,289,34,3388,35,668,36,1623,37,632,38,658,33.5
2026-04-18 01:19:20 PM,KXATPMATCH-26APR19RUBFIL-RUB,33,43,32,202,31,617,30,732,28,289,34,3388,35,668,36,1623,37,632,38,658,33.5
2026-04-18 01:19:25 PM,KXATPMATCH-26APR19RUBFIL-RUB,33,43,32,100,31,617,30,732,28,289,34,3388,35,668,36,1623,37,632,38,658,33.5
2026-04-18 01:19:30 PM,KXATPMATCH-26APR19RUBFIL-RUB,33,43,32,100,31,728,30,732,28,289,34,3388,35,668,36,1623,37,632,38,658,33.5
2026-04-18 01:19:30 PM,KXATPMATCH-26APR19RUBFIL-RUB,33,43,32,100,31,728,30,732,28,289,34,3388,35,1585,36,1623,37,632,38,658,33.5
2026-04-18 01:19:30 PM,KXATPMATCH-26APR19RUBFIL-RUB,33,43,32,100,31,728,30,732,28,289,34,3388,35,1585,36,706,37,632,38,658,33.5
2026-04-18 01:19:41 PM,KXATPMATCH-26APR19RUBFIL-RUB,33,43,31,728,30,732,28,289,25,148,34,3388,35,1585,36,706,37,632,38,658,33.5
2026-04-18 01:19:41 PM,KXATPMATCH-26APR19RUBFIL-RUB,33,43,31,728,30,832,28,289,25,148,34,3388,35,1585,36,706,37,632,38,658,33.5
2026-04-18 01:19:41 PM,KXATPMATCH-26APR19RUBFIL-RUB,33,43,31,643,30,832,28,289,25,148,34,3388,35,1585,36,706,37,632,38,658,33.5
2026-04-18 01:19:41 PM,KXATPMATCH-26APR19RUBFIL-RUB,33,43,31,643,30,832,28,289,25,148,34,3388,35,1585,36,706,37,632,38,274,33.5
2026-04-18 01:19:41 PM,KXATPMATCH-26APR19RUBFIL-RUB,33,43,31,643,30,732,28,289,25,148,34,3388,35,1585,36,706,37,632,38,274,33.5
2026-04-18 01:19:41 PM,KXATPMATCH-26APR19RUBFIL-RUB,33,43,31,643,30,732,28,289,25,148,34,3635,35,1585,36,706,37,632,38,274,33.5
2026-04-18 01:19:41 PM,KXATPMATCH-26APR19RUBFIL-RUB,33,43,31,643,30,732,28,289,25,148,34,4003,35,1585,36,706,37,632,38,274,33.5
2026-04-18 01:19:41 PM,KXATPMATCH-26APR19RUBFIL-RUB,33,43,31,643,30,732,28,289,25,148,34,4003,35,1585,36,706,37,632,41,137,33.5
2026-04-18 01:19:46 PM,KXATPMATCH-26APR19RUBFIL-RUB,33,43,31,743,30,732,28,289,25,148,34,4003,35,1585,36,706,37,632,41,137,33.5
2026-04-18 01:19:54 PM,KXATPMATCH-26APR19RUBFIL-RUB,33,43,31,643,30,732,28,289,25,148,34,4003,35,1585,36,706,37,632,41,137,33.5
2026-04-18 01:19:54 PM,KXATPMATCH-26APR19RUBFIL-RUB,33,43,31,643,30,832,28,289,25,148,34,4003,35,1585,36,706,37,632,41,137,33.5
2026-04-18 01:19:54 PM,KXATPMATCH-26APR19RUBFIL-RUB,33,43,31,275,30,832,28,289,25,148,34,4003,35,1585,36,706,37,632,41,137,33.5
2026-04-18 01:19:54 PM,KXATPMATCH-26APR19RUBFIL-RUB,33,43,31,249,30,832,28,289,25,148,34,4003,35,1585,36,706,37,632,41,137,33.5
2026-04-18 01:19:54 PM,KXATPMATCH-26APR19RUBFIL-RUB,33,43,31,249,30,832,29,390,28,289,34,4003,35,1585,36,706,37,632,41,137,33.5
2026-04-18 01:19:55 PM,KXATPMATCH-26APR19RUBFIL-RUB,33,43,31,262,30,832,29,390,28,289,34,4003,35,1585,36,706,37,632,41,137,33.5
2026-04-18 01:20:04 PM,KXATPMATCH-26APR19RUBFIL-RUB,33,43,31,262,30,732,29,390,28,289,34,4003,35,1585,36,706,37,632,41,137,33.5
2026-04-18 01:20:04 PM,KXATPMATCH-26APR19RUBFIL-RUB,33,43,31,362,30,732,29,390,28,289,34,4003,35,1585,36,706,37,632,41,137,33.5
2026-04-18 01:20:08 PM,KXATPMATCH-26APR19RUBFIL-RUB,33,43,31,262,30,732,29,390,28,289,34,4003,35,1585,36,706,37,632,41,137,33.5
2026-04-18 01:20:08 PM,KXATPMATCH-26APR19RUBFIL-RUB,33,43,31,262,30,832,29,390,28,289,34,4003,35,1585,36,706,37,632,41,137,33.5
2026-04-18 01:20:08 PM,KXATPMATCH-26APR19RUBFIL-RUB,33,43,31,249,30,832,29,390,28,289,34,4003,35,1585,36,706,37,632,41,137,33.5
2026-04-18 01:21:17 PM,KXATPMATCH-26APR19RUBFIL-RUB,33,43,31,261,30,832,29,390,28,289,34,4003,35,1585,36,706,37,632,41,137,33.5
2026-04-18 01:21:18 PM,KXATPMATCH-26APR19RUBFIL-RUB,33,43,31,261,30,832,29,649,28,289,34,4003,35,1585,36,706,37,632,41,137,33.5
2026-04-18 01:21:18 PM,KXATPMATCH-26APR19RUBFIL-RUB,33,43,31,261,30,732,29,649,28,289,34,4003,35,1585,36,706,37,632,41,137,33.5
2026-04-18 01:21:18 PM,KXATPMATCH-26APR19RUBFIL-RUB,33,43,31,361,30,732,29,649,28,289,34,4003,35,1585,36,706,37,632,41,137,33.5
2026-04-18 01:21:18 PM,KXATPMATCH-26APR19RUBFIL-RUB,33,43,31,349,30,732,29,649,28,289,34,4003,35,1585,36,706,37,632,41,137,33.5
2026-04-18 01:21:21 PM,KXATPMATCH-26APR19RUBFIL-RUB,33,43,31,349,30,732,29,649,28,289,34,3733,35,1585,36,706,37,632,41,137,33.5
2026-04-18 01:21:21 PM,KXATPMATCH-26APR19RUBFIL-RUB,33,43,31,249,30,732,29,649,28,289,34,3733,35,1585,36,706,37,632,41,137,33.5
2026-04-18 01:21:21 PM,KXATPMATCH-26APR19RUBFIL-RUB,33,43,31,249,30,832,29,649,28,289,34,3733,35,1585,36,706,37,632,41,137,33.5
2026-04-18 01:21:48 PM,KXATPMATCH-26APR19RUBFIL-RUB,33,43,31,261,30,832,29,649,28,289,34,3733,35,1585,36,706,37,632,41,137,33.5
2026-04-18 01:21:48 PM,KXATPMATCH-26APR19RUBFIL-RUB,33,43,31,261,30,732,29,649,28,289,34,3733,35,1585,36,706,37,632,41,137,33.5
2026-04-18 01:21:48 PM,KXATPMATCH-26APR19RUBFIL-RUB,33,43,31,361,30,732,29,649,28,289,34,3733,35,1585,36,706,37,632,41,137,33.5
2026-04-18 01:21:57 PM,KXATPMATCH-26APR19RUBFIL-RUB,31,361,30,732,29,649,28,289,25,148,34,3733,35,1585,36,706,37,632,41,137,32.5
2026-04-18 01:21:57 PM,KXATPMATCH-26APR19RUBFIL-RUB,31,332,30,732,29,649,28,289,25,148,34,3733,35,1585,36,706,37,632,41,137,32.5
2026-04-18 01:22:05 PM,KXATPMATCH-26APR19RUBFIL-RUB,31,332,30,732,29,649,28,289,26,204,34,3733,35,1585,36,706,37,632,41,137,32.5
2026-04-18 01:22:07 PM,KXATPMATCH-26APR19RUBFIL-RUB,31,232,30,732,29,649,28,289,26,204,34,3733,35,1585,36,706,37,632,41,137,32.5
2026-04-18 01:22:08 PM,KXATPMATCH-26APR19RUBFIL-RUB,31,232,30,832,29,649,28,289,26,204,34,3733,35,1585,36,706,37,632,41,137,32.5
2026-04-18 01:22:08 PM,KXATPMATCH-26APR19RUBFIL-RUB,31,220,30,832,29,649,28,289,26,204,34,3733,35,1585,36,706,37,632,41,137,32.5
2026-04-18 01:22:11 PM,KXATPMATCH-26APR19RUBFIL-RUB,31,220,30,732,29,649,28,289,26,204,34,3733,35,1585,36,706,37,632,41,137,32.5
2026-04-18 01:22:11 PM,KXATPMATCH-26APR19RUBFIL-RUB,31,320,30,732,29,649,28,289,26,204,34,3733,35,1585,36,706,37,632,41,137,32.5
2026-04-18 01:23:11 PM,KXATPMATCH-26APR19RUBFIL-RUB,32,164,31,320,30,732,29,649,28,289,34,3733,35,1585,36,706,37,632,41,137,33.0
2026-04-18 01:23:46 PM,KXATPMATCH-26APR19RUBFIL-RUB,32,164,31,320,30,1045,29,649,28,289,34,3733,35,1585,36,706,37,632,41,137,33.0
2026-04-18 01:23:46 PM,KXATPMATCH-26APR19RUBFIL-RUB,32,164,31,320,30,1045,29,649,28,289,34,3733,35,1585,36,706,37,632,38,151,33.0
2026-04-18 01:23:46 PM,KXATPMATCH-26APR19RUBFIL-RUB,32,164,31,320,30,1045,29,973,28,289,34,3733,35,1585,36,706,37,632,38,151,33.0
2026-04-18 01:24:10 PM,KXATPMATCH-26APR19RUBFIL-RUB,32,964,31,320,30,1045,29,973,28,289,34,3733,35,1585,36,706,37,632,38,151,33.0
2026-04-18 01:24:10 PM,KXATPMATCH-26APR19RUBFIL-RUB,33,800,32,964,31,320,30,1045,29,973,34,3733,35,1585,36,706,37,632,38,151,33.5
2026-04-18 01:24:10 PM,KXATPMATCH-26APR19RUBFIL-RUB,33,800,32,964,31,320,30,1045,29,973,34,3733,35,1585,36,1300,37,632,38,151,33.5
2026-04-18 01:24:10 PM,KXATPMATCH-26APR19RUBFIL-RUB,33,800,32,964,31,320,30,1045,29,973,34,3733,35,1585,36,1300,37,1432,38,151,33.5
2026-04-18 01:24:11 PM,KXATPMATCH-26APR19RUBFIL-RUB,33,800,32,964,31,320,30,1045,29,973,34,3733,35,11185,36,1300,37,1432,38,151,33.5
2026-04-18 01:24:12 PM,KXATPMATCH-26APR19RUBFIL-RUB,33,800,32,964,31,320,30,1045,29,973,34,3733,35,11185,36,10900,37,1432,38,151,33.5
2026-04-18 01:24:12 PM,KXATPMATCH-26APR19RUBFIL-RUB,33,800,32,5764,31,320,30,1045,29,973,34,3733,35,11185,36,10900,37,1432,38,151,33.5
2026-04-18 01:24:12 PM,KXATPMATCH-26APR19RUBFIL-RUB,33,800,32,5764,31,5120,30,1045,29,973,34,3733,35,11185,36,10900,37,1432,38,151,33.5
2026-04-18 01:24:17 PM,KXATPMATCH-26APR19RUBFIL-RUB,33,800,32,5764,31,5120,30,1045,29,973,34,3733,35,11185,36,10935,37,1432,38,151,33.5
2026-04-18 01:24:17 PM,KXATPMATCH-26APR19RUBFIL-RUB,33,800,32,5764,31,320,30,1045,29,973,34,3733,35,11185,36,10935,37,1432,38,151,33.5
2026-04-18 01:24:18 PM,KXATPMATCH-26APR19RUBFIL-RUB,33,5600,32,5764,31,320,30,1045,29,973,34,3733,35,11185,36,10935,37,1432,38,151,33.5
2026-04-18 01:24:18 PM,KXATPMATCH-26APR19RUBFIL-RUB,33,5600,32,5764,31,320,30,1045,29,973,34,3733,35,11185,36,11850,37,1432,38,151,33.5
2026-04-18 01:24:18 PM,KXATPMATCH-26APR19RUBFIL-RUB,33,5600,32,5764,31,320,30,1045,29,973,34,3733,35,10268,36,11850,37,1432,38,151,33.5
2026-04-18 01:24:18 PM,KXATPMATCH-26APR19RUBFIL-RUB,33,800,32,5764,31,320,30,1045,29,973,34,3733,35,10268,36,11850,37,1432,38,151,33.5
2026-04-18 01:24:18 PM,KXATPMATCH-26APR19RUBFIL-RUB,33,800,32,5764,31,5120,30,1045,29,973,34,3733,35,10268,36,11850,37,1432,38,151,33.5
2026-04-18 01:24:18 PM,KXATPMATCH-26APR19RUBFIL-RUB,33,800,32,5764,31,320,30,1045,29,973,34,3733,35,10268,36,11850,37,1432,38,151,33.5
2026-04-18 01:24:19 PM,KXATPMATCH-26APR19RUBFIL-RUB,33,5600,32,5764,31,320,30,1045,29,973,34,3733,35,10268,36,11850,37,1432,38,151,33.5
2026-04-18 01:25:03 PM,KXATPMATCH-26APR19RUBFIL-RUB,33,5600,32,5764,31,320,30,1045,29,973,34,3733,35,11183,36,11850,37,1432,38,151,33.5
2026-04-18 01:25:03 PM,KXATPMATCH-26APR19RUBFIL-RUB,33,5600,32,5764,31,320,30,1045,29,973,34,3733,35,11183,36,10935,37,1432,38,151,33.5
2026-04-18 01:25:04 PM,KXATPMATCH-26APR19RUBFIL-RUB,33,5600,32,4964,31,320,30,1045,29,973,34,3733,35,11183,36,10935,37,1432,38,151,33.5
2026-04-18 01:25:04 PM,KXATPMATCH-26APR19RUBFIL-RUB,33,5600,32,4964,31,320,30,1045,29,973,34,3733,35,11183,36,11007,37,1432,38,151,33.5
2026-04-18 01:25:04 PM,KXATPMATCH-26APR19RUBFIL-RUB,33,5682,32,4964,31,320,30,1045,29,973,34,3733,35,11183,36,11007,37,1432,38,151,33.5
2026-04-18 01:25:21 PM,KXATPMATCH-26APR19RUBFIL-RUB,33,5682,32,4800,31,320,30,1045,29,973,34,3733,35,11183,36,11007,37,1432,38,151,33.5
2026-04-18 01:25:42 PM,KXATPMATCH-26APR19RUBFIL-RUB,33,5600,32,4800,31,320,30,1045,29,973,34,3733,35,11183,36,11007,37,1432,38,151,33.5
2026-04-18 01:25:42 PM,KXATPMATCH-26APR19RUBFIL-RUB,33,5600,32,4800,31,320,30,1045,29,973,34,3733,35,11183,36,10935,37,1432,38,151,33.5
2026-04-18 01:25:42 PM,KXATPMATCH-26APR19RUBFIL-RUB,33,5600,32,4800,31,320,30,1045,29,973,34,3733,35,11183,36,11080,37,1432,38,151,33.5
2026-04-18 01:25:42 PM,KXATPMATCH-26APR19RUBFIL-RUB,33,5609,32,4800,31,320,30,1045,29,973,34,3733,35,11183,36,11080,37,1432,38,151,33.5
2026-04-18 01:26:01 PM,KXATPMATCH-26APR19RUBFIL-RUB,33,5609,32,4800,31,483,30,1045,29,973,34,3733,35,11183,36,11080,37,1432,38,151,33.5
2026-04-18 01:26:51 PM,KXATPMATCH-26APR19RUBFIL-RUB,33,5614,32,4800,31,483,30,1045,29,973,34,3733,35,11183,36,11080,37,1432,38,151,33.5
2026-04-18 01:28:12 PM,KXATPMATCH-26APR19RUBFIL-RUB,33,5614,32,4800,31,845,30,1045,29,973,34,3733,35,11183,36,11080,37,1432,38,151,33.5
2026-04-18 01:29:19 PM,KXATPMATCH-26APR19RUBFIL-RUB,33,5605,32,4800,31,845,30,1045,29,973,34,3733,35,11183,36,11080,37,1432,38,151,33.5
2026-04-18 01:29:19 PM,KXATPMATCH-26APR19RUBFIL-RUB,33,5614,32,4800,31,845,30,1045,29,973,34,3733,35,11183,36,11080,37,1432,38,151,33.5
2026-04-18 01:29:38 PM,KXATPMATCH-26APR19RUBFIL-RUB,33,5614,32,4800,31,682,30,1045,29,973,34,3733,35,11183,36,11080,37,1432,38,151,33.5
2026-04-18 01:29:39 PM,KXATPMATCH-26APR19RUBFIL-RUB,33,5614,32,4800,31,682,30,1211,29,973,34,3733,35,11183,36,11080,37,1432,38,151,33.5
2026-04-18 01:29:39 PM,KXATPMATCH-26APR19RUBFIL-RUB,33,5614,32,4800,31,682,30,1211,29,973,34,3733,35,10268,36,11080,37,1432,38,151,33.5
2026-04-18 01:29:47 PM,KXATPMATCH-26APR19RUBFIL-RUB,33,5614,32,4800,31,845,30,1211,29,973,34,3733,35,10268,36,11080,37,1432,38,151,33.5
2026-04-18 01:29:47 PM,KXATPMATCH-26APR19RUBFIL-RUB,33,5614,32,4800,31,845,30,1211,29,973,34,3733,35,11183,36,11080,37,1432,38,151,33.5
2026-04-18 01:29:47 PM,KXATPMATCH-26APR19RUBFIL-RUB,33,5614,32,4800,31,845,30,1045,29,973,34,3733,35,11183,36,11080,37,1432,38,151,33.5
2026-04-18 01:32:07 PM,KXATPMATCH-26APR19RUBFIL-RUB,33,5605,32,4800,31,845,30,1045,29,973,34,3733,35,11183,36,11080,37,1432,38,151,33.5
2026-04-18 01:32:07 PM,KXATPMATCH-26APR19RUBFIL-RUB,33,5605,32,4800,31,845,30,1045,29,973,34,3733,35,11183,36,10935,37,1432,38,151,33.5
2026-04-18 01:32:07 PM,KXATPMATCH-26APR19RUBFIL-RUB,33,5605,32,4800,31,845,30,1045,29,973,34,3733,35,11183,36,10935,37,632,38,151,33.5
2026-04-18 01:32:07 PM,KXATPMATCH-26APR19RUBFIL-RUB,33,5312,32,4800,31,845,30,1045,29,973,34,3733,35,11183,36,10935,37,632,38,151,33.5
2026-04-18 01:32:07 PM,KXATPMATCH-26APR19RUBFIL-RUB,33,5312,32,5600,31,845,30,1045,29,973,34,3733,35,11183,36,10935,37,632,38,151,33.5
2026-04-18 01:32:07 PM,KXATPMATCH-26APR19RUBFIL-RUB,33,5312,32,5600,31,845,30,1045,29,973,34,3733,35,11459,36,10935,37,632,38,151,33.5
2026-04-18 01:32:07 PM,KXATPMATCH-26APR19RUBFIL-RUB,33,5312,32,5600,31,845,30,1045,29,973,34,3733,35,11459,36,11106,37,632,38,151,33.5
2026-04-18 01:32:37 PM,KXATPMATCH-26APR19RUBFIL-RUB,33,5312,32,5600,31,845,30,1187,29,973,34,3733,35,11459,36,11106,37,632,38,151,33.5
2026-04-18 01:32:37 PM,KXATPMATCH-26APR19RUBFIL-RUB,33,5312,32,5600,31,682,30,1187,29,973,34,3733,35,11459,36,11106,37,632,38,151,33.5
2026-04-18 01:32:37 PM,KXATPMATCH-26APR19RUBFIL-RUB,33,5312,32,5600,31,682,30,1187,29,973,34,4648,35,11459,36,11106,37,632,38,151,33.5
2026-04-18 01:32:37 PM,KXATPMATCH-26APR19RUBFIL-RUB,33,5312,32,5600,31,682,30,1045,29,973,34,4648,35,11459,36,11106,37,632,38,151,33.5
2026-04-18 01:32:37 PM,KXATPMATCH-26APR19RUBFIL-RUB,33,512,32,5600,31,682,30,1045,29,973,34,4648,35,11459,36,11106,37,632,38,151,33.5
2026-04-18 01:32:37 PM,KXATPMATCH-26APR19RUBFIL-RUB,33,512,32,5600,31,682,30,1045,29,973,34,4648,35,10544,36,11106,37,632,38,151,33.5
2026-04-18 01:32:37 PM,KXATPMATCH-26APR19RUBFIL-RUB,33,512,32,5600,31,5482,30,1045,29,973,34,4648,35,10544,36,11106,37,632,38,151,33.5
2026-04-18 01:32:38 PM,KXATPMATCH-26APR19RUBFIL-RUB,33,512,32,5600,31,5482,30,1045,29,973,34,4648,35,10544,36,11106,37,394,38,151,33.5
2026-04-18 01:32:38 PM,KXATPMATCH-26APR19RUBFIL-RUB,33,512,32,5600,31,5120,30,1045,29,973,34,4648,35,10544,36,11106,37,394,38,151,33.5
2026-04-18 01:32:38 PM,KXATPMATCH-26APR19RUBFIL-RUB,33,512,32,5600,31,4901,30,1045,29,973,34,4648,35,10544,36,11106,37,394,38,151,33.5
2026-04-18 01:32:40 PM,KXATPMATCH-26APR19RUBFIL-RUB,33,512,32,5600,31,4901,30,609,29,973,34,4648,35,10544,36,11106,37,394,38,151,33.5
2026-04-18 01:32:40 PM,KXATPMATCH-26APR19RUBFIL-RUB,33,512,32,5600,31,4901,30,313,29,973,34,4648,35,10544,36,11106,37,394,38,151,33.5
2026-04-18 01:32:40 PM,KXATPMATCH-26APR19RUBFIL-RUB,33,512,32,5600,31,4901,30,313,29,973,34,4648,35,10544,36,11106,38,151,39,154,33.5
2026-04-18 01:32:40 PM,KXATPMATCH-26APR19RUBFIL-RUB,33,226,32,5600,31,4901,30,313,29,973,34,4648,35,10544,36,11106,38,151,39,154,33.5
2026-04-18 01:32:40 PM,KXATPMATCH-26APR19RUBFIL-RUB,33,226,32,5600,31,4901,30,313,29,973,34,4648,35,10830,36,11106,38,151,39,154,33.5
2026-04-18 01:32:43 PM,KXATPMATCH-26APR19RUBFIL-RUB,33,5,32,5600,31,4901,30,313,29,973,34,4648,35,10830,36,11106,38,151,39,154,33.5
2026-04-18 01:32:43 PM,KXATPMATCH-26APR19RUBFIL-RUB,33,5,32,5600,31,4901,30,313,29,973,34,4648,35,10830,36,10935,38,151,39,154,33.5
2026-04-18 01:32:43 PM,KXATPMATCH-26APR19RUBFIL-RUB,33,5,32,5600,31,4901,30,313,29,973,34,4648,35,10830,36,10900,38,151,39,154,33.5
2026-04-18 01:32:43 PM,KXATPMATCH-26APR19RUBFIL-RUB,33,5,32,5600,31,4901,30,313,29,973,34,4648,35,10830,36,10306,38,151,39,154,33.5
2026-04-18 01:32:43 PM,KXATPMATCH-26APR19RUBFIL-RUB,33,5,32,5553,31,4901,30,313,29,973,34,4648,35,10830,36,10306,38,151,39,154,33.5
2026-04-18 01:32:43 PM,KXATPMATCH-26APR19RUBFIL-RUB,33,5,32,5553,31,4901,30,1113,29,973,34,4648,35,10830,36,10306,38,151,39,154,33.5
2026-04-18 01:32:43 PM,KXATPMATCH-26APR19RUBFIL-RUB,33,5,32,5553,31,4901,30,1113,29,973,34,4678,35,10830,36,10306,38,151,39,154,33.5
2026-04-18 01:32:43 PM,KXATPMATCH-26APR19RUBFIL-RUB,33,5,32,5553,31,4901,30,1113,29,973,34,4678,35,11068,36,10306,38,151,39,154,33.5
2026-04-18 01:32:43 PM,KXATPMATCH-26APR19RUBFIL-RUB,33,5,32,5553,31,4901,30,1113,29,973,34,4678,35,11068,36,706,38,151,39,154,33.5
2026-04-18 01:32:43 PM,KXATPMATCH-26APR19RUBFIL-RUB,33,5,32,5553,31,4901,30,1113,29,973,34,14278,35,11068,36,706,38,151,39,154,33.5
2026-04-18 01:32:47 PM,KXATPMATCH-26APR19RUBFIL-RUB,33,5,32,4833,31,4901,30,1113,29,973,34,14278,35,11068,36,706,38,151,39,154,33.5
2026-04-18 01:32:47 PM,KXATPMATCH-26APR19RUBFIL-RUB,33,5,32,4833,31,4901,30,1113,29,973,34,14998,35,11068,36,706,38,151,39,154,33.5
2026-04-18 01:32:47 PM,KXATPMATCH-26APR19RUBFIL-RUB,33,5,32,4833,31,4901,30,1113,29,1911,34,14998,35,11068,36,706,38,151,39,154,33.5
2026-04-18 01:32:47 PM,KXATPMATCH-26APR19RUBFIL-RUB,33,5,32,4833,31,4901,30,1113,29,1911,34,14083,35,11068,36,706,38,151,39,154,33.5
2026-04-18 01:32:48 PM,KXATPMATCH-26APR19RUBFIL-RUB,33,5,32,4833,31,4901,30,1113,29,1911,34,15021,35,11068,36,706,38,151,39,154,33.5
2026-04-18 01:32:53 PM,KXATPMATCH-26APR19RUBFIL-RUB,33,5,32,4833,31,4901,30,1113,29,1911,34,14083,35,11068,36,706,38,151,39,154,33.5
2026-04-18 01:32:56 PM,KXATPMATCH-26APR19RUBFIL-RUB,33,5,32,4833,31,4901,30,2043,29,1911,34,14083,35,11068,36,706,38,151,39,154,33.5
2026-04-18 01:32:56 PM,KXATPMATCH-26APR19RUBFIL-RUB,33,5,32,4833,31,4901,30,2043,29,1911,34,15014,35,11068,36,706,38,151,39,154,33.5
2026-04-18 01:32:56 PM,KXATPMATCH-26APR19RUBFIL-RUB,33,5,32,4833,31,4901,30,2466,29,1911,34,15014,35,11068,36,706,38,151,39,154,33.5
2026-04-18 01:32:56 PM,KXATPMATCH-26APR19RUBFIL-RUB,33,5,32,4833,31,4901,30,2466,29,973,34,15014,35,11068,36,706,38,151,39,154,33.5
2026-04-18 01:32:57 PM,KXATPMATCH-26APR19RUBFIL-RUB,33,5,32,4833,31,4901,30,2466,29,973,34,14831,35,11068,36,706,38,151,39,154,33.5
2026-04-18 01:32:57 PM,KXATPMATCH-26APR19RUBFIL-RUB,33,5,32,5016,31,4901,30,2466,29,973,34,14831,35,11068,36,706,38,151,39,154,33.5
2026-04-18 01:32:59 PM,KXATPMATCH-26APR19RUBFIL-RUB,33,5,32,5016,31,4901,30,2043,29,973,34,14831,35,11068,36,706,38,151,39,154,33.5
2026-04-18 01:33:00 PM,KXATPMATCH-26APR19RUBFIL-RUB,33,5,32,4833,31,4901,30,2043,29,973,34,14831,35,11068,36,706,38,151,39,154,33.5
2026-04-18 01:33:00 PM,KXATPMATCH-26APR19RUBFIL-RUB,33,5,32,4833,31,4901,30,2043,29,973,34,15014,35,11068,36,706,38,151,39,154,33.5
2026-04-18 01:33:00 PM,KXATPMATCH-26APR19RUBFIL-RUB,33,5,32,4833,31,4901,30,1113,29,973,34,15014,35,11068,36,706,38,151,39,154,33.5
2026-04-18 01:33:01 PM,KXATPMATCH-26APR19RUBFIL-RUB,33,5,32,4833,31,5016,30,1113,29,973,34,15014,35,11068,36,706,38,151,39,154,33.5
2026-04-18 01:33:01 PM,KXATPMATCH-26APR19RUBFIL-RUB,33,5,32,4833,31,5016,30,1218,29,973,34,15014,35,11068,36,706,38,151,39,154,33.5
2026-04-18 01:33:01 PM,KXATPMATCH-26APR19RUBFIL-RUB,33,5,32,4833,31,5016,30,1218,29,1079,34,15014,35,11068,36,706,38,151,39,154,33.5
2026-04-18 01:33:01 PM,KXATPMATCH-26APR19RUBFIL-RUB,33,5,32,4833,31,5016,30,1218,29,1079,34,16099,35,11068,36,706,38,151,39,154,33.5
2026-04-18 01:33:01 PM,KXATPMATCH-26APR19RUBFIL-RUB,33,5,32,4833,31,5016,30,1218,29,1079,34,16099,35,11597,36,706,38,151,39,154,33.5
2026-04-18 01:33:01 PM,KXATPMATCH-26APR19RUBFIL-RUB,33,5,32,4833,31,5016,30,1218,29,1079,34,16099,35,11597,36,1213,38,151,39,154,33.5
2026-04-18 01:33:04 PM,KXATPMATCH-26APR19RUBFIL-RUB,33,5,32,4833,31,5016,30,1661,29,1079,34,16099,35,11597,36,1213,38,151,39,154,33.5
2026-04-18 01:33:04 PM,KXATPMATCH-26APR19RUBFIL-RUB,33,5,32,4833,31,5016,30,2593,29,1079,34,16099,35,11597,36,1213,38,151,39,154,33.5
2026-04-18 01:33:06 PM,KXATPMATCH-26APR19RUBFIL-RUB,33,5,32,4833,31,5016,30,2593,29,1079,34,15951,35,11597,36,1213,38,151,39,154,33.5
2026-04-18 01:33:06 PM,KXATPMATCH-26APR19RUBFIL-RUB,33,5,32,4981,31,5016,30,2593,29,1079,34,15951,35,11597,36,1213,38,151,39,154,33.5
2026-04-18 01:33:07 PM,KXATPMATCH-26APR19RUBFIL-RUB,33,5,32,4981,31,5016,30,2150,29,1079,34,15951,35,11597,36,1213,38,151,39,154,33.5
2026-04-18 01:33:09 PM,KXATPMATCH-26APR19RUBFIL-RUB,33,5,32,4948,31,5016,30,2150,29,1079,34,15951,35,11597,36,1213,38,151,39,154,33.5
2026-04-18 01:33:09 PM,KXATPMATCH-26APR19RUBFIL-RUB,33,5,32,4800,31,5016,30,2150,29,1079,34,15951,35,11597,36,1213,38,151,39,154,33.5
2026-04-18 01:33:09 PM,KXATPMATCH-26APR19RUBFIL-RUB,33,5,32,4800,31,5016,30,2150,29,1079,34,15916,35,11597,36,1213,38,151,39,154,33.5
2026-04-18 01:33:09 PM,KXATPMATCH-26APR19RUBFIL-RUB,33,5,32,4800,31,5815,30,2150,29,1079,34,15916,35,11597,36,1213,38,151,39,154,33.5
2026-04-18 01:33:09 PM,KXATPMATCH-26APR19RUBFIL-RUB,33,5,32,4800,31,5815,30,2150,29,1079,34,16133,35,11597,36,1213,38,151,39,154,33.5
2026-04-18 01:33:09 PM,KXATPMATCH-26APR19RUBFIL-RUB,33,5,32,4800,31,5815,30,1218,29,1079,34,16133,35,11597,36,1213,38,151,39,154,33.5
2026-04-18 01:33:11 PM,KXATPMATCH-26APR19RUBFIL-RUB,33,5,32,4800,31,5815,30,1218,29,1079,34,15807,35,11597,36,1213,38,151,39,154,33.5
2026-04-18 01:33:11 PM,KXATPMATCH-26APR19RUBFIL-RUB,33,5,32,4800,31,5875,30,1218,29,1079,34,15807,35,11597,36,1213,38,151,39,154,33.5
2026-04-18 01:33:13 PM,KXATPMATCH-26APR19RUBFIL-RUB,33,5,32,4800,31,5875,30,1218,29,2019,34,15807,35,11597,36,1213,38,151,39,154,33.5
2026-04-18 01:33:15 PM,KXATPMATCH-26APR19RUBFIL-RUB,33,5,32,4800,31,5815,30,1218,29,2019,34,15807,35,11597,36,1213,38,151,39,154,33.5
2026-04-18 01:33:15 PM,KXATPMATCH-26APR19RUBFIL-RUB,33,5,32,4800,31,5815,30,1218,29,2019,34,16133,35,11597,36,1213,38,151,39,154,33.5
2026-04-18 01:33:18 PM,KXATPMATCH-26APR19RUBFIL-RUB,33,5,32,4800,31,5016,30,1218,29,2019,34,16133,35,11597,36,1213,38,151,39,154,33.5
2026-04-18 01:33:18 PM,KXATPMATCH-26APR19RUBFIL-RUB,33,5,32,4800,31,5016,30,1218,29,2019,34,15999,35,11597,36,1213,38,151,39,154,33.5
2026-04-18 01:33:18 PM,KXATPMATCH-26APR19RUBFIL-RUB,33,5,32,4933,31,5016,30,1218,29,2019,34,15999,35,11597,36,1213,38,151,39,154,33.5
2026-04-18 01:33:22 PM,KXATPMATCH-26APR19RUBFIL-RUB,33,5,32,4933,31,5016,30,1218,29,2019,34,15733,35,11597,36,1213,38,151,39,154,33.5
2026-04-18 01:33:22 PM,KXATPMATCH-26APR19RUBFIL-RUB,33,5,32,4933,31,5065,30,1218,29,2019,34,15733,35,11597,36,1213,38,151,39,154,33.5
2026-04-18 01:33:27 PM,KXATPMATCH-26APR19RUBFIL-RUB,33,5,32,4933,31,4950,30,1218,29,2019,34,15733,35,11597,36,1213,38,151,39,154,33.5
2026-04-18 01:33:27 PM,KXATPMATCH-26APR19RUBFIL-RUB,33,5,32,4933,31,4901,30,1218,29,2019,34,15733,35,11597,36,1213,38,151,39,154,33.5
2026-04-18 01:33:27 PM,KXATPMATCH-26APR19RUBFIL-RUB,33,5,32,4933,31,4901,30,1326,29,2019,34,15733,35,11597,36,1213,38,151,39,154,33.5
2026-04-18 01:33:27 PM,KXATPMATCH-26APR19RUBFIL-RUB,33,5,32,4933,31,4901,30,1326,29,2019,34,16058,35,11597,36,1213,38,151,39,154,33.5
2026-04-18 01:33:30 PM,KXATPMATCH-26APR19RUBFIL-RUB,33,5,32,4933,31,4901,30,1326,29,2019,34,13440,35,11597,36,1213,38,151,39,154,33.5
2026-04-18 01:33:31 PM,KXATPMATCH-26APR19RUBFIL-RUB,32,4933,31,4901,30,1326,29,2019,28,1046,34,13440,35,11597,36,1213,38,151,39,154,33.0
2026-04-18 01:33:31 PM,KXATPMATCH-26APR19RUBFIL-RUB,32,4933,31,4901,30,1326,29,2019,28,1046,33,2613,34,13440,35,11597,36,1213,38,151,32.5
2026-04-18 01:33:32 PM,KXATPMATCH-26APR19RUBFIL-RUB,32,4933,31,4901,30,1326,29,2019,28,1046,33,2613,34,12940,35,11597,36,1213,38,151,32.5
2026-04-18 01:33:32 PM,KXATPMATCH-26APR19RUBFIL-RUB,32,4933,31,4901,30,1326,29,2019,28,1046,33,3113,34,12940,35,11597,36,1213,38,151,32.5
2026-04-18 01:33:32 PM,KXATPMATCH-26APR19RUBFIL-RUB,32,4933,31,4901,30,2259,29,2019,28,1046,33,3113,34,12940,35,11597,36,1213,38,151,32.5
2026-04-18 01:33:32 PM,KXATPMATCH-26APR19RUBFIL-RUB,32,133,31,4901,30,2259,29,2019,28,1046,33,3113,34,12940,35,11597,36,1213,38,151,32.5
2026-04-18 01:33:32 PM,KXATPMATCH-26APR19RUBFIL-RUB,32,133,31,4901,30,2259,29,2019,28,1046,33,4046,34,12940,35,11597,36,1213,38,151,32.5
2026-04-18 01:33:32 PM,KXATPMATCH-26APR19RUBFIL-RUB,32,133,31,4901,30,7059,29,2019,28,1046,33,4046,34,12940,35,11597,36,1213,38,151,32.5
2026-04-18 01:33:32 PM,KXATPMATCH-26APR19RUBFIL-RUB,32,133,31,4901,30,6126,29,2019,28,1046,33,4046,34,12940,35,11597,36,1213,38,151,32.5
2026-04-18 01:33:32 PM,KXATPMATCH-26APR19RUBFIL-RUB,32,133,31,4901,30,6126,29,2019,28,1046,33,3113,34,12940,35,11597,36,1213,38,151,32.5
2026-04-18 01:33:41 PM,KXATPMATCH-26APR19RUBFIL-RUB,32,133,31,4901,30,6126,29,2019,28,1046,33,3113,34,12762,35,11597,36,1213,38,151,32.5
2026-04-18 01:33:41 PM,KXATPMATCH-26APR19RUBFIL-RUB,32,133,31,4901,30,6018,29,2019,28,1046,33,3113,34,12762,35,11597,36,1213,38,151,32.5
2026-04-18 01:33:41 PM,KXATPMATCH-26APR19RUBFIL-RUB,32,133,31,4901,30,6018,29,2019,28,939,33,3113,34,12762,35,11597,36,1213,38,151,32.5
2026-04-18 01:33:41 PM,KXATPMATCH-26APR19RUBFIL-RUB,32,133,31,5038,30,6018,29,2019,28,939,33,3113,34,12762,35,11597,36,1213,38,151,32.5
2026-04-18 01:33:42 PM,KXATPMATCH-26APR19RUBFIL-RUB,32,133,31,5038,30,6018,29,2019,28,939,33,3113,34,12702,35,11597,36,1213,38,151,32.5
2026-04-18 01:34:00 PM,KXATPMATCH-26APR19RUBFIL-RUB,32,133,31,5038,30,6018,29,2019,28,939,33,3486,34,12702,35,11597,36,1213,38,151,32.5
2026-04-18 01:34:03 PM,KXATPMATCH-26APR19RUBFIL-RUB,32,337,31,5038,30,6018,29,2019,28,939,33,3486,34,12702,35,11597,36,1213,38,151,32.5
2026-04-18 01:34:23 PM,KXATPMATCH-26APR19RUBFIL-RUB,32,337,31,5038,30,6018,29,2019,28,939,33,3282,34,12702,35,11597,36,1213,38,151,32.5
2026-04-18 01:34:23 PM,KXATPMATCH-26APR19RUBFIL-RUB,32,133,31,5038,30,6018,29,2019,28,939,33,3282,34,12702,35,11597,36,1213,38,151,32.5
2026-04-18 01:34:30 PM,KXATPMATCH-26APR19RUBFIL-RUB,32,133,31,5038,30,6018,29,2019,28,939,33,3540,34,12702,35,11597,36,1213,38,151,32.5
2026-04-18 01:34:59 PM,KXATPMATCH-26APR19RUBFIL-RUB,32,133,31,5038,30,6018,29,2019,28,1439,33,3540,34,12702,35,11597,36,1213,38,151,32.5
2026-04-18 01:35:19 PM,KXATPMATCH-26APR19RUBFIL-RUB,32,133,31,5038,30,6018,29,2019,28,1439,33,3575,34,12702,35,11597,36,1213,38,151,32.5
2026-04-18 01:35:36 PM,KXATPMATCH-26APR19RUBFIL-RUB,32,133,31,5038,30,6018,29,2019,28,1439,33,3575,34,11771,35,11597,36,1213,38,151,32.5
2026-04-18 01:35:49 PM,KXATPMATCH-26APR19RUBFIL-RUB,32,133,31,5038,30,6018,29,2019,28,1439,33,3575,34,12704,35,11597,36,1213,38,151,32.5
2026-04-18 01:35:57 PM,KXATPMATCH-26APR19RUBFIL-RUB,32,140,31,5038,30,6018,29,2019,28,1439,33,3575,34,12704,35,11597,36,1213,38,151,32.5
2026-04-18 01:36:48 PM,KXATPMATCH-26APR19RUBFIL-RUB,32,140,31,5038,30,6954,29,2019,28,1439,33,3575,34,12704,35,11597,36,1213,38,151,32.5
2026-04-18 01:36:48 PM,KXATPMATCH-26APR19RUBFIL-RUB,32,140,31,5038,30,6954,29,1079,28,1439,33,3575,34,12704,35,11597,36,1213,38,151,32.5
2026-04-18 01:36:53 PM,KXATPMATCH-26APR19RUBFIL-RUB,32,140,31,5038,30,7384,29,1079,28,1439,33,3575,34,12704,35,11597,36,1213,38,151,32.5
2026-04-18 01:36:54 PM,KXATPMATCH-26APR19RUBFIL-RUB,32,140,31,5038,30,6448,29,1079,28,1439,33,3575,34,12704,35,11597,36,1213,38,151,32.5
2026-04-18 01:36:56 PM,KXATPMATCH-26APR19RUBFIL-RUB,32,140,31,5038,30,6448,29,2015,28,1439,33,3575,34,12704,35,11597,36,1213,38,151,32.5
2026-04-18 01:37:47 PM,KXATPMATCH-26APR19RUBFIL-RUB,32,140,31,5038,30,6448,29,1079,28,1439,33,3575,34,12704,35,11597,36,1213,38,151,32.5
2026-04-18 01:37:49 PM,KXATPMATCH-26APR19RUBFIL-RUB,32,7,31,5038,30,6448,29,1079,28,1439,33,3575,34,12704,35,11597,36,1213,38,151,32.5
2026-04-18 01:37:49 PM,KXATPMATCH-26APR19RUBFIL-RUB,32,7,31,5038,30,6448,29,1079,28,1439,33,3575,34,12621,35,11597,36,1213,38,151,32.5
2026-04-18 01:37:49 PM,KXATPMATCH-26APR19RUBFIL-RUB,32,7,31,5038,30,6448,29,1079,28,1439,33,3575,34,12837,35,11597,36,1213,38,151,32.5
2026-04-18 01:37:49 PM,KXATPMATCH-26APR19RUBFIL-RUB,32,7,31,5038,30,6448,29,2015,28,1439,33,3575,34,12837,35,11597,36,1213,38,151,32.5
2026-04-18 01:38:19 PM,KXATPMATCH-26APR19RUBFIL-RUB,32,7,31,5038,30,6448,29,2015,28,1439,33,3575,34,12621,35,11597,36,1213,38,151,32.5
2026-04-18 01:38:19 PM,KXATPMATCH-26APR19RUBFIL-RUB,32,7,31,5038,30,6448,29,2015,28,1439,33,3575,34,12621,35,11359,36,1213,38,151,32.5
2026-04-18 01:38:19 PM,KXATPMATCH-26APR19RUBFIL-RUB,32,7,31,5038,30,6448,29,2015,28,1439,33,3575,34,12621,35,11073,36,1213,38,151,32.5
2026-04-18 01:38:19 PM,KXATPMATCH-26APR19RUBFIL-RUB,32,7,31,5038,30,6448,29,2015,28,1439,33,3575,34,12621,35,10797,36,1213,38,151,32.5
2026-04-18 01:38:19 PM,KXATPMATCH-26APR19RUBFIL-RUB,32,7,31,5771,30,6448,29,2015,28,1439,33,3575,34,12621,35,10797,36,1213,38,151,32.5
2026-04-18 01:38:19 PM,KXATPMATCH-26APR19RUBFIL-RUB,32,7,31,5771,30,6448,29,2015,28,1439,33,3575,34,12854,35,10797,36,1213,38,151,32.5
2026-04-18 01:38:19 PM,KXATPMATCH-26APR19RUBFIL-RUB,32,7,31,5771,30,6448,29,2015,28,1439,33,3625,34,12854,35,10797,36,1213,38,151,32.5
2026-04-18 01:39:06 PM,KXATPMATCH-26APR19RUBFIL-RUB,32,7,31,5760,30,6448,29,2015,28,1439,33,3625,34,12854,35,10797,36,1213,38,151,32.5
2026-04-18 01:39:06 PM,KXATPMATCH-26APR19RUBFIL-RUB,32,7,31,5760,30,6448,29,2015,28,1439,33,3625,34,12973,35,10797,36,1213,38,151,32.5
2026-04-18 01:39:20 PM,KXATPMATCH-26APR19RUBFIL-RUB,32,7,31,5760,30,6448,29,2015,28,1439,33,3590,34,12973,35,10797,36,1213,38,151,32.5
2026-04-18 01:39:51 PM,KXATPMATCH-26APR19RUBFIL-RUB,32,7,31,5760,30,7384,29,2015,28,1439,33,3590,34,12973,35,10797,36,1213,38,151,32.5
2026-04-18 01:39:51 PM,KXATPMATCH-26APR19RUBFIL-RUB,32,7,31,5760,30,7384,29,1079,28,1439,33,3590,34,12973,35,10797,36,1213,38,151,32.5
2026-04-18 01:40:01 PM,KXATPMATCH-26APR19RUBFIL-RUB,32,7,31,5760,30,6448,29,1079,28,1439,33,3590,34,12973,35,10797,36,1213,38,151,32.5
2026-04-18 01:40:03 PM,KXATPMATCH-26APR19RUBFIL-RUB,32,7,31,5760,30,6448,29,2015,28,1439,33,3590,34,12973,35,10797,36,1213,38,151,32.5
2026-04-18 01:40:22 PM,KXATPMATCH-26APR19RUBFIL-RUB,32,7,31,5760,30,7384,29,2015,28,1439,33,3590,34,12973,35,10797,36,1213,38,151,32.5
2026-04-18 01:40:33 PM,KXATPMATCH-26APR19RUBFIL-RUB,32,7,31,5760,30,7384,29,1079,28,1439,33,3590,34,12973,35,10797,36,1213,38,151,32.5
2026-04-18 01:41:07 PM,KXATPMATCH-26APR19RUBFIL-RUB,32,7,31,5476,30,7384,29,1079,28,1439,33,3590,34,12973,35,10797,36,1213,38,151,32.5
2026-04-18 01:41:07 PM,KXATPMATCH-26APR19RUBFIL-RUB,32,7,31,5476,30,7384,29,1079,28,1439,33,3874,34,12973,35,10797,36,1213,38,151,32.5
2026-04-18 01:41:25 PM,KXATPMATCH-26APR19RUBFIL-RUB,32,7,31,5476,30,6448,29,1079,28,1439,33,3874,34,12973,35,10797,36,1213,38,151,32.5
2026-04-18 01:41:25 PM,KXATPMATCH-26APR19RUBFIL-RUB,32,7,31,5476,30,6448,29,2015,28,1439,33,3874,34,12973,35,10797,36,1213,38,151,32.5
2026-04-18 01:41:25 PM,KXATPMATCH-26APR19RUBFIL-RUB,32,7,31,5476,30,6448,29,2015,28,1439,33,4810,34,12973,35,10797,36,1213,38,151,32.5
2026-04-18 01:41:25 PM,KXATPMATCH-26APR19RUBFIL-RUB,32,7,31,5476,30,6448,29,2015,28,1439,33,4810,34,12040,35,10797,36,1213,38,151,32.5
2026-04-18 01:41:26 PM,KXATPMATCH-26APR19RUBFIL-RUB,32,7,31,5476,30,6448,29,2015,28,1439,33,3874,34,12040,35,10797,36,1213,38,151,32.5
2026-04-18 01:41:28 PM,KXATPMATCH-26APR19RUBFIL-RUB,32,7,31,5476,30,6448,29,1079,28,1439,33,3874,34,12040,35,10797,36,1213,38,151,32.5
2026-04-18 01:41:34 PM,KXATPMATCH-26APR19RUBFIL-RUB,32,7,31,6412,30,6448,29,1079,28,1439,33,3874,34,12040,35,10797,36,1213,38,151,32.5
2026-04-18 01:41:34 PM,KXATPMATCH-26APR19RUBFIL-RUB,32,7,31,6412,30,6448,29,1079,28,1439,33,3874,34,12040,35,11733,36,1213,38,151,32.5
2026-04-18 01:41:34 PM,KXATPMATCH-26APR19RUBFIL-RUB,32,7,31,5476,30,6448,29,1079,28,1439,33,3874,34,12040,35,11733,36,1213,38,151,32.5
2026-04-18 01:41:43 PM,KXATPMATCH-26APR19RUBFIL-RUB,32,7,31,5476,30,6448,29,1079,28,1439,33,3874,34,12976,35,11733,36,1213,38,151,32.5
2026-04-18 01:41:44 PM,KXATPMATCH-26APR19RUBFIL-RUB,32,7,31,5476,30,6448,29,2015,28,1439,33,3874,34,12976,35,11733,36,1213,38,151,32.5
2026-04-18 01:41:44 PM,KXATPMATCH-26APR19RUBFIL-RUB,32,7,31,5476,30,6448,29,2015,28,1439,33,3874,34,12976,35,10797,36,1213,38,151,32.5
2026-04-18 01:41:55 PM,KXATPMATCH-26APR19RUBFIL-RUB,32,7,31,5476,30,6448,29,1079,28,1439,33,3874,34,12976,35,10797,36,1213,38,151,32.5
2026-04-18 01:41:55 PM,KXATPMATCH-26APR19RUBFIL-RUB,32,7,31,5476,30,6448,29,2015,28,1439,33,3874,34,12976,35,10797,36,1213,38,151,32.5
2026-04-18 01:42:01 PM,KXATPMATCH-26APR19RUBFIL-RUB,31,5476,30,6448,29,2015,28,1439,25,148,33,3874,34,12976,35,10797,36,1213,38,151,32.0
2026-04-18 01:42:10 PM,KXATPMATCH-26APR19RUBFIL-RUB,31,5476,30,6448,29,1079,28,1439,25,148,33,3874,34,12976,35,10797,36,1213,38,151,32.0
2026-04-18 01:42:19 PM,KXATPMATCH-26APR19RUBFIL-RUB,31,5476,30,6448,29,2015,28,1439,25,148,33,3874,34,12976,35,10797,36,1213,38,151,32.0
2026-04-18 01:44:11 PM,KXATPMATCH-26APR19RUBFIL-RUB,31,5476,30,6448,29,2015,28,1439,25,148,33,3974,34,12976,35,10797,36,1213,38,151,32.0
2026-04-18 01:44:21 PM,KXATPMATCH-26APR19RUBFIL-RUB,31,5476,30,7384,29,2015,28,1439,25,148,33,3974,34,12976,35,10797,36,1213,38,151,32.0
2026-04-18 01:44:26 PM,KXATPMATCH-26APR19RUBFIL-RUB,31,5476,30,7384,29,1079,28,1439,25,148,33,3974,34,12976,35,10797,36,1213,38,151,32.0
2026-04-18 01:45:01 PM,KXATPMATCH-26APR19RUBFIL-RUB,31,5476,30,7384,29,1403,28,1439,25,148,33,3974,34,12976,35,10797,36,1213,38,151,32.0
2026-04-18 01:45:01 PM,KXATPMATCH-26APR19RUBFIL-RUB,31,5476,30,7384,29,1403,28,1439,25,148,33,3974,34,12976,35,10797,36,1213,38,302,32.0
2026-04-18 01:45:01 PM,KXATPMATCH-26APR19RUBFIL-RUB,31,5476,30,7071,29,1403,28,1439,25,148,33,3974,34,12976,35,10797,36,1213,38,302,32.0
2026-04-18 01:45:05 PM,KXATPMATCH-26APR19RUBFIL-RUB,31,5482,30,7071,29,1403,28,1439,25,148,33,3974,34,12976,35,10797,36,1213,38,302,32.0
2026-04-18 01:45:14 PM,KXATPMATCH-26APR19RUBFIL-RUB,31,5482,30,7071,29,2339,28,1439,25,148,33,3974,34,12976,35,10797,36,1213,38,302,32.0
2026-04-18 01:45:14 PM,KXATPMATCH-26APR19RUBFIL-RUB,31,5482,30,6135,29,2339,28,1439,25,148,33,3974,34,12976,35,10797,36,1213,38,302,32.0
2026-04-18 01:45:25 PM,KXATPMATCH-26APR19RUBFIL-RUB,31,5482,30,6135,29,2339,28,1439,25,148,33,3899,34,12976,35,10797,36,1213,38,302,32.0
2026-04-18 01:45:25 PM,KXATPMATCH-26APR19RUBFIL-RUB,31,5482,30,6135,29,1403,28,1439,25,148,33,3899,34,12976,35,10797,36,1213,38,302,32.0
2026-04-18 01:45:25 PM,KXATPMATCH-26APR19RUBFIL-RUB,31,5482,30,6135,29,1403,28,1439,25,148,33,3885,34,12976,35,10797,36,1213,38,302,32.0
2026-04-18 01:45:26 PM,KXATPMATCH-26APR19RUBFIL-RUB,31,5482,30,6135,29,2339,28,1439,25,148,33,3885,34,12976,35,10797,36,1213,38,302,32.0
2026-04-18 01:45:26 PM,KXATPMATCH-26APR19RUBFIL-RUB,31,5482,30,6135,29,1403,28,1439,25,148,33,3885,34,12976,35,10797,36,1213,38,302,32.0
2026-04-18 01:46:21 PM,KXATPMATCH-26APR19RUBFIL-RUB,31,5482,30,6135,29,2339,28,1439,25,148,33,3885,34,12976,35,10797,36,1213,38,302,32.0
2026-04-18 01:46:21 PM,KXATPMATCH-26APR19RUBFIL-RUB,31,5482,30,6135,29,1403,28,1439,25,148,33,3885,34,12976,35,10797,36,1213,38,302,32.0
2026-04-18 01:46:37 PM,KXATPMATCH-26APR19RUBFIL-RUB,31,5482,30,6135,29,2339,28,1439,25,148,33,3885,34,12976,35,10797,36,1213,38,302,32.0
2026-04-18 01:46:49 PM,KXATPMATCH-26APR19RUBFIL-RUB,31,5482,30,7071,29,2339,28,1439,25,148,33,3885,34,12976,35,10797,36,1213,38,302,32.0
2026-04-18 01:46:50 PM,KXATPMATCH-26APR19RUBFIL-RUB,31,5482,30,7071,29,1403,28,1439,25,148,33,3885,34,12976,35,10797,36,1213,38,302,32.0
2026-04-18 01:51:09 PM,KXATPMATCH-26APR19RUBFIL-RUB,31,5482,30,7071,29,2339,28,1439,25,148,33,3885,34,12976,35,10797,36,1213,38,302,32.0
2026-04-18 01:51:09 PM,KXATPMATCH-26APR19RUBFIL-RUB,31,5482,30,6135,29,2339,28,1439,25,148,33,3885,34,12976,35,10797,36,1213,38,302,32.0
2026-04-18 01:51:09 PM,KXATPMATCH-26APR19RUBFIL-RUB,31,5482,30,6135,29,1403,28,1439,25,148,33,3885,34,12976,35,10797,36,1213,38,302,32.0
2026-04-18 01:51:17 PM,KXATPMATCH-26APR19RUBFIL-RUB,31,5482,30,7071,29,1403,28,1439,25,148,33,3885,34,12976,35,10797,36,1213,38,302,32.0
2026-04-18 02:05:23 PM,KXATPMATCH-26APR19RUBFIL-RUB,31,5482,30,7071,29,1403,28,1439,25,148,33,3600,34,12976,35,10797,36,1213,38,302,32.0
2026-04-18 02:06:39 PM,KXATPMATCH-26APR19RUBFIL-RUB,31,5482,30,7082,29,1403,28,1439,25,148,33,3600,34,12976,35,10797,36,1213,38,302,32.0
2026-04-18 02:06:39 PM,KXATPMATCH-26APR19RUBFIL-RUB,31,5482,30,7082,29,1411,28,1439,25,148,33,3600,34,12976,35,10797,36,1213,38,302,32.0
2026-04-18 02:08:27 PM,KXATPMATCH-26APR19RUBFIL-RUB,31,5482,30,7082,29,2347,28,1439,25,148,33,3600,34,12976,35,10797,36,1213,38,302,32.0
2026-04-18 02:08:27 PM,KXATPMATCH-26APR19RUBFIL-RUB,31,5482,30,6146,29,2347,28,1439,25,148,33,3600,34,12976,35,10797,36,1213,38,302,32.0
2026-04-18 02:08:27 PM,KXATPMATCH-26APR19RUBFIL-RUB,31,5482,30,6146,29,2347,28,1439,25,148,33,4536,34,12976,35,10797,36,1213,38,302,32.0
2026-04-18 02:08:27 PM,KXATPMATCH-26APR19RUBFIL-RUB,31,5482,30,6146,29,2347,28,1439,25,148,33,4547,34,12976,35,10797,36,1213,38,302,32.0
2026-04-18 02:08:27 PM,KXATPMATCH-26APR19RUBFIL-RUB,31,5482,30,6146,29,2347,28,1439,25,148,33,4547,34,12040,35,10797,36,1213,38,302,32.0
2026-04-18 02:08:30 PM,KXATPMATCH-26APR19RUBFIL-RUB,31,5482,30,6146,29,1411,28,1439,25,148,33,4547,34,12040,35,10797,36,1213,38,302,32.0
2026-04-18 02:08:30 PM,KXATPMATCH-26APR19RUBFIL-RUB,31,5482,30,6146,29,1411,28,1439,25,148,33,3611,34,12040,35,10797,36,1213,38,302,32.0
2026-04-18 02:08:30 PM,KXATPMATCH-26APR19RUBFIL-RUB,31,5482,30,6146,29,1411,28,1439,25,148,33,3611,34,12048,35,10797,36,1213,38,302,32.0
2026-04-18 02:08:36 PM,KXATPMATCH-26APR19RUBFIL-RUB,31,5482,30,7082,29,1411,28,1439,25,148,33,3611,34,12048,35,10797,36,1213,38,302,32.0
2026-04-18 02:08:36 PM,KXATPMATCH-26APR19RUBFIL-RUB,31,5482,30,7082,29,1411,28,1439,25,148,33,3611,34,12984,35,10797,36,1213,38,302,32.0
2026-04-18 02:08:44 PM,KXATPMATCH-26APR19RUBFIL-RUB,31,5482,30,7082,29,2347,28,1439,25,148,33,3611,34,12984,35,10797,36,1213,38,302,32.0
2026-04-18 02:08:44 PM,KXATPMATCH-26APR19RUBFIL-RUB,31,5482,30,6146,29,2347,28,1439,25,148,33,3611,34,12984,35,10797,36,1213,38,302,32.0
2026-04-18 02:08:44 PM,KXATPMATCH-26APR19RUBFIL-RUB,31,5482,30,6146,29,2347,28,1439,25,148,33,3238,34,12984,35,10797,36,1213,38,302,32.0
2026-04-18 02:08:44 PM,KXATPMATCH-26APR19RUBFIL-RUB,31,5482,30,6146,29,2347,28,1439,25,148,33,4174,34,12984,35,10797,36,1213,38,302,32.0
2026-04-18 02:08:44 PM,KXATPMATCH-26APR19RUBFIL-RUB,31,5482,30,6146,29,2347,28,1439,25,148,33,3238,34,12984,35,10797,36,1213,38,302,32.0
2026-04-18 02:08:45 PM,KXATPMATCH-26APR19RUBFIL-RUB,31,5482,30,6146,29,1411,28,1439,25,148,33,3238,34,12984,35,10797,36,1213,38,302,32.0
