ts_et,ticker,bid_1,bid_1_sz,bid_2,bid_2_sz,bid_3,bid_3_sz,bid_4,bid_4_sz,bid_5,bid_5_sz,ask_1,ask_1_sz,ask_2,ask_2_sz,ask_3,ask_3_sz,ask_4,ask_4_sz,ask_5,ask_5_sz,mid
2026-04-18 03:22:56 AM,KXATPCHALLENGERMATCH-26APR18TABMMO-MMO,30,800,28,800,27,800,4,500,1,1829,53,800,55,800,56,800,96,500,97,10,41.5
2026-04-18 03:22:57 AM,KXATPCHALLENGERMATCH-26APR18TABMMO-MMO,41,10,30,800,28,800,27,800,4,500,53,800,55,800,56,800,96,500,97,10,47.0
2026-04-18 03:24:02 AM,KXATPCHALLENGERMATCH-26APR18TABMMO-MMO,41,10,30,800,28,800,27,800,4,500,53,800,55,800,56,800,94,350,96,500,47.0
2026-04-18 03:24:03 AM,KXATPCHALLENGERMATCH-26APR18TABMMO-MMO,41,10,30,800,28,800,27,800,4,500,53,791,55,800,56,800,94,350,96,500,47.0
2026-04-18 03:24:05 AM,KXATPCHALLENGERMATCH-26APR18TABMMO-MMO,41,10,30,800,28,800,27,800,4,500,53,782,55,800,56,800,94,350,96,500,47.0
2026-04-18 03:24:05 AM,KXATPCHALLENGERMATCH-26APR18TABMMO-MMO,41,10,30,800,28,800,27,800,4,500,53,800,55,800,56,800,94,350,96,500,47.0
2026-04-18 03:24:23 AM,KXATPCHALLENGERMATCH-26APR18TABMMO-MMO,41,10,31,176,30,800,28,800,27,800,53,800,55,800,56,800,94,350,96,500,47.0
2026-04-18 03:24:23 AM,KXATPCHALLENGERMATCH-26APR18TABMMO-MMO,41,10,31,176,30,800,28,800,27,800,53,800,55,800,56,800,93,200,94,350,47.0
2026-04-18 03:24:36 AM,KXATPCHALLENGERMATCH-26APR18TABMMO-MMO,41,10,32,60,31,176,30,800,28,800,53,800,55,800,56,800,93,200,94,350,47.0
2026-04-18 03:24:36 AM,KXATPCHALLENGERMATCH-26APR18TABMMO-MMO,41,10,32,60,31,176,30,800,28,800,53,800,55,800,56,800,92,100,93,200,47.0
2026-04-18 03:24:37 AM,KXATPCHALLENGERMATCH-26APR18TABMMO-MMO,41,10,32,60,31,176,30,800,29,100,53,800,55,800,56,800,92,100,93,200,47.0
2026-04-18 03:24:37 AM,KXATPCHALLENGERMATCH-26APR18TABMMO-MMO,41,10,32,60,31,176,30,800,29,100,53,800,55,800,56,800,63,60,92,100,47.0
2026-04-18 03:25:04 AM,KXATPCHALLENGERMATCH-26APR18TABMMO-MMO,41,10,39,421,32,60,31,176,30,800,53,800,55,800,56,800,63,60,92,100,47.0
2026-04-18 03:25:04 AM,KXATPCHALLENGERMATCH-26APR18TABMMO-MMO,41,10,39,421,32,60,31,176,30,800,47,309,53,800,55,800,56,800,63,60,44.0
2026-04-18 03:25:04 AM,KXATPCHALLENGERMATCH-26APR18TABMMO-MMO,41,10,39,421,38,432,32,60,31,176,47,309,53,800,55,800,56,800,63,60,44.0
2026-04-18 03:25:04 AM,KXATPCHALLENGERMATCH-26APR18TABMMO-MMO,41,10,39,421,38,432,32,60,31,176,47,309,48,315,53,800,55,800,56,800,44.0
2026-04-18 03:25:04 AM,KXATPCHALLENGERMATCH-26APR18TABMMO-MMO,41,10,39,421,38,432,32,60,31,176,47,309,48,315,52,25,53,800,55,800,44.0
2026-04-18 03:25:04 AM,KXATPCHALLENGERMATCH-26APR18TABMMO-MMO,41,10,39,421,38,432,32,60,31,176,47,309,48,315,53,800,55,800,56,800,44.0
2026-04-18 03:25:04 AM,KXATPCHALLENGERMATCH-26APR18TABMMO-MMO,41,10,39,421,38,432,32,60,31,176,47,309,48,315,52,188,53,800,55,800,44.0
2026-04-18 03:25:04 AM,KXATPCHALLENGERMATCH-26APR18TABMMO-MMO,41,10,39,421,38,432,32,60,30,800,47,309,48,315,52,188,53,800,55,800,44.0
2026-04-18 03:25:05 AM,KXATPCHALLENGERMATCH-26APR18TABMMO-MMO,41,10,39,421,38,432,32,60,30,800,47,309,48,315,52,188,53,800,54,60,44.0
2026-04-18 03:25:44 AM,KXATPCHALLENGERMATCH-26APR18TABMMO-MMO,41,10,39,421,38,432,32,60,29,100,47,309,48,315,52,188,53,800,54,60,44.0
2026-04-18 03:25:44 AM,KXATPCHALLENGERMATCH-26APR18TABMMO-MMO,41,10,39,421,38,432,32,60,29,100,47,309,48,315,52,188,53,782,54,60,44.0
2026-04-18 03:25:44 AM,KXATPCHALLENGERMATCH-26APR18TABMMO-MMO,41,10,39,421,38,432,32,60,29,100,47,309,48,315,52,188,54,60,55,800,44.0
2026-04-18 03:25:44 AM,KXATPCHALLENGERMATCH-26APR18TABMMO-MMO,41,10,39,421,38,432,32,60,29,100,47,309,48,315,52,188,54,60,92,100,44.0
2026-04-18 03:25:44 AM,KXATPCHALLENGERMATCH-26APR18TABMMO-MMO,41,10,39,421,38,1232,32,60,29,100,47,309,48,315,52,188,54,60,92,100,44.0
2026-04-18 03:25:44 AM,KXATPCHALLENGERMATCH-26APR18TABMMO-MMO,41,10,40,800,39,421,38,1232,32,60,47,309,48,315,52,188,54,60,92,100,44.0
2026-04-18 03:25:44 AM,KXATPCHALLENGERMATCH-26APR18TABMMO-MMO,41,10,40,800,39,421,38,1232,37,800,47,309,48,315,52,188,54,60,92,100,44.0
2026-04-18 03:25:44 AM,KXATPCHALLENGERMATCH-26APR18TABMMO-MMO,41,10,40,800,39,421,38,1232,37,800,47,1109,48,315,52,188,54,60,92,100,44.0
2026-04-18 03:25:44 AM,KXATPCHALLENGERMATCH-26APR18TABMMO-MMO,41,10,40,800,39,421,38,1232,37,800,47,1109,48,1115,52,188,54,60,92,100,44.0
2026-04-18 03:25:44 AM,KXATPCHALLENGERMATCH-26APR18TABMMO-MMO,41,10,40,800,39,421,38,1232,37,800,46,800,47,1109,48,1115,52,188,54,60,43.5
2026-04-18 03:25:44 AM,KXATPCHALLENGERMATCH-26APR18TABMMO-MMO,41,10,40,800,39,421,38,1232,37,800,46,800,47,1109,48,1115,54,60,92,100,43.5
2026-04-18 03:25:44 AM,KXATPCHALLENGERMATCH-26APR18TABMMO-MMO,41,10,40,800,39,421,38,1232,37,800,46,800,47,1109,48,1115,54,60,91,200,43.5
2026-04-18 03:25:44 AM,KXATPCHALLENGERMATCH-26APR18TABMMO-MMO,41,10,40,800,39,421,38,1232,37,800,46,800,47,1109,48,1115,91,200,92,100,43.5
2026-04-18 03:25:44 AM,KXATPCHALLENGERMATCH-26APR18TABMMO-MMO,41,10,40,800,39,421,38,1232,37,800,46,800,47,1109,48,1115,92,100,94,365,43.5
2026-04-18 03:26:11 AM,KXATPCHALLENGERMATCH-26APR18TABMMO-MMO,41,10,40,800,39,421,38,1232,37,800,46,800,47,1109,48,1115,74,1,92,100,43.5
2026-04-18 03:26:11 AM,KXATPCHALLENGERMATCH-26APR18TABMMO-MMO,41,10,40,800,39,421,38,1232,37,800,46,800,47,1109,48,1115,74,1,89,1,43.5
2026-04-18 03:26:11 AM,KXATPCHALLENGERMATCH-26APR18TABMMO-MMO,41,10,40,800,39,421,38,1232,37,800,46,800,47,1109,48,1115,74,1,84,1,43.5
2026-04-18 03:31:16 AM,KXATPCHALLENGERMATCH-26APR18TABMMO-MMO,41,10,40,800,39,421,38,1232,37,800,45,500,46,800,47,1109,48,1115,74,1,43.0
2026-04-18 03:31:16 AM,KXATPCHALLENGERMATCH-26APR18TABMMO-MMO,41,10,40,800,39,421,38,1232,37,800,45,500,46,1800,47,1109,48,1115,74,1,43.0
2026-04-18 03:31:16 AM,KXATPCHALLENGERMATCH-26APR18TABMMO-MMO,41,260,40,800,39,421,38,1232,37,800,45,500,46,1800,47,1109,48,1115,74,1,43.0
2026-04-18 03:31:16 AM,KXATPCHALLENGERMATCH-26APR18TABMMO-MMO,41,260,40,1050,39,421,38,1232,37,800,45,500,46,1800,47,1109,48,1115,74,1,43.0
2026-04-18 03:31:17 AM,KXATPCHALLENGERMATCH-26APR18TABMMO-MMO,41,260,40,1050,39,421,38,1232,37,800,45,500,46,800,47,1109,48,1115,74,1,43.0
2026-04-18 03:31:17 AM,KXATPCHALLENGERMATCH-26APR18TABMMO-MMO,41,260,40,1050,39,421,38,1232,37,800,44,500,45,500,46,800,47,1109,48,1115,42.5
2026-04-18 03:31:17 AM,KXATPCHALLENGERMATCH-26APR18TABMMO-MMO,41,260,40,1050,39,421,38,1232,37,800,44,500,45,1000,46,800,47,1109,48,1115,42.5
2026-04-18 03:31:17 AM,KXATPCHALLENGERMATCH-26APR18TABMMO-MMO,41,260,40,1050,39,421,38,1232,37,800,44,500,45,500,46,800,47,1109,48,1115,42.5
2026-04-18 03:31:17 AM,KXATPCHALLENGERMATCH-26APR18TABMMO-MMO,41,260,40,1050,39,421,38,1232,37,800,44,500,46,800,47,1109,48,1115,74,1,42.5
2026-04-18 03:31:17 AM,KXATPCHALLENGERMATCH-26APR18TABMMO-MMO,41,260,40,1050,39,421,38,1232,37,800,43,500,44,500,46,800,47,1109,48,1115,42.0
2026-04-18 03:31:17 AM,KXATPCHALLENGERMATCH-26APR18TABMMO-MMO,41,260,40,1050,39,421,38,1232,37,800,43,500,44,1000,46,800,47,1109,48,1115,42.0
2026-04-18 03:31:18 AM,KXATPCHALLENGERMATCH-26APR18TABMMO-MMO,41,260,40,1050,39,421,38,1232,37,800,43,500,44,500,46,800,47,1109,48,1115,42.0
2026-04-18 03:31:18 AM,KXATPCHALLENGERMATCH-26APR18TABMMO-MMO,41,260,40,1050,39,421,38,1232,37,800,43,500,46,800,47,1109,48,1115,74,1,42.0
2026-04-18 03:31:18 AM,KXATPCHALLENGERMATCH-26APR18TABMMO-MMO,41,260,40,1050,39,421,38,1232,37,800,42,500,43,500,46,800,47,1109,48,1115,41.5
2026-04-18 03:31:18 AM,KXATPCHALLENGERMATCH-26APR18TABMMO-MMO,41,260,40,1050,39,421,38,1232,37,800,42,500,43,1000,46,800,47,1109,48,1115,41.5
2026-04-18 03:31:21 AM,KXATPCHALLENGERMATCH-26APR18TABMMO-MMO,41,260,40,1298,39,421,38,1232,37,800,42,500,43,1000,46,800,47,1109,48,1115,41.5
2026-04-18 03:31:21 AM,KXATPCHALLENGERMATCH-26APR18TABMMO-MMO,41,260,40,1298,39,536,38,1232,37,800,42,500,43,1000,46,800,47,1109,48,1115,41.5
2026-04-18 03:31:21 AM,KXATPCHALLENGERMATCH-26APR18TABMMO-MMO,41,260,40,1298,39,536,38,1332,37,800,42,500,43,1000,46,800,47,1109,48,1115,41.5
2026-04-18 03:31:21 AM,KXATPCHALLENGERMATCH-26APR18TABMMO-MMO,41,260,40,1298,39,536,38,1332,37,800,42,500,43,1000,45,720,46,800,47,1109,41.5
2026-04-18 03:31:21 AM,KXATPCHALLENGERMATCH-26APR18TABMMO-MMO,41,260,40,1298,39,536,38,1332,37,800,42,500,43,1000,45,720,46,1470,47,1109,41.5
2026-04-18 03:31:22 AM,KXATPCHALLENGERMATCH-26APR18TABMMO-MMO,41,260,40,1298,39,536,38,1332,37,800,42,500,43,1000,45,720,46,1470,47,1480,41.5
2026-04-18 03:33:56 AM,KXATPCHALLENGERMATCH-26APR18TABMMO-MMO,41,260,40,1298,39,536,38,1332,37,800,42,500,43,1000,45,720,46,1470,47,680,41.5
2026-04-18 03:33:56 AM,KXATPCHALLENGERMATCH-26APR18TABMMO-MMO,41,260,40,1298,39,536,38,1332,37,800,42,500,43,1800,45,720,46,1470,47,680,41.5
2026-04-18 03:33:56 AM,KXATPCHALLENGERMATCH-26APR18TABMMO-MMO,41,260,40,1298,39,536,38,1332,37,800,42,500,43,1800,45,1520,46,1470,47,680,41.5
2026-04-18 03:38:42 AM,KXATPCHALLENGERMATCH-26APR18TABMMO-MMO,41,260,40,1298,39,536,38,1332,37,800,42,498,43,1800,45,1520,46,1470,47,680,41.5
2026-04-18 03:38:42 AM,KXATPCHALLENGERMATCH-26APR18TABMMO-MMO,41,261,40,1298,39,536,38,1332,37,800,42,498,43,1800,45,1520,46,1470,47,680,41.5
2026-04-18 03:38:42 AM,KXATPCHALLENGERMATCH-26APR18TABMMO-MMO,41,261,40,1299,39,536,38,1332,37,800,42,498,43,1800,45,1520,46,1470,47,680,41.5
2026-04-18 03:53:01 AM,KXATPCHALLENGERMATCH-26APR18TABMMO-MMO,41,251,40,1299,39,536,38,1332,37,800,42,498,43,1800,45,1520,46,1470,47,680,41.5
2026-04-18 03:56:55 AM,KXATPCHALLENGERMATCH-26APR18TABMMO-MMO,41,251,40,1299,39,536,38,1332,37,800,43,1800,45,1520,46,1470,47,680,48,315,42.0
2026-04-18 03:56:56 AM,KXATPCHALLENGERMATCH-26APR18TABMMO-MMO,41,251,40,1299,39,536,38,1332,37,800,43,1300,45,1520,46,1470,47,680,48,315,42.0
2026-04-18 03:56:56 AM,KXATPCHALLENGERMATCH-26APR18TABMMO-MMO,41,251,40,1299,39,536,38,1332,37,800,43,1298,45,1520,46,1470,47,680,48,315,42.0
2026-04-18 03:56:56 AM,KXATPCHALLENGERMATCH-26APR18TABMMO-MMO,41,251,40,1299,39,536,38,1332,37,800,43,1298,44,1000,45,1520,46,1470,47,680,42.0
2026-04-18 03:58:56 AM,KXATPCHALLENGERMATCH-26APR18TABMMO-MMO,41,251,40,1299,39,536,38,1332,37,800,43,1143,44,1000,45,1520,46,1470,47,680,42.0
2026-04-18 03:58:57 AM,KXATPCHALLENGERMATCH-26APR18TABMMO-MMO,41,251,40,1049,39,536,38,1332,37,800,43,1143,44,1000,45,1520,46,1470,47,680,42.0
2026-04-18 03:58:57 AM,KXATPCHALLENGERMATCH-26APR18TABMMO-MMO,41,251,40,1048,39,536,38,1332,37,800,43,1143,44,1000,45,1520,46,1470,47,680,42.0
2026-04-18 03:58:57 AM,KXATPCHALLENGERMATCH-26APR18TABMMO-MMO,42,328,41,251,40,1048,39,536,38,1332,43,1143,44,1000,45,1520,46,1470,47,680,42.5
2026-04-18 03:58:57 AM,KXATPCHALLENGERMATCH-26APR18TABMMO-MMO,42,328,41,328,40,1048,39,536,38,1332,43,1143,44,1000,45,1520,46,1470,47,680,42.5
2026-04-18 03:59:31 AM,KXATPCHALLENGERMATCH-26APR18TABMMO-MMO,42,328,41,328,40,1048,39,536,38,1732,43,1143,44,1000,45,1520,46,1470,47,680,42.5
2026-04-18 04:00:05 AM,KXATPCHALLENGERMATCH-26APR18TABMMO-MMO,42,328,41,428,40,1048,39,536,38,1732,43,1143,44,1000,45,1520,46,1470,47,680,42.5
2026-04-18 04:00:05 AM,KXATPCHALLENGERMATCH-26APR18TABMMO-MMO,42,328,41,428,40,1048,39,536,38,1732,43,1143,44,1500,45,1520,46,1470,47,680,42.5
2026-04-18 04:00:18 AM,KXATPCHALLENGERMATCH-26APR18TABMMO-MMO,42,332,41,428,40,1048,39,536,38,1732,43,1143,44,1500,45,1520,46,1470,47,680,42.5
2026-04-18 04:00:18 AM,KXATPCHALLENGERMATCH-26APR18TABMMO-MMO,42,332,41,432,40,1048,39,536,38,1732,43,1143,44,1500,45,1520,46,1470,47,680,42.5
2026-04-18 04:00:18 AM,KXATPCHALLENGERMATCH-26APR18TABMMO-MMO,42,332,41,432,40,1052,39,536,38,1732,43,1143,44,1500,45,1520,46,1470,47,680,42.5
2026-04-18 04:00:18 AM,KXATPCHALLENGERMATCH-26APR18TABMMO-MMO,42,332,41,432,40,1052,39,540,38,1732,43,1143,44,1500,45,1520,46,1470,47,680,42.5
2026-04-18 04:00:18 AM,KXATPCHALLENGERMATCH-26APR18TABMMO-MMO,42,332,41,432,40,1052,39,540,38,1736,43,1143,44,1500,45,1520,46,1470,47,680,42.5
2026-04-18 04:00:19 AM,KXATPCHALLENGERMATCH-26APR18TABMMO-MMO,42,332,41,332,40,1052,39,540,38,1736,43,1143,44,1500,45,1520,46,1470,47,680,42.5
2026-04-18 04:00:19 AM,KXATPCHALLENGERMATCH-26APR18TABMMO-MMO,42,332,41,332,40,1052,39,540,38,1736,43,1143,44,1000,45,1520,46,1470,47,680,42.5
2026-04-18 04:02:08 AM,KXATPCHALLENGERMATCH-26APR18TABMMO-MMO,42,332,41,342,40,1052,39,540,38,1736,43,1143,44,1000,45,1520,46,1470,47,680,42.5
2026-04-18 04:06:04 AM,KXATPCHALLENGERMATCH-26APR18TABMMO-MMO,42,332,41,342,40,1052,39,540,38,1736,43,1143,44,1000,45,1520,46,1321,47,680,42.5
2026-04-18 04:06:04 AM,KXATPCHALLENGERMATCH-26APR18TABMMO-MMO,42,332,41,342,40,1052,39,579,38,1736,43,1143,44,1000,45,1520,46,1321,47,680,42.5
2026-04-18 04:06:04 AM,KXATPCHALLENGERMATCH-26APR18TABMMO-MMO,42,354,41,342,40,1052,39,579,38,1736,43,1143,44,1000,45,1520,46,1321,47,680,42.5
2026-04-18 04:06:04 AM,KXATPCHALLENGERMATCH-26APR18TABMMO-MMO,42,354,41,352,40,1052,39,579,38,1736,43,1143,44,1000,45,1520,46,1321,47,680,42.5
2026-04-18 04:06:10 AM,KXATPCHALLENGERMATCH-26APR18TABMMO-MMO,42,354,41,352,40,1052,39,579,38,1736,43,1143,44,1000,45,1520,46,1321,47,693,42.5
2026-04-18 04:06:11 AM,KXATPCHALLENGERMATCH-26APR18TABMMO-MMO,42,354,41,352,40,1052,39,579,38,1736,43,1143,44,1000,45,1520,46,1334,47,693,42.5
2026-04-18 04:09:52 AM,KXATPCHALLENGERMATCH-26APR18TABMMO-MMO,42,354,41,342,40,1052,39,579,38,1736,43,1143,44,1000,45,1520,46,1334,47,693,42.5
2026-04-18 04:16:37 AM,KXATPCHALLENGERMATCH-26APR18TABMMO-MMO,42,354,41,342,40,1052,39,579,38,1736,43,1144,44,1000,45,1520,46,1334,47,693,42.5
2026-04-18 04:27:38 AM,KXATPCHALLENGERMATCH-26APR18TABMMO-MMO,42,354,41,342,40,1052,39,579,38,1736,43,1159,44,1000,45,1520,46,1334,47,693,42.5
2026-04-18 04:27:38 AM,KXATPCHALLENGERMATCH-26APR18TABMMO-MMO,42,347,41,342,40,1052,39,579,38,1736,43,1159,44,1000,45,1520,46,1334,47,693,42.5
2026-04-18 04:27:38 AM,KXATPCHALLENGERMATCH-26APR18TABMMO-MMO,42,347,41,335,40,1052,39,579,38,1736,43,1159,44,1000,45,1520,46,1334,47,693,42.5
2026-04-18 04:31:05 AM,KXATPCHALLENGERMATCH-26APR18TABMMO-MMO,42,347,41,335,40,1052,39,579,38,1736,43,1200,44,1000,45,1520,46,1334,47,693,42.5
2026-04-18 04:31:05 AM,KXATPCHALLENGERMATCH-26APR18TABMMO-MMO,42,327,41,335,40,1052,39,579,38,1736,43,1200,44,1000,45,1520,46,1334,47,693,42.5
2026-04-18 04:31:05 AM,KXATPCHALLENGERMATCH-26APR18TABMMO-MMO,42,327,41,315,40,1052,39,579,38,1736,43,1200,44,1000,45,1520,46,1334,47,693,42.5
2026-04-18 04:32:45 AM,KXATPCHALLENGERMATCH-26APR18TABMMO-MMO,42,327,41,315,40,1052,39,579,38,1736,43,1200,44,1000,45,1926,46,1334,47,693,42.5
2026-04-18 04:32:45 AM,KXATPCHALLENGERMATCH-26APR18TABMMO-MMO,42,327,41,315,40,1052,39,579,38,1736,43,1200,44,1000,45,1926,46,1673,47,693,42.5
2026-04-18 04:32:45 AM,KXATPCHALLENGERMATCH-26APR18TABMMO-MMO,42,327,41,315,40,1457,39,579,38,1736,43,1200,44,1000,45,1926,46,1673,47,693,42.5
2026-04-18 04:32:45 AM,KXATPCHALLENGERMATCH-26APR18TABMMO-MMO,42,327,41,591,40,1457,39,579,38,1736,43,1200,44,1000,45,1926,46,1673,47,693,42.5
2026-04-18 04:32:45 AM,KXATPCHALLENGERMATCH-26APR18TABMMO-MMO,42,327,41,591,40,1457,39,579,38,1736,43,1200,44,1000,45,2197,46,1673,47,693,42.5
2026-04-18 04:32:45 AM,KXATPCHALLENGERMATCH-26APR18TABMMO-MMO,42,327,41,591,40,1727,39,579,38,1736,43,1200,44,1000,45,2197,46,1673,47,693,42.5
2026-04-18 04:32:45 AM,KXATPCHALLENGERMATCH-26APR18TABMMO-MMO,42,327,41,591,40,1727,39,579,38,1736,43,1200,44,1000,45,2197,46,1894,47,693,42.5
2026-04-18 04:32:45 AM,KXATPCHALLENGERMATCH-26APR18TABMMO-MMO,42,327,41,996,40,1727,39,579,38,1736,43,1200,44,1000,45,2197,46,1894,47,693,42.5
2026-04-18 04:34:04 AM,KXATPCHALLENGERMATCH-26APR18TABMMO-MMO,42,327,41,996,40,927,39,579,38,1736,43,1200,44,1000,45,2197,46,1894,47,693,42.5
2026-04-18 04:34:04 AM,KXATPCHALLENGERMATCH-26APR18TABMMO-MMO,42,327,41,996,40,927,39,579,38,1736,43,400,44,1000,45,2197,46,1894,47,693,42.5
2026-04-18 04:34:04 AM,KXATPCHALLENGERMATCH-26APR18TABMMO-MMO,42,327,41,996,40,927,39,579,38,1736,43,400,44,1000,45,1397,46,1894,47,693,42.5
2026-04-18 04:34:04 AM,KXATPCHALLENGERMATCH-26APR18TABMMO-MMO,42,327,41,996,40,927,39,1379,38,1736,43,400,44,1000,45,1397,46,1894,47,693,42.5
2026-04-18 04:34:04 AM,KXATPCHALLENGERMATCH-26APR18TABMMO-MMO,42,327,41,1796,40,927,39,1379,38,1736,43,400,44,1000,45,1397,46,1894,47,693,42.5
2026-04-18 04:34:04 AM,KXATPCHALLENGERMATCH-26APR18TABMMO-MMO,42,327,41,1796,40,927,39,1379,38,1736,43,400,44,1000,45,1397,46,1894,47,1493,42.5
2026-04-18 04:34:04 AM,KXATPCHALLENGERMATCH-26APR18TABMMO-MMO,42,327,41,1796,40,927,39,1379,38,1736,43,400,44,1800,45,1397,46,1894,47,1493,42.5
2026-04-18 04:34:04 AM,KXATPCHALLENGERMATCH-26APR18TABMMO-MMO,42,327,41,1796,40,927,39,1379,38,1736,43,57,44,1800,45,1397,46,1894,47,1493,42.5
2026-04-18 04:34:04 AM,KXATPCHALLENGERMATCH-26APR18TABMMO-MMO,42,327,41,1796,40,927,39,1379,38,1736,43,56,44,1800,45,1397,46,1894,47,1493,42.5
2026-04-18 04:34:04 AM,KXATPCHALLENGERMATCH-26APR18TABMMO-MMO,42,327,41,1796,40,927,39,1379,38,1736,43,41,44,1800,45,1397,46,1894,47,1493,42.5
2026-04-18 04:34:04 AM,KXATPCHALLENGERMATCH-26APR18TABMMO-MMO,42,327,41,1796,40,927,39,1379,38,1736,44,1800,45,1397,46,1894,47,1493,48,315,43.0
2026-04-18 04:34:04 AM,KXATPCHALLENGERMATCH-26APR18TABMMO-MMO,42,327,41,1796,40,927,39,1379,38,1736,44,1201,45,1397,46,1894,47,1493,48,315,43.0
2026-04-18 04:34:05 AM,KXATPCHALLENGERMATCH-26APR18TABMMO-MMO,42,327,41,1796,40,927,39,1379,38,1736,44,1201,45,2397,46,1894,47,1493,48,315,43.0
2026-04-18 04:39:08 AM,KXATPCHALLENGERMATCH-26APR18TABMMO-MMO,42,327,41,1796,40,927,39,1379,38,1736,44,1202,45,2397,46,1894,47,1493,48,315,43.0
2026-04-18 05:35:00 AM,KXATPCHALLENGERMATCH-26APR18TABMMO-MMO,42,327,41,1796,40,927,39,1379,38,1736,44,1202,45,1397,46,1894,47,1493,48,315,43.0
2026-04-18 05:35:01 AM,KXATPCHALLENGERMATCH-26APR18TABMMO-MMO,42,327,41,1796,40,927,39,1379,38,1736,43,548,44,1202,45,1397,46,1894,47,1493,42.5
2026-04-18 05:35:01 AM,KXATPCHALLENGERMATCH-26APR18TABMMO-MMO,42,327,41,1796,40,927,39,1379,38,1736,43,548,44,1800,45,1397,46,1894,47,1493,42.5
2026-04-18 05:35:01 AM,KXATPCHALLENGERMATCH-26APR18TABMMO-MMO,42,28,41,1796,40,927,39,1379,38,1736,43,548,44,1800,45,1397,46,1894,47,1493,42.5
2026-04-18 05:35:01 AM,KXATPCHALLENGERMATCH-26APR18TABMMO-MMO,42,28,41,1748,40,927,39,1379,38,1736,43,548,44,1800,45,1397,46,1894,47,1493,42.5
2026-04-18 05:35:01 AM,KXATPCHALLENGERMATCH-26APR18TABMMO-MMO,42,28,41,1747,40,927,39,1379,38,1736,43,548,44,1800,45,1397,46,1894,47,1493,42.5
2026-04-18 05:35:01 AM,KXATPCHALLENGERMATCH-26APR18TABMMO-MMO,42,28,41,1723,40,927,39,1379,38,1736,43,548,44,1800,45,1397,46,1894,47,1493,42.5
2026-04-18 05:35:01 AM,KXATPCHALLENGERMATCH-26APR18TABMMO-MMO,42,28,41,1723,40,1152,39,1379,38,1736,43,548,44,1800,45,1397,46,1894,47,1493,42.5
2026-04-18 05:36:22 AM,KXATPCHALLENGERMATCH-26APR18TABMMO-MMO,42,28,41,1723,40,1152,39,1379,38,1736,43,448,44,1800,45,1397,46,1894,47,1493,42.5
2026-04-18 05:36:23 AM,KXATPCHALLENGERMATCH-26APR18TABMMO-MMO,42,28,41,1723,40,927,39,1379,38,1736,43,448,44,1800,45,1397,46,1894,47,1493,42.5
2026-04-18 05:36:23 AM,KXATPCHALLENGERMATCH-26APR18TABMMO-MMO,42,303,41,1723,40,927,39,1379,38,1736,43,448,44,1800,45,1397,46,1894,47,1493,42.5
2026-04-18 05:36:23 AM,KXATPCHALLENGERMATCH-26APR18TABMMO-MMO,42,303,41,1773,40,927,39,1379,38,1736,43,448,44,1800,45,1397,46,1894,47,1493,42.5
2026-04-18 05:37:16 AM,KXATPCHALLENGERMATCH-26APR18TABMMO-MMO,42,303,41,1773,40,927,39,1379,38,1736,43,500,44,1800,45,1397,46,1894,47,1493,42.5
2026-04-18 05:38:59 AM,KXATPCHALLENGERMATCH-26APR18TABMMO-MMO,42,303,41,1773,40,927,39,1379,38,1736,43,448,44,1800,45,1397,46,1894,47,1493,42.5
2026-04-18 05:39:10 AM,KXATPCHALLENGERMATCH-26APR18TABMMO-MMO,42,303,41,1773,40,927,39,1379,38,1736,43,448,44,1835,45,1397,46,1894,47,1493,42.5
2026-04-18 05:39:10 AM,KXATPCHALLENGERMATCH-26APR18TABMMO-MMO,42,338,41,1773,40,927,39,1379,38,1736,43,448,44,1835,45,1397,46,1894,47,1493,42.5
2026-04-18 05:43:21 AM,KXATPCHALLENGERMATCH-26APR18TABMMO-MMO,42,338,41,1773,40,927,39,1379,38,1736,43,463,44,1835,45,1397,46,1894,47,1493,42.5
2026-04-18 05:44:00 AM,KXATPCHALLENGERMATCH-26APR18TABMMO-MMO,42,338,41,1773,40,927,39,1379,38,1736,43,469,44,1835,45,1397,46,1894,47,1493,42.5
2026-04-18 05:47:06 AM,KXATPCHALLENGERMATCH-26APR18TABMMO-MMO,42,338,41,1773,40,927,39,1379,38,1736,43,474,44,1835,45,1397,46,1894,47,1493,42.5
2026-04-18 05:47:34 AM,KXATPCHALLENGERMATCH-26APR18TABMMO-MMO,42,338,41,1773,40,927,39,1379,38,1736,43,459,44,1835,45,1397,46,1894,47,1493,42.5
2026-04-18 05:50:41 AM,KXATPCHALLENGERMATCH-26APR18TABMMO-MMO,42,338,41,1773,40,927,39,1379,38,1736,43,459,44,1800,45,1397,46,1894,47,1493,42.5
2026-04-18 05:50:41 AM,KXATPCHALLENGERMATCH-26APR18TABMMO-MMO,42,303,41,1773,40,927,39,1379,38,1736,43,459,44,1800,45,1397,46,1894,47,1493,42.5
2026-04-18 05:56:08 AM,KXATPCHALLENGERMATCH-26APR18TABMMO-MMO,42,303,41,1773,40,927,39,1379,38,1736,43,11,44,1800,45,1397,46,1894,47,1493,42.5
2026-04-18 05:56:08 AM,KXATPCHALLENGERMATCH-26APR18TABMMO-MMO,42,303,41,1773,40,927,39,1379,38,1736,43,11,44,1249,45,1397,46,1894,47,1493,42.5
2026-04-18 05:56:08 AM,KXATPCHALLENGERMATCH-26APR18TABMMO-MMO,42,303,41,1773,40,927,39,1379,38,1736,43,11,44,1249,45,2397,46,1894,47,1493,42.5
2026-04-18 05:58:59 AM,KXATPCHALLENGERMATCH-26APR18TABMMO-MMO,42,303,41,1773,40,927,39,1379,38,1736,43,5,44,1249,45,2397,46,1894,47,1493,42.5
2026-04-18 06:02:09 AM,KXATPCHALLENGERMATCH-26APR18TABMMO-MMO,42,303,41,1773,40,927,39,1379,38,1736,44,1249,45,2397,46,1894,47,1493,48,315,43.0
2026-04-18 06:12:08 AM,KXATPCHALLENGERMATCH-26APR18TABMMO-MMO,42,303,41,1773,40,927,39,1379,38,1736,44,1239,45,2397,46,1894,47,1493,48,315,43.0
2026-04-18 06:12:08 AM,KXATPCHALLENGERMATCH-26APR18TABMMO-MMO,42,308,41,1773,40,927,39,1379,38,1736,44,1239,45,2397,46,1894,47,1493,48,315,43.0
2026-04-18 06:12:08 AM,KXATPCHALLENGERMATCH-26APR18TABMMO-MMO,42,308,41,1778,40,927,39,1379,38,1736,44,1239,45,2397,46,1894,47,1493,48,315,43.0
2026-04-18 06:14:20 AM,KXATPCHALLENGERMATCH-26APR18TABMMO-MMO,42,308,41,1778,40,927,39,1379,38,1736,44,1305,45,2397,46,1894,47,1493,48,315,43.0
2026-04-18 06:14:20 AM,KXATPCHALLENGERMATCH-26APR18TABMMO-MMO,42,33,41,1778,40,927,39,1379,38,1736,44,1305,45,2397,46,1894,47,1493,48,315,43.0
2026-04-18 06:14:20 AM,KXATPCHALLENGERMATCH-26APR18TABMMO-MMO,42,28,41,1778,40,927,39,1379,38,1736,44,1305,45,2397,46,1894,47,1493,48,315,43.0
2026-04-18 06:14:21 AM,KXATPCHALLENGERMATCH-26APR18TABMMO-MMO,42,28,41,1773,40,927,39,1379,38,1736,44,1305,45,2397,46,1894,47,1493,48,315,43.0
2026-04-18 06:14:21 AM,KXATPCHALLENGERMATCH-26APR18TABMMO-MMO,42,28,41,1745,40,927,39,1379,38,1736,44,1305,45,2397,46,1894,47,1493,48,315,43.0
2026-04-18 06:14:21 AM,KXATPCHALLENGERMATCH-26APR18TABMMO-MMO,42,28,41,1745,40,1174,39,1379,38,1736,44,1305,45,2397,46,1894,47,1493,48,315,43.0
2026-04-18 06:30:03 AM,KXATPCHALLENGERMATCH-26APR18TABMMO-MMO,42,6,41,1745,40,1174,39,1379,38,1736,44,1305,45,2397,46,1894,47,1493,48,315,43.0
2026-04-18 06:30:03 AM,KXATPCHALLENGERMATCH-26APR18TABMMO-MMO,42,6,41,1745,40,1174,39,1379,38,1736,44,1305,45,2411,46,1894,47,1493,48,315,43.0
2026-04-18 06:30:03 AM,KXATPCHALLENGERMATCH-26APR18TABMMO-MMO,42,6,41,1745,40,1174,39,1379,38,1736,44,1305,45,2411,46,1894,47,1480,48,315,43.0
2026-04-18 06:30:03 AM,KXATPCHALLENGERMATCH-26APR18TABMMO-MMO,42,20,41,1745,40,1174,39,1379,38,1736,44,1305,45,2411,46,1894,47,1480,48,315,43.0
2026-04-18 07:01:34 AM,KXATPCHALLENGERMATCH-26APR18TABMMO-MMO,42,20,41,1749,40,1174,39,1379,38,1736,44,1305,45,2411,46,1894,47,1480,48,315,43.0
2026-04-18 07:01:34 AM,KXATPCHALLENGERMATCH-26APR18TABMMO-MMO,42,20,41,1749,40,1184,39,1379,38,1736,44,1305,45,2411,46,1894,47,1480,48,315,43.0
2026-04-18 07:01:34 AM,KXATPCHALLENGERMATCH-26APR18TABMMO-MMO,42,6,41,1749,40,1184,39,1379,38,1736,44,1305,45,2411,46,1894,47,1480,48,315,43.0
2026-04-18 07:01:49 AM,KXATPCHALLENGERMATCH-26APR18TABMMO-MMO,42,6,41,1749,40,1184,39,1379,38,1736,44,1305,45,2411,46,1881,47,1480,48,315,43.0
2026-04-18 07:01:49 AM,KXATPCHALLENGERMATCH-26APR18TABMMO-MMO,42,6,41,1749,40,1184,39,1379,38,1736,44,1319,45,2411,46,1881,47,1480,48,315,43.0
2026-04-18 07:01:58 AM,KXATPCHALLENGERMATCH-26APR18TABMMO-MMO,42,6,41,1749,40,1184,39,1379,38,1736,44,1319,45,1411,46,1881,47,1480,48,315,43.0
2026-04-18 07:01:58 AM,KXATPCHALLENGERMATCH-26APR18TABMMO-MMO,42,6,41,1749,40,1184,39,1379,38,1736,43,505,44,1319,45,1411,46,1881,47,1480,42.5
2026-04-18 07:01:58 AM,KXATPCHALLENGERMATCH-26APR18TABMMO-MMO,42,6,41,1749,40,1184,39,1379,38,1736,43,505,44,1813,45,1411,46,1881,47,1480,42.5
2026-04-18 07:10:41 AM,KXATPCHALLENGERMATCH-26APR18TABMMO-MMO,42,6,41,1759,40,1184,39,1379,38,1736,43,505,44,1813,45,1411,46,1881,47,1480,42.5
2026-04-18 07:10:41 AM,KXATPCHALLENGERMATCH-26APR18TABMMO-MMO,42,6,41,1769,40,1184,39,1379,38,1736,43,505,44,1813,45,1411,46,1881,47,1480,42.5
2026-04-18 07:10:41 AM,KXATPCHALLENGERMATCH-26APR18TABMMO-MMO,42,6,41,1769,40,1184,39,1379,38,1736,43,505,44,1813,45,1421,46,1881,47,1480,42.5
2026-04-18 07:10:41 AM,KXATPCHALLENGERMATCH-26APR18TABMMO-MMO,42,6,41,1769,40,1184,39,1379,38,1736,43,505,44,1813,45,1431,46,1881,47,1480,42.5
2026-04-18 07:22:01 AM,KXATPCHALLENGERMATCH-26APR18TABMMO-MMO,42,6,41,1769,40,1184,39,958,38,1736,43,505,44,1813,45,1431,46,1881,47,1480,42.5
2026-04-18 07:22:01 AM,KXATPCHALLENGERMATCH-26APR18TABMMO-MMO,42,6,41,1769,40,1184,39,958,38,1304,43,505,44,1813,45,1431,46,1881,47,1480,42.5
2026-04-18 07:22:02 AM,KXATPCHALLENGERMATCH-26APR18TABMMO-MMO,42,6,41,1769,40,1184,39,958,38,1304,43,505,44,1813,45,1431,46,1881,47,1171,42.5
2026-04-18 07:27:57 AM,KXATPCHALLENGERMATCH-26APR18TABMMO-MMO,42,6,41,1769,40,1184,39,958,38,1304,43,405,44,1813,45,1431,46,1881,47,1171,42.5
2026-04-18 07:27:57 AM,KXATPCHALLENGERMATCH-26APR18TABMMO-MMO,42,6,41,1769,40,1184,39,958,38,1304,43,505,44,1813,45,1431,46,1881,47,1171,42.5
2026-04-18 07:27:58 AM,KXATPCHALLENGERMATCH-26APR18TABMMO-MMO,42,6,41,1769,40,1184,39,958,38,1304,43,405,44,1813,45,1431,46,1881,47,1171,42.5
2026-04-18 07:27:58 AM,KXATPCHALLENGERMATCH-26APR18TABMMO-MMO,42,6,41,1769,40,937,39,958,38,1304,43,405,44,1813,45,1431,46,1881,47,1171,42.5
2026-04-18 07:27:58 AM,KXATPCHALLENGERMATCH-26APR18TABMMO-MMO,42,303,41,1769,40,937,39,958,38,1304,43,405,44,1813,45,1431,46,1881,47,1171,42.5
2026-04-18 07:27:58 AM,KXATPCHALLENGERMATCH-26APR18TABMMO-MMO,42,303,41,1819,40,937,39,958,38,1304,43,405,44,1813,45,1431,46,1881,47,1171,42.5
2026-04-18 07:28:19 AM,KXATPCHALLENGERMATCH-26APR18TABMMO-MMO,42,338,41,1819,40,937,39,958,38,1304,43,405,44,1813,45,1431,46,1881,47,1171,42.5
2026-04-18 07:35:58 AM,KXATPCHALLENGERMATCH-26APR18TABMMO-MMO,42,338,41,1819,40,937,39,959,38,1304,43,405,44,1813,45,1431,46,1881,47,1171,42.5
2026-04-18 07:35:58 AM,KXATPCHALLENGERMATCH-26APR18TABMMO-MMO,42,338,41,1819,40,937,39,959,38,1304,43,405,44,1813,45,1431,46,1881,47,1172,42.5
2026-04-18 07:35:58 AM,KXATPCHALLENGERMATCH-26APR18TABMMO-MMO,42,338,41,1819,40,937,39,959,38,1305,43,405,44,1813,45,1431,46,1881,47,1172,42.5
2026-04-18 07:40:00 AM,KXATPCHALLENGERMATCH-26APR18TABMMO-MMO,42,303,41,1819,40,937,39,959,38,1305,43,405,44,1813,45,1431,46,1881,47,1172,42.5
2026-04-18 07:40:39 AM,KXATPCHALLENGERMATCH-26APR18TABMMO-MMO,42,303,41,1819,40,937,39,960,38,1305,43,405,44,1813,45,1431,46,1881,47,1172,42.5
2026-04-18 07:40:39 AM,KXATPCHALLENGERMATCH-26APR18TABMMO-MMO,42,303,41,1819,40,937,39,960,38,1305,43,405,44,1813,45,1431,46,1881,47,1173,42.5
2026-04-18 07:40:39 AM,KXATPCHALLENGERMATCH-26APR18TABMMO-MMO,42,303,41,1819,40,937,39,960,38,1306,43,405,44,1813,45,1431,46,1881,47,1173,42.5
2026-04-18 07:41:27 AM,KXATPCHALLENGERMATCH-26APR18TABMMO-MMO,42,303,41,1819,40,937,39,960,38,1306,43,356,44,1813,45,1431,46,1881,47,1173,42.5
2026-04-18 07:41:28 AM,KXATPCHALLENGERMATCH-26APR18TABMMO-MMO,42,327,41,1819,40,937,39,960,38,1306,43,356,44,1813,45,1431,46,1881,47,1173,42.5
2026-04-18 07:41:28 AM,KXATPCHALLENGERMATCH-26APR18TABMMO-MMO,42,327,41,1843,40,937,39,960,38,1306,43,356,44,1813,45,1431,46,1881,47,1173,42.5
2026-04-18 07:47:17 AM,KXATPCHALLENGERMATCH-26APR18TABMMO-MMO,42,327,41,1843,40,937,39,960,38,1306,44,1813,45,1431,46,1881,47,1173,48,2,43.0
2026-04-18 07:47:17 AM,KXATPCHALLENGERMATCH-26APR18TABMMO-MMO,42,327,41,1843,40,937,39,960,38,1306,44,1799,45,1431,46,1881,47,1173,48,2,43.0
2026-04-18 07:47:17 AM,KXATPCHALLENGERMATCH-26APR18TABMMO-MMO,42,327,41,1843,40,937,39,960,38,1306,44,1799,45,1431,46,1891,47,1173,48,2,43.0
2026-04-18 07:47:18 AM,KXATPCHALLENGERMATCH-26APR18TABMMO-MMO,42,327,41,1843,40,937,39,960,38,1306,44,1305,45,1431,46,1891,47,1173,48,2,43.0
2026-04-18 07:47:18 AM,KXATPCHALLENGERMATCH-26APR18TABMMO-MMO,42,327,41,1843,40,937,39,960,38,1306,44,1239,45,1431,46,1891,47,1173,48,2,43.0
2026-04-18 07:47:18 AM,KXATPCHALLENGERMATCH-26APR18TABMMO-MMO,42,327,41,1843,40,937,39,960,38,1306,44,1192,45,1431,46,1891,47,1173,48,2,43.0
2026-04-18 07:47:18 AM,KXATPCHALLENGERMATCH-26APR18TABMMO-MMO,42,327,41,1843,40,937,39,960,38,1306,44,1191,45,1431,46,1891,47,1173,48,2,43.0
2026-04-18 07:47:18 AM,KXATPCHALLENGERMATCH-26APR18TABMMO-MMO,42,327,41,1843,40,937,39,960,38,1306,44,1147,45,1431,46,1891,47,1173,48,2,43.0
2026-04-18 07:47:18 AM,KXATPCHALLENGERMATCH-26APR18TABMMO-MMO,42,327,41,1843,40,937,39,960,38,1306,44,1147,45,2431,46,1891,47,1173,48,2,43.0
2026-04-18 07:47:19 AM,KXATPCHALLENGERMATCH-26APR18TABMMO-MMO,42,327,41,1843,40,937,39,960,38,1306,44,1157,45,2431,46,1891,47,1173,48,2,43.0
2026-04-18 07:48:02 AM,KXATPCHALLENGERMATCH-26APR18TABMMO-MMO,42,327,41,1843,40,927,39,960,38,1306,44,1157,45,2431,46,1891,47,1173,48,2,43.0
2026-04-18 07:48:02 AM,KXATPCHALLENGERMATCH-26APR18TABMMO-MMO,42,342,41,1843,40,927,39,960,38,1306,44,1157,45,2431,46,1891,47,1173,48,2,43.0
2026-04-18 07:48:26 AM,KXATPCHALLENGERMATCH-26APR18TABMMO-MMO,42,342,41,1843,40,927,39,960,38,1306,44,1240,45,2431,46,1891,47,1173,48,2,43.0
2026-04-18 07:48:27 AM,KXATPCHALLENGERMATCH-26APR18TABMMO-MMO,42,318,41,1843,40,927,39,960,38,1306,44,1240,45,2431,46,1891,47,1173,48,2,43.0
2026-04-18 07:48:27 AM,KXATPCHALLENGERMATCH-26APR18TABMMO-MMO,42,302,41,1843,40,927,39,960,38,1306,44,1240,45,2431,46,1891,47,1173,48,2,43.0
2026-04-18 07:48:28 AM,KXATPCHALLENGERMATCH-26APR18TABMMO-MMO,42,302,41,1819,40,927,39,960,38,1306,44,1240,45,2431,46,1891,47,1173,48,2,43.0
2026-04-18 07:48:28 AM,KXATPCHALLENGERMATCH-26APR18TABMMO-MMO,42,302,41,1803,40,927,39,960,38,1306,44,1240,45,2431,46,1891,47,1173,48,2,43.0
2026-04-18 07:59:34 AM,KXATPCHALLENGERMATCH-26APR18TABMMO-MMO,42,302,41,1803,40,927,39,960,38,1306,44,1245,45,2431,46,1891,47,1173,48,2,43.0
2026-04-18 07:59:34 AM,KXATPCHALLENGERMATCH-26APR18TABMMO-MMO,42,300,41,1803,40,927,39,960,38,1306,44,1245,45,2431,46,1891,47,1173,48,2,43.0
2026-04-18 07:59:34 AM,KXATPCHALLENGERMATCH-26APR18TABMMO-MMO,42,300,41,1801,40,927,39,960,38,1306,44,1245,45,2431,46,1891,47,1173,48,2,43.0
2026-04-18 08:06:28 AM,KXATPCHALLENGERMATCH-26APR18TABMMO-MMO,42,285,41,1801,40,927,39,960,38,1306,44,1245,45,2431,46,1891,47,1173,48,2,43.0
2026-04-18 08:06:28 AM,KXATPCHALLENGERMATCH-26APR18TABMMO-MMO,42,285,41,1801,40,937,39,960,38,1306,44,1245,45,2431,46,1891,47,1173,48,2,43.0
2026-04-18 08:10:01 AM,KXATPCHALLENGERMATCH-26APR18TABMMO-MMO,42,285,41,1801,40,927,39,960,38,1306,44,1245,45,2431,46,1891,47,1173,48,2,43.0
2026-04-18 08:10:01 AM,KXATPCHALLENGERMATCH-26APR18TABMMO-MMO,42,300,41,1801,40,927,39,960,38,1306,44,1245,45,2431,46,1891,47,1173,48,2,43.0
2026-04-18 08:18:21 AM,KXATPCHALLENGERMATCH-26APR18TABMMO-MMO,42,300,41,1801,40,927,39,960,38,1306,44,1260,45,2431,46,1891,47,1173,48,2,43.0
2026-04-18 08:18:21 AM,KXATPCHALLENGERMATCH-26APR18TABMMO-MMO,42,293,41,1801,40,927,39,960,38,1306,44,1260,45,2431,46,1891,47,1173,48,2,43.0
2026-04-18 08:18:21 AM,KXATPCHALLENGERMATCH-26APR18TABMMO-MMO,42,293,41,1794,40,927,39,960,38,1306,44,1260,45,2431,46,1891,47,1173,48,2,43.0
2026-04-18 08:25:49 AM,KXATPCHALLENGERMATCH-26APR18TABMMO-MMO,42,293,41,1794,40,927,39,960,38,1306,44,1268,45,2431,46,1891,47,1173,48,2,43.0
2026-04-18 08:25:49 AM,KXATPCHALLENGERMATCH-26APR18TABMMO-MMO,42,289,41,1794,40,927,39,960,38,1306,44,1268,45,2431,46,1891,47,1173,48,2,43.0
2026-04-18 08:25:49 AM,KXATPCHALLENGERMATCH-26APR18TABMMO-MMO,42,289,41,1790,40,927,39,960,38,1306,44,1268,45,2431,46,1891,47,1173,48,2,43.0
2026-04-18 08:32:01 AM,KXATPCHALLENGERMATCH-26APR18TABMMO-MMO,42,289,41,1790,40,927,39,960,38,1306,44,1268,45,2431,46,1891,47,2046,48,2,43.0
2026-04-18 08:32:01 AM,KXATPCHALLENGERMATCH-26APR18TABMMO-MMO,42,1089,41,1790,40,927,39,960,38,1306,44,1268,45,2431,46,1891,47,2046,48,2,43.0
2026-04-18 08:32:04 AM,KXATPCHALLENGERMATCH-26APR18TABMMO-MMO,42,1089,41,990,40,927,39,960,38,1306,44,1268,45,2431,46,1891,47,2046,48,2,43.0
2026-04-18 08:32:04 AM,KXATPCHALLENGERMATCH-26APR18TABMMO-MMO,42,1089,41,990,40,927,39,960,38,506,44,1268,45,2431,46,1891,47,2046,48,2,43.0
2026-04-18 08:32:04 AM,KXATPCHALLENGERMATCH-26APR18TABMMO-MMO,42,1089,41,990,40,927,39,960,38,506,44,468,45,2431,46,1891,47,2046,48,2,43.0
2026-04-18 08:32:04 AM,KXATPCHALLENGERMATCH-26APR18TABMMO-MMO,42,1089,41,990,40,927,39,960,38,506,44,468,45,2431,46,1091,47,2046,48,2,43.0
2026-04-18 08:32:04 AM,KXATPCHALLENGERMATCH-26APR18TABMMO-MMO,42,1089,41,990,40,1727,39,960,38,506,44,468,45,2431,46,1091,47,2046,48,2,43.0
2026-04-18 08:32:04 AM,KXATPCHALLENGERMATCH-26APR18TABMMO-MMO,42,1889,41,990,40,1727,39,960,38,506,44,468,45,2431,46,1091,47,2046,48,2,43.0
2026-04-18 08:32:04 AM,KXATPCHALLENGERMATCH-26APR18TABMMO-MMO,42,1889,41,990,40,1727,39,960,38,506,44,468,45,2431,46,1091,47,2046,48,802,43.0
2026-04-18 08:32:04 AM,KXATPCHALLENGERMATCH-26APR18TABMMO-MMO,42,1889,41,990,40,1727,39,960,38,506,44,468,45,3231,46,1091,47,2046,48,802,43.0
2026-04-18 08:32:04 AM,KXATPCHALLENGERMATCH-26APR18TABMMO-MMO,42,1889,41,990,40,1727,39,960,38,506,44,122,45,3231,46,1091,47,2046,48,802,43.0
2026-04-18 08:32:04 AM,KXATPCHALLENGERMATCH-26APR18TABMMO-MMO,42,1889,41,990,40,1727,39,960,38,506,44,112,45,3231,46,1091,47,2046,48,802,43.0
2026-04-18 08:32:04 AM,KXATPCHALLENGERMATCH-26APR18TABMMO-MMO,42,1889,41,990,40,1727,39,960,38,506,44,29,45,3231,46,1091,47,2046,48,802,43.0
2026-04-18 08:32:04 AM,KXATPCHALLENGERMATCH-26APR18TABMMO-MMO,42,1889,41,990,40,1727,39,960,38,506,44,24,45,3231,46,1091,47,2046,48,802,43.0
2026-04-18 08:32:04 AM,KXATPCHALLENGERMATCH-26APR18TABMMO-MMO,42,1889,41,990,40,1727,39,960,38,506,44,9,45,3231,46,1091,47,2046,48,802,43.0
2026-04-18 08:32:04 AM,KXATPCHALLENGERMATCH-26APR18TABMMO-MMO,42,1889,41,990,40,1727,39,960,38,506,44,1,45,3231,46,1091,47,2046,48,802,43.0
2026-04-18 08:32:04 AM,KXATPCHALLENGERMATCH-26APR18TABMMO-MMO,42,1889,41,990,40,1727,39,960,38,506,44,1,45,2700,46,1091,47,2046,48,802,43.0
2026-04-18 08:32:04 AM,KXATPCHALLENGERMATCH-26APR18TABMMO-MMO,42,1889,41,990,40,1727,39,960,38,506,44,1,45,2700,46,2091,47,2046,48,802,43.0
2026-04-18 08:32:54 AM,KXATPCHALLENGERMATCH-26APR18TABMMO-MMO,42,1889,41,990,40,1727,39,960,38,406,44,1,45,2700,46,2091,47,2046,48,802,43.0
2026-04-18 08:32:54 AM,KXATPCHALLENGERMATCH-26APR18TABMMO-MMO,42,1889,41,990,40,1579,39,960,38,406,44,1,45,2700,46,2091,47,2046,48,802,43.0
2026-04-18 08:32:54 AM,KXATPCHALLENGERMATCH-26APR18TABMMO-MMO,42,1889,41,990,40,1579,39,960,38,406,44,1,45,1980,46,2091,47,2046,48,802,43.0
2026-04-18 08:32:54 AM,KXATPCHALLENGERMATCH-26APR18TABMMO-MMO,42,1889,41,990,40,1579,39,945,38,406,44,1,45,1980,46,2091,47,2046,48,802,43.0
2026-04-18 08:32:54 AM,KXATPCHALLENGERMATCH-26APR18TABMMO-MMO,42,1889,41,1213,40,1579,39,945,38,406,44,1,45,1980,46,2091,47,2046,48,802,43.0
2026-04-18 08:32:54 AM,KXATPCHALLENGERMATCH-26APR18TABMMO-MMO,42,1889,41,1213,40,1579,39,945,38,406,44,1,45,1980,46,2303,47,2046,48,802,43.0
2026-04-18 08:32:54 AM,KXATPCHALLENGERMATCH-26APR18TABMMO-MMO,42,1889,41,1213,40,1579,39,945,38,406,44,1,45,1980,46,2303,47,2422,48,802,43.0
2026-04-18 08:32:54 AM,KXATPCHALLENGERMATCH-26APR18TABMMO-MMO,42,1889,41,1213,40,1579,39,945,38,406,44,1,45,1980,46,2303,47,2422,48,1219,43.0
2026-04-18 08:33:24 AM,KXATPCHALLENGERMATCH-26APR18TABMMO-MMO,42,1889,41,1213,40,1579,39,906,38,406,44,1,45,1980,46,2303,47,2422,48,1219,43.0
2026-04-18 08:34:27 AM,KXATPCHALLENGERMATCH-26APR18TABMMO-MMO,42,1889,41,988,40,1579,39,906,38,406,44,1,45,1980,46,2303,47,2422,48,1219,43.0
2026-04-18 08:34:27 AM,KXATPCHALLENGERMATCH-26APR18TABMMO-MMO,42,1889,41,967,40,1579,39,906,38,406,44,1,45,1980,46,2303,47,2422,48,1219,43.0
2026-04-18 08:34:27 AM,KXATPCHALLENGERMATCH-26APR18TABMMO-MMO,42,1889,41,949,40,1579,39,906,38,406,44,1,45,1980,46,2303,47,2422,48,1219,43.0
2026-04-18 08:34:27 AM,KXATPCHALLENGERMATCH-26APR18TABMMO-MMO,43,265,42,1889,41,949,40,1579,39,906,44,1,45,1980,46,2303,47,2422,48,1219,43.5
2026-04-18 08:37:32 AM,KXATPCHALLENGERMATCH-26APR18TABMMO-MMO,43,265,42,2494,41,949,40,1579,39,906,44,1,45,1980,46,2303,47,2422,48,1219,43.5
2026-04-18 08:38:18 AM,KXATPCHALLENGERMATCH-26APR18TABMMO-MMO,43,265,42,2494,41,949,40,1579,39,1306,44,1,45,1980,46,2303,47,2422,48,1219,43.5
2026-04-18 08:39:57 AM,KXATPCHALLENGERMATCH-26APR18TABMMO-MMO,43,265,42,2494,41,949,40,1579,39,1306,44,1,45,1980,46,2303,47,2361,48,1219,43.5
2026-04-18 08:39:57 AM,KXATPCHALLENGERMATCH-26APR18TABMMO-MMO,43,265,42,2494,41,949,40,1579,39,1306,44,1,45,1980,46,2303,47,2361,48,1172,43.5
2026-04-18 08:41:37 AM,KXATPCHALLENGERMATCH-26APR18TABMMO-MMO,43,265,42,2494,41,949,40,1579,39,1306,44,1,45,1574,46,2303,47,2361,48,1172,43.5
2026-04-18 08:41:37 AM,KXATPCHALLENGERMATCH-26APR18TABMMO-MMO,43,265,42,2494,41,949,40,1579,39,1306,44,1,45,1574,46,2303,47,3009,48,1172,43.5
2026-04-18 08:45:53 AM,KXATPCHALLENGERMATCH-26APR18TABMMO-MMO,43,265,42,2494,41,949,40,1579,39,1306,44,1,45,1574,46,2303,47,2893,48,1172,43.5
2026-04-18 08:45:53 AM,KXATPCHALLENGERMATCH-26APR18TABMMO-MMO,43,265,42,2494,41,949,40,1619,39,1306,44,1,45,1574,46,2303,47,2893,48,1172,43.5
2026-04-18 08:51:17 AM,KXATPCHALLENGERMATCH-26APR18TABMMO-MMO,43,265,42,2494,41,939,40,1619,39,1306,44,1,45,1574,46,2303,47,2893,48,1172,43.5
2026-04-18 08:51:17 AM,KXATPCHALLENGERMATCH-26APR18TABMMO-MMO,43,265,42,2494,41,929,40,1619,39,1306,44,1,45,1574,46,2303,47,2893,48,1172,43.5
2026-04-18 08:51:17 AM,KXATPCHALLENGERMATCH-26APR18TABMMO-MMO,43,265,42,2504,41,929,40,1619,39,1306,44,1,45,1574,46,2303,47,2893,48,1172,43.5
2026-04-18 08:51:17 AM,KXATPCHALLENGERMATCH-26APR18TABMMO-MMO,43,265,42,2504,41,929,40,1619,39,1306,44,1,45,1564,46,2303,47,2893,48,1172,43.5
2026-04-18 08:51:17 AM,KXATPCHALLENGERMATCH-26APR18TABMMO-MMO,43,265,42,2504,41,929,40,1619,39,1306,44,1,45,1554,46,2303,47,2893,48,1172,43.5
2026-04-18 08:51:17 AM,KXATPCHALLENGERMATCH-26APR18TABMMO-MMO,43,265,42,2504,41,929,40,1619,39,1306,44,1,45,1554,46,2313,47,2893,48,1172,43.5
2026-04-18 08:51:17 AM,KXATPCHALLENGERMATCH-26APR18TABMMO-MMO,43,265,42,2504,41,929,40,1619,39,1306,44,1,45,1554,46,2323,47,2893,48,1172,43.5
2026-04-18 08:54:31 AM,KXATPCHALLENGERMATCH-26APR18TABMMO-MMO,43,265,42,2504,41,929,40,1619,39,1306,44,1,45,1554,46,2323,47,2893,48,1208,43.5
2026-04-18 08:54:31 AM,KXATPCHALLENGERMATCH-26APR18TABMMO-MMO,43,265,42,2504,41,929,40,1619,39,1354,44,1,45,1554,46,2323,47,2893,48,1208,43.5
2026-04-18 08:54:35 AM,KXATPCHALLENGERMATCH-26APR18TABMMO-MMO,43,265,42,2504,41,929,40,1619,39,1354,44,1,45,1554,46,2323,47,2892,48,1208,43.5
2026-04-18 09:00:30 AM,KXATPCHALLENGERMATCH-26APR18TABMMO-MMO,43,265,42,2504,41,929,40,1619,39,1354,44,1,45,1499,46,2323,47,2892,48,1208,43.5
2026-04-18 09:10:49 AM,KXATPCHALLENGERMATCH-26APR18TABMMO-MMO,43,265,42,2504,41,929,40,1619,39,1354,44,1,45,1500,46,2323,47,2892,48,1208,43.5
2026-04-18 09:19:35 AM,KXATPCHALLENGERMATCH-26APR18TABMMO-MMO,43,265,42,2504,41,929,40,1619,39,1354,44,1,45,1520,46,2323,47,2892,48,1208,43.5
2026-04-18 09:19:35 AM,KXATPCHALLENGERMATCH-26APR18TABMMO-MMO,43,255,42,2504,41,929,40,1619,39,1354,44,1,45,1520,46,2323,47,2892,48,1208,43.5
2026-04-18 09:19:35 AM,KXATPCHALLENGERMATCH-26APR18TABMMO-MMO,43,255,42,2494,41,929,40,1619,39,1354,44,1,45,1520,46,2323,47,2892,48,1208,43.5
2026-04-18 09:28:12 AM,KXATPCHALLENGERMATCH-26APR18TABMMO-MMO,43,255,42,2494,41,929,40,1619,39,1354,44,1,45,1520,46,1323,47,2892,48,1208,43.5
2026-04-18 09:28:12 AM,KXATPCHALLENGERMATCH-26APR18TABMMO-MMO,43,255,42,2494,41,929,40,1619,39,1354,44,523,45,1520,46,1323,47,2892,48,1208,43.5
2026-04-18 09:28:12 AM,KXATPCHALLENGERMATCH-26APR18TABMMO-MMO,43,255,42,2494,41,929,40,1619,39,1354,44,523,45,2030,46,1323,47,2892,48,1208,43.5
2026-04-18 09:28:13 AM,KXATPCHALLENGERMATCH-26APR18TABMMO-MMO,43,239,42,2494,41,929,40,1619,39,1354,44,523,45,2030,46,1323,47,2892,48,1208,43.5
2026-04-18 09:28:13 AM,KXATPCHALLENGERMATCH-26APR18TABMMO-MMO,43,239,42,2478,41,929,40,1619,39,1354,44,523,45,2030,46,1323,47,2892,48,1208,43.5
2026-04-18 09:28:54 AM,KXATPCHALLENGERMATCH-26APR18TABMMO-MMO,43,239,42,2478,41,929,40,1619,39,1354,44,1,45,2030,46,1323,47,2892,48,1208,43.5
2026-04-18 09:28:55 AM,KXATPCHALLENGERMATCH-26APR18TABMMO-MMO,43,239,42,2478,41,929,40,1619,39,1354,44,1,45,1553,46,1323,47,2892,48,1208,43.5
2026-04-18 09:28:55 AM,KXATPCHALLENGERMATCH-26APR18TABMMO-MMO,43,239,42,2478,41,929,40,1619,39,1354,44,1,45,1553,46,2323,47,2892,48,1208,43.5
2026-04-18 09:28:55 AM,KXATPCHALLENGERMATCH-26APR18TABMMO-MMO,43,239,42,2478,41,929,40,1619,39,1354,44,1,45,1553,46,1323,47,2892,48,1208,43.5
2026-04-18 09:28:55 AM,KXATPCHALLENGERMATCH-26APR18TABMMO-MMO,43,239,42,2478,41,929,40,1619,39,1354,44,523,45,1553,46,1323,47,2892,48,1208,43.5
2026-04-18 09:28:55 AM,KXATPCHALLENGERMATCH-26APR18TABMMO-MMO,43,239,42,2478,41,929,40,1619,39,1354,44,523,45,2030,46,1323,47,2892,48,1208,43.5
2026-04-18 09:29:04 AM,KXATPCHALLENGERMATCH-26APR18TABMMO-MMO,43,139,42,2478,41,929,40,1619,39,1354,44,523,45,2030,46,1323,47,2892,48,1208,43.5
2026-04-18 09:29:04 AM,KXATPCHALLENGERMATCH-26APR18TABMMO-MMO,43,139,42,2478,41,929,40,1619,39,1354,44,623,45,2030,46,1323,47,2892,48,1208,43.5
2026-04-18 09:29:04 AM,KXATPCHALLENGERMATCH-26APR18TABMMO-MMO,43,189,42,2478,41,929,40,1619,39,1354,44,623,45,2030,46,1323,47,2892,48,1208,43.5
2026-04-18 09:29:04 AM,KXATPCHALLENGERMATCH-26APR18TABMMO-MMO,43,189,42,2428,41,929,40,1619,39,1354,44,623,45,2030,46,1323,47,2892,48,1208,43.5
2026-04-18 09:29:18 AM,KXATPCHALLENGERMATCH-26APR18TABMMO-MMO,43,250,42,2428,41,929,40,1619,39,1354,44,623,45,2030,46,1323,47,2892,48,1208,43.5
2026-04-18 09:30:28 AM,KXATPCHALLENGERMATCH-26APR18TABMMO-MMO,43,189,42,2428,41,929,40,1619,39,1354,44,623,45,2030,46,1323,47,2892,48,1208,43.5
2026-04-18 09:39:57 AM,KXATPCHALLENGERMATCH-26APR18TABMMO-MMO,43,189,42,2428,41,929,40,1619,39,1354,44,591,45,2030,46,1323,47,2892,48,1208,43.5
2026-04-18 09:39:57 AM,KXATPCHALLENGERMATCH-26APR18TABMMO-MMO,43,205,42,2428,41,929,40,1619,39,1354,44,591,45,2030,46,1323,47,2892,48,1208,43.5
2026-04-18 09:39:57 AM,KXATPCHALLENGERMATCH-26APR18TABMMO-MMO,43,205,42,2444,41,929,40,1619,39,1354,44,591,45,2030,46,1323,47,2892,48,1208,43.5
2026-04-18 09:40:28 AM,KXATPCHALLENGERMATCH-26APR18TABMMO-MMO,43,205,42,2444,41,929,40,1619,39,1354,44,736,45,2030,46,1323,47,2892,48,1208,43.5
2026-04-18 09:40:28 AM,KXATPCHALLENGERMATCH-26APR18TABMMO-MMO,43,67,42,2444,41,929,40,1619,39,1354,44,736,45,2030,46,1323,47,2892,48,1208,43.5
2026-04-18 09:40:28 AM,KXATPCHALLENGERMATCH-26APR18TABMMO-MMO,43,17,42,2444,41,929,40,1619,39,1354,44,736,45,2030,46,1323,47,2892,48,1208,43.5
2026-04-18 09:40:28 AM,KXATPCHALLENGERMATCH-26APR18TABMMO-MMO,43,1,42,2444,41,929,40,1619,39,1354,44,736,45,2030,46,1323,47,2892,48,1208,43.5
2026-04-18 09:40:29 AM,KXATPCHALLENGERMATCH-26APR18TABMMO-MMO,43,1,42,2428,41,929,40,1619,39,1354,44,736,45,2030,46,1323,47,2892,48,1208,43.5
2026-04-18 09:40:29 AM,KXATPCHALLENGERMATCH-26APR18TABMMO-MMO,43,1,42,2372,41,929,40,1619,39,1354,44,736,45,2030,46,1323,47,2892,48,1208,43.5
2026-04-18 09:40:30 AM,KXATPCHALLENGERMATCH-26APR18TABMMO-MMO,43,1,42,2372,41,1061,40,1619,39,1354,44,736,45,2030,46,1323,47,2892,48,1208,43.5
2026-04-18 09:56:01 AM,KXATPCHALLENGERMATCH-26APR18TABMMO-MMO,43,1,42,2372,41,1061,40,1619,39,1354,44,761,45,2030,46,1323,47,2892,48,1208,43.5
2026-04-18 09:56:01 AM,KXATPCHALLENGERMATCH-26APR18TABMMO-MMO,43,1,42,2360,41,1061,40,1619,39,1354,44,761,45,2030,46,1323,47,2892,48,1208,43.5
2026-04-18 09:56:01 AM,KXATPCHALLENGERMATCH-26APR18TABMMO-MMO,43,1,42,2360,41,1049,40,1619,39,1354,44,761,45,2030,46,1323,47,2892,48,1208,43.5
2026-04-18 09:56:01 AM,KXATPCHALLENGERMATCH-26APR18TABMMO-MMO,43,1,42,2360,41,1049,40,1619,39,1354,44,769,45,2030,46,1323,47,2892,48,1208,43.5
2026-04-18 09:56:02 AM,KXATPCHALLENGERMATCH-26APR18TABMMO-MMO,43,1,42,2356,41,1049,40,1619,39,1354,44,769,45,2030,46,1323,47,2892,48,1208,43.5
2026-04-18 09:56:02 AM,KXATPCHALLENGERMATCH-26APR18TABMMO-MMO,43,1,42,2356,41,1045,40,1619,39,1354,44,769,45,2030,46,1323,47,2892,48,1208,43.5
2026-04-18 10:00:18 AM,KXATPCHALLENGERMATCH-26APR18TABMMO-MMO,43,1,42,2356,41,1045,40,1619,39,1354,44,769,45,1562,46,1323,47,2892,48,1208,43.5
2026-04-18 10:00:18 AM,KXATPCHALLENGERMATCH-26APR18TABMMO-MMO,43,1,42,2356,41,1045,40,1619,39,1354,44,769,45,1561,46,1323,47,2892,48,1208,43.5
2026-04-18 10:00:18 AM,KXATPCHALLENGERMATCH-26APR18TABMMO-MMO,43,1,42,2356,41,1045,40,1619,39,1354,44,769,45,1541,46,1323,47,2892,48,1208,43.5
2026-04-18 10:00:18 AM,KXATPCHALLENGERMATCH-26APR18TABMMO-MMO,43,1,42,2356,41,1045,40,1619,39,1354,44,769,45,1508,46,1323,47,2892,48,1208,43.5
2026-04-18 10:00:18 AM,KXATPCHALLENGERMATCH-26APR18TABMMO-MMO,43,1,42,2356,41,1045,40,1619,39,1354,44,769,45,1031,46,1323,47,2892,48,1208,43.5
2026-04-18 10:00:18 AM,KXATPCHALLENGERMATCH-26APR18TABMMO-MMO,43,1,42,2356,41,1045,40,1619,39,1354,43,888,44,769,45,1031,46,1323,47,2892,43.0
2026-04-18 10:00:18 AM,KXATPCHALLENGERMATCH-26APR18TABMMO-MMO,43,1,42,2356,41,1045,40,1619,39,1354,43,888,44,1000,45,1031,46,1323,47,2892,43.0
2026-04-18 10:00:18 AM,KXATPCHALLENGERMATCH-26APR18TABMMO-MMO,43,1,42,2296,41,1045,40,1619,39,1354,43,888,44,1000,45,1031,46,1323,47,2892,43.0
2026-04-18 10:00:18 AM,KXATPCHALLENGERMATCH-26APR18TABMMO-MMO,43,1,42,2296,41,985,40,1619,39,1354,43,888,44,1000,45,1031,46,1323,47,2892,43.0
2026-04-18 10:00:19 AM,KXATPCHALLENGERMATCH-26APR18TABMMO-MMO,43,1,42,2296,41,985,40,1619,39,1354,44,1000,45,1031,46,1323,47,2892,48,1208,43.5
2026-04-18 10:00:19 AM,KXATPCHALLENGERMATCH-26APR18TABMMO-MMO,43,1,42,2296,41,985,40,1619,39,1354,44,889,45,1031,46,1323,47,2892,48,1208,43.5
2026-04-18 10:00:19 AM,KXATPCHALLENGERMATCH-26APR18TABMMO-MMO,43,1,42,2296,41,985,40,1619,39,1354,44,889,45,2031,46,1323,47,2892,48,1208,43.5
2026-04-18 10:00:20 AM,KXATPCHALLENGERMATCH-26APR18TABMMO-MMO,43,1,42,2296,41,985,40,1619,39,1354,44,889,45,1031,46,1323,47,2892,48,1208,43.5
2026-04-18 10:00:20 AM,KXATPCHALLENGERMATCH-26APR18TABMMO-MMO,43,1,42,2296,41,985,40,1619,39,1354,43,888,44,889,45,1031,46,1323,47,2892,43.0
2026-04-18 10:00:20 AM,KXATPCHALLENGERMATCH-26APR18TABMMO-MMO,43,1,42,2296,41,985,40,1619,39,1354,43,888,44,1000,45,1031,46,1323,47,2892,43.0
2026-04-18 10:08:56 AM,KXATPCHALLENGERMATCH-26APR18TABMMO-MMO,43,1,42,2281,41,985,40,1619,39,1354,43,888,44,1000,45,1031,46,1323,47,2892,43.0
2026-04-18 10:08:56 AM,KXATPCHALLENGERMATCH-26APR18TABMMO-MMO,43,1,42,2281,41,981,40,1619,39,1354,43,888,44,1000,45,1031,46,1323,47,2892,43.0
2026-04-18 10:08:56 AM,KXATPCHALLENGERMATCH-26APR18TABMMO-MMO,43,1,42,2281,41,971,40,1619,39,1354,43,888,44,1000,45,1031,46,1323,47,2892,43.0
2026-04-18 10:08:56 AM,KXATPCHALLENGERMATCH-26APR18TABMMO-MMO,43,1,42,2281,41,971,40,1619,39,1354,43,888,44,1000,45,1031,46,1313,47,2892,43.0
2026-04-18 10:08:56 AM,KXATPCHALLENGERMATCH-26APR18TABMMO-MMO,43,1,42,2281,41,971,40,1619,39,1354,43,888,44,1000,45,1017,46,1313,47,2892,43.0
2026-04-18 10:08:56 AM,KXATPCHALLENGERMATCH-26APR18TABMMO-MMO,43,1,42,2296,41,971,40,1619,39,1354,43,888,44,1000,45,1017,46,1313,47,2892,43.0
2026-04-18 10:08:56 AM,KXATPCHALLENGERMATCH-26APR18TABMMO-MMO,43,1,42,2296,41,981,40,1619,39,1354,43,888,44,1000,45,1017,46,1313,47,2892,43.0
2026-04-18 10:08:56 AM,KXATPCHALLENGERMATCH-26APR18TABMMO-MMO,43,1,42,2296,41,981,40,1619,39,1354,43,888,44,1000,45,1032,46,1313,47,2892,43.0
2026-04-18 10:08:56 AM,KXATPCHALLENGERMATCH-26APR18TABMMO-MMO,43,1,42,2296,41,981,40,1619,39,1354,43,888,44,1000,45,1032,46,1323,47,2892,43.0
2026-04-18 10:09:28 AM,KXATPCHALLENGERMATCH-26APR18TABMMO-MMO,43,1,42,2296,41,981,40,1619,39,1354,43,833,44,1000,45,1032,46,1323,47,2892,43.0
2026-04-18 10:09:29 AM,KXATPCHALLENGERMATCH-26APR18TABMMO-MMO,43,1,42,2296,41,981,40,1619,39,1354,43,888,44,1000,45,1032,46,1323,47,2892,43.0
2026-04-18 10:09:29 AM,KXATPCHALLENGERMATCH-26APR18TABMMO-MMO,43,1,42,2296,41,981,40,1619,39,1354,43,55,44,1000,45,1032,46,1323,47,2892,43.0
2026-04-18 10:09:29 AM,KXATPCHALLENGERMATCH-26APR18TABMMO-MMO,43,1,42,2296,41,981,40,1619,39,1354,44,1000,45,1032,46,1323,47,2892,48,1208,43.5
2026-04-18 10:09:31 AM,KXATPCHALLENGERMATCH-26APR18TABMMO-MMO,43,1,42,2296,41,981,40,1619,39,1354,44,889,45,1032,46,1323,47,2892,48,1208,43.5
2026-04-18 10:09:31 AM,KXATPCHALLENGERMATCH-26APR18TABMMO-MMO,43,1,42,2296,41,981,40,1619,39,1354,44,834,45,1032,46,1323,47,2892,48,1208,43.5
2026-04-18 10:09:32 AM,KXATPCHALLENGERMATCH-26APR18TABMMO-MMO,43,1,42,2296,41,981,40,1619,39,1354,44,834,45,2032,46,1323,47,2892,48,1208,43.5
2026-04-18 10:09:32 AM,KXATPCHALLENGERMATCH-26APR18TABMMO-MMO,43,1,42,2323,41,981,40,1619,39,1354,44,834,45,2032,46,1323,47,2892,48,1208,43.5
2026-04-18 10:09:32 AM,KXATPCHALLENGERMATCH-26APR18TABMMO-MMO,43,1,42,2323,41,1008,40,1619,39,1354,44,834,45,2032,46,1323,47,2892,48,1208,43.5
2026-04-18 10:09:59 AM,KXATPCHALLENGERMATCH-26APR18TABMMO-MMO,43,1,42,2308,41,1008,40,1619,39,1354,44,834,45,2032,46,1323,47,2892,48,1208,43.5
2026-04-18 10:09:59 AM,KXATPCHALLENGERMATCH-26APR18TABMMO-MMO,43,1,42,2308,41,998,40,1619,39,1354,44,834,45,2032,46,1323,47,2892,48,1208,43.5
2026-04-18 10:09:59 AM,KXATPCHALLENGERMATCH-26APR18TABMMO-MMO,43,1,42,2308,41,998,40,1619,39,1354,44,834,45,2017,46,1323,47,2892,48,1208,43.5
2026-04-18 10:09:59 AM,KXATPCHALLENGERMATCH-26APR18TABMMO-MMO,43,1,42,2308,41,998,40,1619,39,1354,44,834,45,2017,46,1313,47,2892,48,1208,43.5
2026-04-18 10:12:11 AM,KXATPCHALLENGERMATCH-26APR18TABMMO-MMO,43,1,42,2323,41,998,40,1619,39,1354,44,834,45,2017,46,1313,47,2892,48,1208,43.5
2026-04-18 10:12:11 AM,KXATPCHALLENGERMATCH-26APR18TABMMO-MMO,43,1,42,2323,41,1008,40,1619,39,1354,44,834,45,2017,46,1313,47,2892,48,1208,43.5
2026-04-18 10:12:12 AM,KXATPCHALLENGERMATCH-26APR18TABMMO-MMO,43,1,42,2323,41,1008,40,1619,39,1354,44,834,45,2032,46,1313,47,2892,48,1208,43.5
2026-04-18 10:12:12 AM,KXATPCHALLENGERMATCH-26APR18TABMMO-MMO,43,1,42,2323,41,1008,40,1619,39,1354,44,834,45,2032,46,1323,47,2892,48,1208,43.5
2026-04-18 10:19:15 AM,KXATPCHALLENGERMATCH-26APR18TABMMO-MMO,43,1,42,2323,41,1008,40,1619,39,1354,44,824,45,2032,46,1323,47,2892,48,1208,43.5
2026-04-18 10:19:15 AM,KXATPCHALLENGERMATCH-26APR18TABMMO-MMO,43,1,42,2323,41,1008,40,1619,39,1354,44,834,45,2032,46,1323,47,2892,48,1208,43.5
2026-04-18 10:19:17 AM,KXATPCHALLENGERMATCH-26APR18TABMMO-MMO,43,1,42,2323,41,1008,40,1619,39,1354,44,824,45,2032,46,1323,47,2892,48,1208,43.5
2026-04-18 10:19:17 AM,KXATPCHALLENGERMATCH-26APR18TABMMO-MMO,43,1,42,2328,41,1008,40,1619,39,1354,44,824,45,2032,46,1323,47,2892,48,1208,43.5
2026-04-18 10:19:17 AM,KXATPCHALLENGERMATCH-26APR18TABMMO-MMO,43,1,42,2328,41,1013,40,1619,39,1354,44,824,45,2032,46,1323,47,2892,48,1208,43.5
2026-04-18 10:19:37 AM,KXATPCHALLENGERMATCH-26APR18TABMMO-MMO,43,1,42,2313,41,1013,40,1619,39,1354,44,824,45,2032,46,1323,47,2892,48,1208,43.5
2026-04-18 10:19:37 AM,KXATPCHALLENGERMATCH-26APR18TABMMO-MMO,43,1,42,2313,41,1003,40,1619,39,1354,44,824,45,2032,46,1323,47,2892,48,1208,43.5
2026-04-18 10:19:37 AM,KXATPCHALLENGERMATCH-26APR18TABMMO-MMO,43,1,42,2313,41,1003,40,1619,39,1354,44,824,45,2017,46,1323,47,2892,48,1208,43.5
2026-04-18 10:19:37 AM,KXATPCHALLENGERMATCH-26APR18TABMMO-MMO,43,1,42,2313,41,1003,40,1619,39,1354,44,824,45,2017,46,1313,47,2892,48,1208,43.5
2026-04-18 10:20:50 AM,KXATPCHALLENGERMATCH-26APR18TABMMO-MMO,43,1,42,2328,41,1003,40,1619,39,1354,44,824,45,2017,46,1313,47,2892,48,1208,43.5
2026-04-18 10:20:50 AM,KXATPCHALLENGERMATCH-26APR18TABMMO-MMO,43,1,42,2328,41,1013,40,1619,39,1354,44,824,45,2017,46,1313,47,2892,48,1208,43.5
2026-04-18 10:20:50 AM,KXATPCHALLENGERMATCH-26APR18TABMMO-MMO,43,1,42,2328,41,1013,40,1619,39,1354,44,824,45,2032,46,1313,47,2892,48,1208,43.5
2026-04-18 10:20:50 AM,KXATPCHALLENGERMATCH-26APR18TABMMO-MMO,43,1,42,2328,41,1013,40,1619,39,1354,44,824,45,2032,46,1323,47,2892,48,1208,43.5
2026-04-18 11:12:01 AM,KXATPCHALLENGERMATCH-26APR18TABMMO-MMO,43,1,42,2328,41,1013,40,1619,39,1354,44,814,45,2032,46,1323,47,2892,48,1208,43.5
2026-04-18 11:12:01 AM,KXATPCHALLENGERMATCH-26APR18TABMMO-MMO,43,1,42,2333,41,1013,40,1619,39,1354,44,814,45,2032,46,1323,47,2892,48,1208,43.5
2026-04-18 11:12:01 AM,KXATPCHALLENGERMATCH-26APR18TABMMO-MMO,43,1,42,2333,41,1018,40,1619,39,1354,44,814,45,2032,46,1323,47,2892,48,1208,43.5
2026-04-18 11:16:54 AM,KXATPCHALLENGERMATCH-26APR18TABMMO-MMO,43,1,42,2333,41,1018,40,1619,39,1354,44,596,45,2032,46,1323,47,2892,48,1208,43.5
2026-04-18 11:16:56 AM,KXATPCHALLENGERMATCH-26APR18TABMMO-MMO,43,1,42,2442,41,1018,40,1619,39,1354,44,596,45,2032,46,1323,47,2892,48,1208,43.5
2026-04-18 11:16:56 AM,KXATPCHALLENGERMATCH-26APR18TABMMO-MMO,43,1,42,2442,41,1127,40,1619,39,1354,44,596,45,2032,46,1323,47,2892,48,1208,43.5
2026-04-18 11:19:18 AM,KXATPCHALLENGERMATCH-26APR18TABMMO-MMO,43,1,42,2427,41,1127,40,1619,39,1354,44,596,45,2032,46,1323,47,2892,48,1208,43.5
2026-04-18 11:19:18 AM,KXATPCHALLENGERMATCH-26APR18TABMMO-MMO,43,1,42,2427,41,1117,40,1619,39,1354,44,596,45,2032,46,1323,47,2892,48,1208,43.5
2026-04-18 11:19:18 AM,KXATPCHALLENGERMATCH-26APR18TABMMO-MMO,43,1,42,2427,41,1117,40,1619,39,1354,44,596,45,2017,46,1323,47,2892,48,1208,43.5
2026-04-18 11:19:18 AM,KXATPCHALLENGERMATCH-26APR18TABMMO-MMO,43,1,42,2427,41,1117,40,1619,39,1354,44,596,45,2017,46,1313,47,2892,48,1208,43.5
2026-04-18 11:19:18 AM,KXATPCHALLENGERMATCH-26APR18TABMMO-MMO,43,1,42,2442,41,1117,40,1619,39,1354,44,596,45,2017,46,1313,47,2892,48,1208,43.5
2026-04-18 11:19:18 AM,KXATPCHALLENGERMATCH-26APR18TABMMO-MMO,43,1,42,2442,41,1127,40,1619,39,1354,44,596,45,2017,46,1313,47,2892,48,1208,43.5
2026-04-18 11:19:18 AM,KXATPCHALLENGERMATCH-26APR18TABMMO-MMO,43,1,42,2442,41,1127,40,1619,39,1354,44,596,45,2032,46,1313,47,2892,48,1208,43.5
2026-04-18 11:19:18 AM,KXATPCHALLENGERMATCH-26APR18TABMMO-MMO,43,1,42,2442,41,1127,40,1619,39,1354,44,596,45,2032,46,1323,47,2892,48,1208,43.5
2026-04-18 11:20:31 AM,KXATPCHALLENGERMATCH-26APR18TABMMO-MMO,43,1,42,2427,41,1127,40,1619,39,1354,44,596,45,2032,46,1323,47,2892,48,1208,43.5
2026-04-18 11:20:31 AM,KXATPCHALLENGERMATCH-26APR18TABMMO-MMO,43,1,42,2427,41,1117,40,1619,39,1354,44,596,45,2032,46,1323,47,2892,48,1208,43.5
2026-04-18 11:20:31 AM,KXATPCHALLENGERMATCH-26APR18TABMMO-MMO,43,1,42,2427,41,1117,40,1619,39,1354,44,596,45,2017,46,1323,47,2892,48,1208,43.5
2026-04-18 11:20:31 AM,KXATPCHALLENGERMATCH-26APR18TABMMO-MMO,43,1,42,2427,41,1117,40,1619,39,1354,44,596,45,2017,46,1313,47,2892,48,1208,43.5
2026-04-18 11:20:31 AM,KXATPCHALLENGERMATCH-26APR18TABMMO-MMO,43,1,42,2442,41,1117,40,1619,39,1354,44,596,45,2017,46,1313,47,2892,48,1208,43.5
2026-04-18 11:20:31 AM,KXATPCHALLENGERMATCH-26APR18TABMMO-MMO,43,1,42,2442,41,1127,40,1619,39,1354,44,596,45,2017,46,1313,47,2892,48,1208,43.5
2026-04-18 11:20:31 AM,KXATPCHALLENGERMATCH-26APR18TABMMO-MMO,43,1,42,2442,41,1127,40,1619,39,1354,44,596,45,2032,46,1313,47,2892,48,1208,43.5
2026-04-18 11:20:31 AM,KXATPCHALLENGERMATCH-26APR18TABMMO-MMO,43,1,42,2442,41,1127,40,1619,39,1354,44,596,45,2032,46,1323,47,2892,48,1208,43.5
2026-04-18 11:26:00 AM,KXATPCHALLENGERMATCH-26APR18TABMMO-MMO,43,1,42,2442,41,1127,40,1619,39,1354,44,594,45,2032,46,1323,47,2892,48,1208,43.5
2026-04-18 11:26:01 AM,KXATPCHALLENGERMATCH-26APR18TABMMO-MMO,43,1,42,2443,41,1127,40,1619,39,1354,44,594,45,2032,46,1323,47,2892,48,1208,43.5
2026-04-18 11:26:01 AM,KXATPCHALLENGERMATCH-26APR18TABMMO-MMO,43,1,42,2443,41,1128,40,1619,39,1354,44,594,45,2032,46,1323,47,2892,48,1208,43.5
2026-04-18 11:34:26 AM,KXATPCHALLENGERMATCH-26APR18TABMMO-MMO,43,1,42,2428,41,1128,40,1619,39,1354,44,594,45,2032,46,1323,47,2892,48,1208,43.5
2026-04-18 11:34:26 AM,KXATPCHALLENGERMATCH-26APR18TABMMO-MMO,43,1,42,2428,41,1118,40,1619,39,1354,44,594,45,2032,46,1323,47,2892,48,1208,43.5
2026-04-18 11:34:26 AM,KXATPCHALLENGERMATCH-26APR18TABMMO-MMO,43,1,42,2428,41,1118,40,1619,39,1354,44,594,45,2017,46,1323,47,2892,48,1208,43.5
2026-04-18 11:34:26 AM,KXATPCHALLENGERMATCH-26APR18TABMMO-MMO,43,1,42,2428,41,1118,40,1619,39,1354,44,594,45,2017,46,1313,47,2892,48,1208,43.5
2026-04-18 11:34:40 AM,KXATPCHALLENGERMATCH-26APR18TABMMO-MMO,43,1,42,2443,41,1118,40,1619,39,1354,44,594,45,2017,46,1313,47,2892,48,1208,43.5
2026-04-18 11:34:40 AM,KXATPCHALLENGERMATCH-26APR18TABMMO-MMO,43,1,42,2443,41,1128,40,1619,39,1354,44,594,45,2017,46,1313,47,2892,48,1208,43.5
2026-04-18 11:34:40 AM,KXATPCHALLENGERMATCH-26APR18TABMMO-MMO,43,1,42,2443,41,1128,40,1619,39,1354,44,594,45,2032,46,1313,47,2892,48,1208,43.5
2026-04-18 11:34:40 AM,KXATPCHALLENGERMATCH-26APR18TABMMO-MMO,43,1,42,2443,41,1128,40,1619,39,1354,44,594,45,2032,46,1323,47,2892,48,1208,43.5
2026-04-18 11:39:57 AM,KXATPCHALLENGERMATCH-26APR18TABMMO-MMO,43,1,42,2443,41,1128,40,1619,39,1354,44,590,45,2032,46,1323,47,2892,48,1208,43.5
2026-04-18 11:39:59 AM,KXATPCHALLENGERMATCH-26APR18TABMMO-MMO,43,1,42,2445,41,1128,40,1619,39,1354,44,590,45,2032,46,1323,47,2892,48,1208,43.5
2026-04-18 11:40:00 AM,KXATPCHALLENGERMATCH-26APR18TABMMO-MMO,43,1,42,2445,41,1130,40,1619,39,1354,44,590,45,2032,46,1323,47,2892,48,1208,43.5
2026-04-18 11:43:52 AM,KXATPCHALLENGERMATCH-26APR18TABMMO-MMO,43,1,42,2445,41,1130,40,1619,39,1354,44,580,45,2032,46,1323,47,2892,48,1208,43.5
2026-04-18 11:43:54 AM,KXATPCHALLENGERMATCH-26APR18TABMMO-MMO,43,1,42,2450,41,1130,40,1619,39,1354,44,580,45,2032,46,1323,47,2892,48,1208,43.5
2026-04-18 11:43:54 AM,KXATPCHALLENGERMATCH-26APR18TABMMO-MMO,43,1,42,2450,41,1135,40,1619,39,1354,44,580,45,2032,46,1323,47,2892,48,1208,43.5
2026-04-18 11:44:52 AM,KXATPCHALLENGERMATCH-26APR18TABMMO-MMO,43,1,42,2450,41,1135,40,1619,39,1354,44,581,45,2032,46,1323,47,2892,48,1208,43.5
2026-04-18 11:45:22 AM,KXATPCHALLENGERMATCH-26APR18TABMMO-MMO,43,1,42,2450,41,1135,40,1619,39,1354,44,580,45,2032,46,1323,47,2892,48,1208,43.5
2026-04-18 11:46:12 AM,KXATPCHALLENGERMATCH-26APR18TABMMO-MMO,43,1,42,2450,41,1135,40,1619,39,554,44,580,45,2032,46,1323,47,2892,48,1208,43.5
2026-04-18 11:46:12 AM,KXATPCHALLENGERMATCH-26APR18TABMMO-MMO,43,1,42,2450,41,1135,40,1619,39,554,44,580,45,2032,46,1323,47,2092,48,1208,43.5
2026-04-18 11:46:12 AM,KXATPCHALLENGERMATCH-26APR18TABMMO-MMO,43,1,42,2450,41,1135,40,819,39,554,44,580,45,2032,46,1323,47,2092,48,1208,43.5
2026-04-18 11:46:12 AM,KXATPCHALLENGERMATCH-26APR18TABMMO-MMO,43,1,42,1650,41,1135,40,819,39,554,44,580,45,2032,46,1323,47,2092,48,1208,43.5
2026-04-18 11:46:12 AM,KXATPCHALLENGERMATCH-26APR18TABMMO-MMO,43,1,42,1650,41,1135,40,819,39,554,44,580,45,2032,46,1323,47,2092,48,408,43.5
2026-04-18 11:46:12 AM,KXATPCHALLENGERMATCH-26APR18TABMMO-MMO,43,1,42,1650,41,1135,40,819,39,554,44,580,45,1232,46,1323,47,2092,48,408,43.5
2026-04-18 11:46:13 AM,KXATPCHALLENGERMATCH-26APR18TABMMO-MMO,43,1,42,1650,41,1135,40,819,39,1354,44,580,45,1232,46,1323,47,2092,48,408,43.5
2026-04-18 11:46:13 AM,KXATPCHALLENGERMATCH-26APR18TABMMO-MMO,43,1,42,1650,41,1935,40,819,39,1354,44,580,45,1232,46,1323,47,2092,48,408,43.5
2026-04-18 11:46:13 AM,KXATPCHALLENGERMATCH-26APR18TABMMO-MMO,43,1,42,1650,41,1935,40,819,39,1354,44,1380,45,1232,46,1323,47,2092,48,408,43.5
2026-04-18 11:46:13 AM,KXATPCHALLENGERMATCH-26APR18TABMMO-MMO,43,1,42,1650,41,1935,40,819,39,1354,44,1380,45,1232,46,1323,47,2892,48,408,43.5
2026-04-18 11:46:13 AM,KXATPCHALLENGERMATCH-26APR18TABMMO-MMO,43,1,42,1650,41,1935,40,819,39,1354,44,1380,45,1232,46,2123,47,2892,48,408,43.5
2026-04-18 11:51:02 AM,KXATPCHALLENGERMATCH-26APR18TABMMO-MMO,43,1,42,1650,41,1935,40,819,39,1354,44,1147,45,1232,46,2123,47,2892,48,408,43.5
2026-04-18 11:51:02 AM,KXATPCHALLENGERMATCH-26APR18TABMMO-MMO,43,1,42,1650,41,1935,40,819,39,1354,44,1081,45,1232,46,2123,47,2892,48,408,43.5
2026-04-18 11:51:03 AM,KXATPCHALLENGERMATCH-26APR18TABMMO-MMO,43,1,42,1800,41,1935,40,819,39,1354,44,1081,45,1232,46,2123,47,2892,48,408,43.5
2026-04-18 11:51:04 AM,KXATPCHALLENGERMATCH-26APR18TABMMO-MMO,43,1,42,1800,41,2085,40,819,39,1354,44,1081,45,1232,46,2123,47,2892,48,408,43.5
2026-04-18 11:51:04 AM,KXATPCHALLENGERMATCH-26APR18TABMMO-MMO,43,1,42,1800,41,2085,40,819,39,1354,44,1048,45,1232,46,2123,47,2892,48,408,43.5
2026-04-18 11:51:04 AM,KXATPCHALLENGERMATCH-26APR18TABMMO-MMO,43,1,42,1833,41,2085,40,819,39,1354,44,1048,45,1232,46,2123,47,2892,48,408,43.5
2026-04-18 11:51:05 AM,KXATPCHALLENGERMATCH-26APR18TABMMO-MMO,43,1,42,1833,41,2118,40,819,39,1354,44,1048,45,1232,46,2123,47,2892,48,408,43.5
2026-04-18 11:51:52 AM,KXATPCHALLENGERMATCH-26APR18TABMMO-MMO,43,1,42,1833,41,2118,40,819,39,1354,44,1049,45,1232,46,2123,47,2892,48,408,43.5
2026-04-18 11:52:32 AM,KXATPCHALLENGERMATCH-26APR18TABMMO-MMO,43,1,42,1833,41,2118,40,819,39,1354,44,1048,45,1232,46,2123,47,2892,48,408,43.5
2026-04-18 11:53:04 AM,KXATPCHALLENGERMATCH-26APR18TABMMO-MMO,43,1,42,1833,41,2118,40,819,39,1354,44,1045,45,1232,46,2123,47,2892,48,408,43.5
2026-04-18 11:53:05 AM,KXATPCHALLENGERMATCH-26APR18TABMMO-MMO,43,1,42,1833,41,2118,40,819,39,1354,44,1078,45,1232,46,2123,47,2892,48,408,43.5
2026-04-18 11:53:06 AM,KXATPCHALLENGERMATCH-26APR18TABMMO-MMO,43,1,42,1802,41,2118,40,819,39,1354,44,1078,45,1232,46,2123,47,2892,48,408,43.5
2026-04-18 11:53:06 AM,KXATPCHALLENGERMATCH-26APR18TABMMO-MMO,43,1,42,1802,41,2087,40,819,39,1354,44,1078,45,1232,46,2123,47,2892,48,408,43.5
2026-04-18 11:53:55 AM,KXATPCHALLENGERMATCH-26APR18TABMMO-MMO,43,1,42,1802,41,2087,40,854,39,1354,44,1078,45,1232,46,2123,47,2892,48,408,43.5
2026-04-18 11:53:55 AM,KXATPCHALLENGERMATCH-26APR18TABMMO-MMO,43,1,42,1802,41,2087,40,854,39,1354,44,1113,45,1232,46,2123,47,2892,48,408,43.5
2026-04-18 11:57:32 AM,KXATPCHALLENGERMATCH-26APR18TABMMO-MMO,43,1,42,1802,41,2087,40,854,39,1354,44,1136,45,1232,46,2123,47,2892,48,408,43.5
2026-04-18 11:57:32 AM,KXATPCHALLENGERMATCH-26APR18TABMMO-MMO,43,1,42,1801,41,2087,40,854,39,1354,44,1136,45,1232,46,2123,47,2892,48,408,43.5
2026-04-18 11:57:32 AM,KXATPCHALLENGERMATCH-26APR18TABMMO-MMO,43,1,42,1791,41,2087,40,854,39,1354,44,1136,45,1232,46,2123,47,2892,48,408,43.5
2026-04-18 11:57:32 AM,KXATPCHALLENGERMATCH-26APR18TABMMO-MMO,43,1,42,1791,41,2086,40,854,39,1354,44,1136,45,1232,46,2123,47,2892,48,408,43.5
2026-04-18 11:57:32 AM,KXATPCHALLENGERMATCH-26APR18TABMMO-MMO,43,1,42,1791,41,2076,40,854,39,1354,44,1136,45,1232,46,2123,47,2892,48,408,43.5
2026-04-18 11:57:54 AM,KXATPCHALLENGERMATCH-26APR18TABMMO-MMO,43,1,42,1791,41,2076,40,819,39,1354,44,1136,45,1232,46,2123,47,2892,48,408,43.5
2026-04-18 11:57:54 AM,KXATPCHALLENGERMATCH-26APR18TABMMO-MMO,43,1,42,1791,41,2076,40,819,39,1354,44,1101,45,1232,46,2123,47,2892,48,408,43.5
2026-04-18 11:58:03 AM,KXATPCHALLENGERMATCH-26APR18TABMMO-MMO,43,1,42,1791,41,2076,40,819,39,1354,44,1075,45,1232,46,2123,47,2892,48,408,43.5
2026-04-18 11:58:03 AM,KXATPCHALLENGERMATCH-26APR18TABMMO-MMO,43,1,42,1791,41,2076,40,819,39,1354,44,1101,45,1232,46,2123,47,2892,48,408,43.5
2026-04-18 11:58:06 AM,KXATPCHALLENGERMATCH-26APR18TABMMO-MMO,43,1,42,1791,41,2076,40,819,39,1354,44,1075,45,1232,46,2123,47,2892,48,408,43.5
2026-04-18 11:58:06 AM,KXATPCHALLENGERMATCH-26APR18TABMMO-MMO,43,1,42,1804,41,2076,40,819,39,1354,44,1075,45,1232,46,2123,47,2892,48,408,43.5
2026-04-18 11:58:06 AM,KXATPCHALLENGERMATCH-26APR18TABMMO-MMO,43,1,42,1804,41,2089,40,819,39,1354,44,1075,45,1232,46,2123,47,2892,48,408,43.5
2026-04-18 11:58:12 AM,KXATPCHALLENGERMATCH-26APR18TABMMO-MMO,43,1,42,1789,41,2089,40,819,39,1354,44,1075,45,1232,46,2123,47,2892,48,408,43.5
2026-04-18 11:58:12 AM,KXATPCHALLENGERMATCH-26APR18TABMMO-MMO,43,1,42,1789,41,2089,40,819,39,1354,44,1075,45,1232,46,2113,47,2892,48,408,43.5
2026-04-18 11:58:12 AM,KXATPCHALLENGERMATCH-26APR18TABMMO-MMO,43,1,42,1789,41,2094,40,819,39,1354,44,1075,45,1232,46,2113,47,2892,48,408,43.5
2026-04-18 11:58:12 AM,KXATPCHALLENGERMATCH-26APR18TABMMO-MMO,43,1,42,1789,41,2094,40,829,39,1354,44,1075,45,1232,46,2113,47,2892,48,408,43.5
2026-04-18 11:58:12 AM,KXATPCHALLENGERMATCH-26APR18TABMMO-MMO,43,1,42,1789,41,2094,40,829,39,1354,44,1090,45,1232,46,2113,47,2892,48,408,43.5
2026-04-18 11:58:35 AM,KXATPCHALLENGERMATCH-26APR18TABMMO-MMO,43,1,42,1789,41,2094,40,819,39,1354,44,1090,45,1232,46,2113,47,2892,48,408,43.5
2026-04-18 11:58:35 AM,KXATPCHALLENGERMATCH-26APR18TABMMO-MMO,43,1,42,1789,41,2094,40,819,39,1354,44,1075,45,1232,46,2113,47,2892,48,408,43.5
2026-04-18 11:58:35 AM,KXATPCHALLENGERMATCH-26APR18TABMMO-MMO,43,1,42,1804,41,2094,40,819,39,1354,44,1075,45,1232,46,2113,47,2892,48,408,43.5
2026-04-18 11:58:35 AM,KXATPCHALLENGERMATCH-26APR18TABMMO-MMO,43,1,42,1804,41,2094,40,819,39,1354,44,1075,45,1232,46,2123,47,2892,48,408,43.5
2026-04-18 11:58:35 AM,KXATPCHALLENGERMATCH-26APR18TABMMO-MMO,43,1,42,1804,41,2094,40,829,39,1354,44,1075,45,1232,46,2123,47,2892,48,408,43.5
2026-04-18 11:58:35 AM,KXATPCHALLENGERMATCH-26APR18TABMMO-MMO,43,1,42,1804,41,2094,40,829,39,1354,44,1090,45,1232,46,2123,47,2892,48,408,43.5
2026-04-18 11:58:35 AM,KXATPCHALLENGERMATCH-26APR18TABMMO-MMO,43,1,42,1789,41,2094,40,829,39,1354,44,1090,45,1232,46,2123,47,2892,48,408,43.5
2026-04-18 11:58:35 AM,KXATPCHALLENGERMATCH-26APR18TABMMO-MMO,43,1,42,1789,41,2094,40,829,39,1354,44,1090,45,1232,46,2113,47,2892,48,408,43.5
2026-04-18 11:58:36 AM,KXATPCHALLENGERMATCH-26APR18TABMMO-MMO,43,1,42,1789,41,2094,40,819,39,1354,44,1090,45,1232,46,2113,47,2892,48,408,43.5
2026-04-18 11:58:36 AM,KXATPCHALLENGERMATCH-26APR18TABMMO-MMO,43,1,42,1804,41,2094,40,819,39,1354,44,1090,45,1232,46,2113,47,2892,48,408,43.5
2026-04-18 11:58:36 AM,KXATPCHALLENGERMATCH-26APR18TABMMO-MMO,43,1,42,1804,41,2094,40,819,39,1354,44,1075,45,1232,46,2113,47,2892,48,408,43.5
2026-04-18 11:58:36 AM,KXATPCHALLENGERMATCH-26APR18TABMMO-MMO,43,1,42,1804,41,2094,40,819,39,1354,44,1075,45,1232,46,2123,47,2892,48,408,43.5
2026-04-18 11:58:36 AM,KXATPCHALLENGERMATCH-26APR18TABMMO-MMO,43,1,42,1789,41,2094,40,819,39,1354,44,1075,45,1232,46,2123,47,2892,48,408,43.5
2026-04-18 11:58:36 AM,KXATPCHALLENGERMATCH-26APR18TABMMO-MMO,43,1,42,1789,41,2094,40,819,39,1354,44,1075,45,1232,46,2113,47,2892,48,408,43.5
2026-04-18 11:58:36 AM,KXATPCHALLENGERMATCH-26APR18TABMMO-MMO,43,1,42,1789,41,2094,40,829,39,1354,44,1075,45,1232,46,2113,47,2892,48,408,43.5
2026-04-18 11:58:36 AM,KXATPCHALLENGERMATCH-26APR18TABMMO-MMO,43,1,42,1789,41,2094,40,829,39,1354,44,1090,45,1232,46,2113,47,2892,48,408,43.5
2026-04-18 11:58:57 AM,KXATPCHALLENGERMATCH-26APR18TABMMO-MMO,43,1,42,1789,41,2094,40,829,39,1354,44,1092,45,1232,46,2113,47,2892,48,408,43.5
2026-04-18 11:58:57 AM,KXATPCHALLENGERMATCH-26APR18TABMMO-MMO,43,1,42,1788,41,2094,40,829,39,1354,44,1092,45,1232,46,2113,47,2892,48,408,43.5
2026-04-18 11:58:57 AM,KXATPCHALLENGERMATCH-26APR18TABMMO-MMO,43,1,42,1788,41,2093,40,829,39,1354,44,1092,45,1232,46,2113,47,2892,48,408,43.5
2026-04-18 11:59:10 AM,KXATPCHALLENGERMATCH-26APR18TABMMO-MMO,43,1,42,1788,41,2093,40,829,39,1354,44,1089,45,1232,46,2113,47,2892,48,408,43.5
2026-04-18 11:59:10 AM,KXATPCHALLENGERMATCH-26APR18TABMMO-MMO,43,1,42,1788,41,2093,40,829,39,1354,44,1076,45,1232,46,2113,47,2892,48,408,43.5
2026-04-18 11:59:12 AM,KXATPCHALLENGERMATCH-26APR18TABMMO-MMO,43,1,42,1789,41,2093,40,829,39,1354,44,1076,45,1232,46,2113,47,2892,48,408,43.5
2026-04-18 11:59:12 AM,KXATPCHALLENGERMATCH-26APR18TABMMO-MMO,43,1,42,1789,41,2094,40,829,39,1354,44,1076,45,1232,46,2113,47,2892,48,408,43.5
2026-04-18 11:59:13 AM,KXATPCHALLENGERMATCH-26APR18TABMMO-MMO,43,1,42,1795,41,2094,40,829,39,1354,44,1076,45,1232,46,2113,47,2892,48,408,43.5
2026-04-18 11:59:13 AM,KXATPCHALLENGERMATCH-26APR18TABMMO-MMO,43,1,42,1795,41,2100,40,829,39,1354,44,1076,45,1232,46,2113,47,2892,48,408,43.5
2026-04-18 11:59:27 AM,KXATPCHALLENGERMATCH-26APR18TABMMO-MMO,43,1,42,1795,41,2100,40,829,39,1354,44,1072,45,1232,46,2113,47,2892,48,408,43.5
2026-04-18 11:59:28 AM,KXATPCHALLENGERMATCH-26APR18TABMMO-MMO,43,1,42,1795,41,2100,40,829,39,1354,44,1076,45,1232,46,2113,47,2892,48,408,43.5
2026-04-18 11:59:29 AM,KXATPCHALLENGERMATCH-26APR18TABMMO-MMO,43,1,42,1795,41,2100,40,829,39,1354,44,1072,45,1232,46,2113,47,2892,48,408,43.5
2026-04-18 11:59:30 AM,KXATPCHALLENGERMATCH-26APR18TABMMO-MMO,43,1,42,1797,41,2100,40,829,39,1354,44,1072,45,1232,46,2113,47,2892,48,408,43.5
2026-04-18 11:59:30 AM,KXATPCHALLENGERMATCH-26APR18TABMMO-MMO,43,1,42,1797,41,2102,40,829,39,1354,44,1072,45,1232,46,2113,47,2892,48,408,43.5
2026-04-18 11:59:43 AM,KXATPCHALLENGERMATCH-26APR18TABMMO-MMO,43,1,42,1797,41,2102,40,829,39,1354,44,1073,45,1232,46,2113,47,2892,48,408,43.5
2026-04-18 12:00:17 PM,KXATPCHALLENGERMATCH-26APR18TABMMO-MMO,43,1,42,1797,41,2102,40,829,39,1354,44,947,45,1232,46,2113,47,2892,48,408,43.5
2026-04-18 12:00:17 PM,KXATPCHALLENGERMATCH-26APR18TABMMO-MMO,43,1,42,1797,41,2102,40,829,39,1354,44,943,45,1232,46,2113,47,2892,48,408,43.5
2026-04-18 12:00:19 PM,KXATPCHALLENGERMATCH-26APR18TABMMO-MMO,43,1,42,1797,41,2047,40,829,39,1354,44,943,45,1232,46,2113,47,2892,48,408,43.5
2026-04-18 12:00:19 PM,KXATPCHALLENGERMATCH-26APR18TABMMO-MMO,43,1,42,1797,41,2020,40,829,39,1354,44,943,45,1232,46,2113,47,2892,48,408,43.5
2026-04-18 12:00:19 PM,KXATPCHALLENGERMATCH-26APR18TABMMO-MMO,43,1,42,1797,41,2015,40,829,39,1354,44,943,45,1232,46,2113,47,2892,48,408,43.5
2026-04-18 12:00:19 PM,KXATPCHALLENGERMATCH-26APR18TABMMO-MMO,43,1,42,1797,41,2010,40,829,39,1354,44,943,45,1232,46,2113,47,2892,48,408,43.5
2026-04-18 12:00:19 PM,KXATPCHALLENGERMATCH-26APR18TABMMO-MMO,43,1,42,1797,41,1901,40,829,39,1354,44,943,45,1232,46,2113,47,2892,48,408,43.5
2026-04-18 12:00:19 PM,KXATPCHALLENGERMATCH-26APR18TABMMO-MMO,43,1,42,1797,41,1900,40,829,39,1354,44,943,45,1232,46,2113,47,2892,48,408,43.5
2026-04-18 12:00:19 PM,KXATPCHALLENGERMATCH-26APR18TABMMO-MMO,43,1,42,1797,41,1898,40,829,39,1354,44,943,45,1232,46,2113,47,2892,48,408,43.5
2026-04-18 12:00:19 PM,KXATPCHALLENGERMATCH-26APR18TABMMO-MMO,43,1,42,1797,41,1893,40,829,39,1354,44,943,45,1232,46,2113,47,2892,48,408,43.5
2026-04-18 12:00:19 PM,KXATPCHALLENGERMATCH-26APR18TABMMO-MMO,43,1,42,1797,41,1754,40,829,39,1354,44,943,45,1232,46,2113,47,2892,48,408,43.5
2026-04-18 12:00:19 PM,KXATPCHALLENGERMATCH-26APR18TABMMO-MMO,43,1,42,1797,41,1743,40,829,39,1354,44,943,45,1232,46,2113,47,2892,48,408,43.5
2026-04-18 12:00:19 PM,KXATPCHALLENGERMATCH-26APR18TABMMO-MMO,43,1,42,1797,41,1742,40,829,39,1354,44,943,45,1232,46,2113,47,2892,48,408,43.5
2026-04-18 12:00:19 PM,KXATPCHALLENGERMATCH-26APR18TABMMO-MMO,43,1,42,1797,41,1736,40,829,39,1354,44,943,45,1232,46,2113,47,2892,48,408,43.5
2026-04-18 12:00:19 PM,KXATPCHALLENGERMATCH-26APR18TABMMO-MMO,43,1,42,1797,41,1735,40,829,39,1354,44,943,45,1232,46,2113,47,2892,48,408,43.5
2026-04-18 12:00:19 PM,KXATPCHALLENGERMATCH-26APR18TABMMO-MMO,43,438,42,1797,41,1735,40,829,39,1354,44,943,45,1232,46,2113,47,2892,48,408,43.5
2026-04-18 12:00:19 PM,KXATPCHALLENGERMATCH-26APR18TABMMO-MMO,43,438,42,1812,41,1735,40,829,39,1354,44,943,45,1232,46,2113,47,2892,48,408,43.5
2026-04-18 12:00:19 PM,KXATPCHALLENGERMATCH-26APR18TABMMO-MMO,43,438,42,1812,41,1735,40,829,39,1354,44,943,45,1232,46,2123,47,2892,48,408,43.5
2026-04-18 12:00:19 PM,KXATPCHALLENGERMATCH-26APR18TABMMO-MMO,43,438,42,1812,41,1735,40,819,39,1354,44,943,45,1232,46,2123,47,2892,48,408,43.5
2026-04-18 12:00:19 PM,KXATPCHALLENGERMATCH-26APR18TABMMO-MMO,43,438,42,1812,41,1735,40,819,39,1354,44,928,45,1232,46,2123,47,2892,48,408,43.5
2026-04-18 12:00:19 PM,KXATPCHALLENGERMATCH-26APR18TABMMO-MMO,43,438,42,1875,41,1735,40,819,39,1354,44,928,45,1232,46,2123,47,2892,48,408,43.5
2026-04-18 12:00:19 PM,KXATPCHALLENGERMATCH-26APR18TABMMO-MMO,43,438,42,1875,41,1735,40,819,39,1354,44,1036,45,1232,46,2123,47,2892,48,408,43.5
2026-04-18 12:00:20 PM,KXATPCHALLENGERMATCH-26APR18TABMMO-MMO,43,1,42,1875,41,1735,40,819,39,1354,44,1036,45,1232,46,2123,47,2892,48,408,43.5
2026-04-18 12:00:20 PM,KXATPCHALLENGERMATCH-26APR18TABMMO-MMO,43,1,42,1860,41,1735,40,819,39,1354,44,1036,45,1232,46,2123,47,2892,48,408,43.5
2026-04-18 12:00:20 PM,KXATPCHALLENGERMATCH-26APR18TABMMO-MMO,43,1,42,1860,41,1735,40,819,39,1354,44,1036,45,1232,46,2113,47,2892,48,408,43.5
2026-04-18 12:00:20 PM,KXATPCHALLENGERMATCH-26APR18TABMMO-MMO,43,1,42,1809,41,1735,40,819,39,1354,44,1036,45,1232,46,2113,47,2892,48,408,43.5
2026-04-18 12:00:20 PM,KXATPCHALLENGERMATCH-26APR18TABMMO-MMO,43,1,42,1809,41,1735,40,829,39,1354,44,1036,45,1232,46,2113,47,2892,48,408,43.5
2026-04-18 12:00:20 PM,KXATPCHALLENGERMATCH-26APR18TABMMO-MMO,43,1,42,1809,41,2120,40,829,39,1354,44,1036,45,1232,46,2113,47,2892,48,408,43.5
2026-04-18 12:00:20 PM,KXATPCHALLENGERMATCH-26APR18TABMMO-MMO,43,1,42,1809,41,2120,40,829,39,1354,44,1060,45,1232,46,2113,47,2892,48,408,43.5
2026-04-18 12:00:20 PM,KXATPCHALLENGERMATCH-26APR18TABMMO-MMO,43,1,42,1798,41,2120,40,829,39,1354,44,1060,45,1232,46,2113,47,2892,48,408,43.5
2026-04-18 12:00:20 PM,KXATPCHALLENGERMATCH-26APR18TABMMO-MMO,43,1,42,1798,41,2120,40,829,39,1354,44,1075,45,1232,46,2113,47,2892,48,408,43.5
2026-04-18 12:00:20 PM,KXATPCHALLENGERMATCH-26APR18TABMMO-MMO,43,1,42,1798,41,2108,40,829,39,1354,44,1075,45,1232,46,2113,47,2892,48,408,43.5
2026-04-18 12:00:21 PM,KXATPCHALLENGERMATCH-26APR18TABMMO-MMO,43,1,42,1798,41,1736,40,829,39,1354,44,1075,45,1232,46,2113,47,2892,48,408,43.5
2026-04-18 12:00:21 PM,KXATPCHALLENGERMATCH-26APR18TABMMO-MMO,43,373,42,1798,41,1736,40,829,39,1354,44,1075,45,1232,46,2113,47,2892,48,408,43.5
2026-04-18 12:00:21 PM,KXATPCHALLENGERMATCH-26APR18TABMMO-MMO,43,373,42,1798,41,1736,40,819,39,1354,44,1075,45,1232,46,2113,47,2892,48,408,43.5
2026-04-18 12:00:21 PM,KXATPCHALLENGERMATCH-26APR18TABMMO-MMO,43,373,42,1798,41,1736,40,819,39,1354,44,1060,45,1232,46,2113,47,2892,48,408,43.5
2026-04-18 12:00:21 PM,KXATPCHALLENGERMATCH-26APR18TABMMO-MMO,43,373,42,1813,41,1736,40,819,39,1354,44,1060,45,1232,46,2113,47,2892,48,408,43.5
2026-04-18 12:00:21 PM,KXATPCHALLENGERMATCH-26APR18TABMMO-MMO,43,373,42,1813,41,1736,40,819,39,1354,44,1060,45,1232,46,2123,47,2892,48,408,43.5
2026-04-18 12:00:21 PM,KXATPCHALLENGERMATCH-26APR18TABMMO-MMO,43,1,42,1813,41,1736,40,819,39,1354,44,1060,45,1232,46,2123,47,2892,48,408,43.5
2026-04-18 12:00:21 PM,KXATPCHALLENGERMATCH-26APR18TABMMO-MMO,43,1,42,1798,41,1736,40,819,39,1354,44,1060,45,1232,46,2123,47,2892,48,408,43.5
2026-04-18 12:00:21 PM,KXATPCHALLENGERMATCH-26APR18TABMMO-MMO,43,1,42,1798,41,1736,40,819,39,1354,44,1060,45,1232,46,2113,47,2892,48,408,43.5
2026-04-18 12:00:21 PM,KXATPCHALLENGERMATCH-26APR18TABMMO-MMO,43,1,42,1798,41,1736,40,829,39,1354,44,1060,45,1232,46,2113,47,2892,48,408,43.5
2026-04-18 12:00:21 PM,KXATPCHALLENGERMATCH-26APR18TABMMO-MMO,43,1,42,1798,41,1736,40,829,39,1354,44,1075,45,1232,46,2113,47,2892,48,408,43.5
2026-04-18 12:00:22 PM,KXATPCHALLENGERMATCH-26APR18TABMMO-MMO,43,1,42,1798,41,2108,40,829,39,1354,44,1075,45,1232,46,2113,47,2892,48,408,43.5
2026-04-18 12:00:23 PM,KXATPCHALLENGERMATCH-26APR18TABMMO-MMO,43,1,42,1798,41,2108,40,829,39,1354,44,1076,45,1232,46,2113,47,2892,48,408,43.5
2026-04-18 12:00:27 PM,KXATPCHALLENGERMATCH-26APR18TABMMO-MMO,43,1,42,1798,41,2108,40,819,39,1354,44,1076,45,1232,46,2113,47,2892,48,408,43.5
2026-04-18 12:00:27 PM,KXATPCHALLENGERMATCH-26APR18TABMMO-MMO,43,1,42,1798,41,2108,40,819,39,1354,44,1061,45,1232,46,2113,47,2892,48,408,43.5
2026-04-18 12:00:27 PM,KXATPCHALLENGERMATCH-26APR18TABMMO-MMO,43,1,42,1813,41,2108,40,819,39,1354,44,1061,45,1232,46,2113,47,2892,48,408,43.5
2026-04-18 12:00:27 PM,KXATPCHALLENGERMATCH-26APR18TABMMO-MMO,43,1,42,1813,41,2108,40,819,39,1354,44,1061,45,1232,46,2123,47,2892,48,408,43.5
2026-04-18 12:00:38 PM,KXATPCHALLENGERMATCH-26APR18TABMMO-MMO,43,1,42,1813,41,2108,40,819,39,1354,44,1081,45,1232,46,2123,47,2892,48,408,43.5
2026-04-18 12:00:40 PM,KXATPCHALLENGERMATCH-26APR18TABMMO-MMO,43,1,42,1807,41,2108,40,819,39,1354,44,1081,45,1232,46,2123,47,2892,48,408,43.5
2026-04-18 12:00:40 PM,KXATPCHALLENGERMATCH-26APR18TABMMO-MMO,43,1,42,1806,41,2108,40,819,39,1354,44,1081,45,1232,46,2123,47,2892,48,408,43.5
2026-04-18 12:00:40 PM,KXATPCHALLENGERMATCH-26APR18TABMMO-MMO,43,1,42,1806,41,2098,40,819,39,1354,44,1081,45,1232,46,2123,47,2892,48,408,43.5
2026-04-18 12:01:19 PM,KXATPCHALLENGERMATCH-26APR18TABMMO-MMO,43,1,42,1806,41,2098,40,819,39,1354,44,1080,45,1232,46,2123,47,2892,48,408,43.5
2026-04-18 12:01:20 PM,KXATPCHALLENGERMATCH-26APR18TABMMO-MMO,43,1,42,1806,41,2098,40,819,39,1354,44,1060,45,1232,46,2123,47,2892,48,408,43.5
2026-04-18 12:01:20 PM,KXATPCHALLENGERMATCH-26APR18TABMMO-MMO,43,1,42,1806,41,2098,40,819,39,1354,44,1052,45,1232,46,2123,47,2892,48,408,43.5
2026-04-18 12:01:20 PM,KXATPCHALLENGERMATCH-26APR18TABMMO-MMO,43,1,42,1806,41,2098,40,819,39,1354,44,1021,45,1232,46,2123,47,2892,48,408,43.5
2026-04-18 12:01:20 PM,KXATPCHALLENGERMATCH-26APR18TABMMO-MMO,43,1,42,1806,41,2098,40,819,39,1354,44,988,45,1232,46,2123,47,2892,48,408,43.5
2026-04-18 12:01:20 PM,KXATPCHALLENGERMATCH-26APR18TABMMO-MMO,43,1,42,1806,41,2098,40,819,39,1354,44,965,45,1232,46,2123,47,2892,48,408,43.5
2026-04-18 12:01:20 PM,KXATPCHALLENGERMATCH-26APR18TABMMO-MMO,43,1,42,1806,41,2098,40,819,39,1354,44,963,45,1232,46,2123,47,2892,48,408,43.5
2026-04-18 12:01:20 PM,KXATPCHALLENGERMATCH-26APR18TABMMO-MMO,43,1,42,1806,41,2098,40,819,39,1354,44,962,45,1232,46,2123,47,2892,48,408,43.5
2026-04-18 12:01:20 PM,KXATPCHALLENGERMATCH-26APR18TABMMO-MMO,43,1,42,1806,41,2098,40,819,39,1354,44,854,45,1232,46,2123,47,2892,48,408,43.5
2026-04-18 12:01:20 PM,KXATPCHALLENGERMATCH-26APR18TABMMO-MMO,43,1,42,1806,41,2098,40,819,39,1354,44,830,45,1232,46,2123,47,2892,48,408,43.5
2026-04-18 12:01:20 PM,KXATPCHALLENGERMATCH-26APR18TABMMO-MMO,43,1,42,1806,41,2098,40,819,39,1354,44,810,45,1232,46,2123,47,2892,48,408,43.5
2026-04-18 12:01:20 PM,KXATPCHALLENGERMATCH-26APR18TABMMO-MMO,43,1,42,1806,41,2098,40,819,39,1354,44,810,45,507,46,2123,47,2892,48,408,43.5
2026-04-18 12:01:20 PM,KXATPCHALLENGERMATCH-26APR18TABMMO-MMO,43,1,42,1806,41,2098,40,819,39,1354,44,810,45,507,46,3123,47,2892,48,408,43.5
2026-04-18 12:01:46 PM,KXATPCHALLENGERMATCH-26APR18TABMMO-MMO,43,1,42,1806,41,2098,40,819,39,1354,44,810,45,483,46,3123,47,2892,48,408,43.5
2026-04-18 12:01:46 PM,KXATPCHALLENGERMATCH-26APR18TABMMO-MMO,43,1,42,1818,41,2098,40,819,39,1354,44,810,45,483,46,3123,47,2892,48,408,43.5
2026-04-18 12:01:46 PM,KXATPCHALLENGERMATCH-26APR18TABMMO-MMO,43,1,42,1818,41,2110,40,819,39,1354,44,810,45,483,46,3123,47,2892,48,408,43.5
2026-04-18 12:01:57 PM,KXATPCHALLENGERMATCH-26APR18TABMMO-MMO,43,1,42,1818,41,2110,40,819,39,1354,44,808,45,483,46,3123,47,2892,48,408,43.5
2026-04-18 12:01:59 PM,KXATPCHALLENGERMATCH-26APR18TABMMO-MMO,43,1,42,1818,41,2110,40,819,39,1354,44,810,45,483,46,3123,47,2892,48,408,43.5
2026-04-18 12:02:00 PM,KXATPCHALLENGERMATCH-26APR18TABMMO-MMO,43,1,42,1818,41,2110,40,819,39,1354,44,810,45,493,46,3123,47,2892,48,408,43.5
2026-04-18 12:02:00 PM,KXATPCHALLENGERMATCH-26APR18TABMMO-MMO,43,1,42,1813,41,2110,40,819,39,1354,44,810,45,493,46,3123,47,2892,48,408,43.5
2026-04-18 12:02:00 PM,KXATPCHALLENGERMATCH-26APR18TABMMO-MMO,43,1,42,1813,41,2105,40,819,39,1354,44,810,45,493,46,3123,47,2892,48,408,43.5
2026-04-18 12:02:00 PM,KXATPCHALLENGERMATCH-26APR18TABMMO-MMO,43,1,42,1813,41,2105,40,819,39,1354,44,810,45,503,46,3123,47,2892,48,408,43.5
2026-04-18 12:02:01 PM,KXATPCHALLENGERMATCH-26APR18TABMMO-MMO,43,1,42,1808,41,2105,40,819,39,1354,44,810,45,503,46,3123,47,2892,48,408,43.5
2026-04-18 12:02:01 PM,KXATPCHALLENGERMATCH-26APR18TABMMO-MMO,43,1,42,1808,41,2100,40,819,39,1354,44,810,45,503,46,3123,47,2892,48,408,43.5
2026-04-18 12:02:01 PM,KXATPCHALLENGERMATCH-26APR18TABMMO-MMO,43,1,42,1808,41,2100,40,819,39,1354,44,810,45,513,46,3123,47,2892,48,408,43.5
2026-04-18 12:02:01 PM,KXATPCHALLENGERMATCH-26APR18TABMMO-MMO,43,1,42,1807,41,2100,40,819,39,1354,44,810,45,513,46,3123,47,2892,48,408,43.5
2026-04-18 12:02:01 PM,KXATPCHALLENGERMATCH-26APR18TABMMO-MMO,43,1,42,1804,41,2100,40,819,39,1354,44,810,45,513,46,3123,47,2892,48,408,43.5
2026-04-18 12:02:01 PM,KXATPCHALLENGERMATCH-26APR18TABMMO-MMO,43,1,42,1804,41,2099,40,819,39,1354,44,810,45,513,46,3123,47,2892,48,408,43.5
2026-04-18 12:02:01 PM,KXATPCHALLENGERMATCH-26APR18TABMMO-MMO,43,1,42,1804,41,2096,40,819,39,1354,44,810,45,513,46,3123,47,2892,48,408,43.5
2026-04-18 12:02:02 PM,KXATPCHALLENGERMATCH-26APR18TABMMO-MMO,43,1,42,1804,41,2096,40,819,39,1354,44,810,45,649,46,3123,47,2892,48,408,43.5
2026-04-18 12:02:02 PM,KXATPCHALLENGERMATCH-26APR18TABMMO-MMO,43,1,42,1797,41,2096,40,819,39,1354,44,810,45,649,46,3123,47,2892,48,408,43.5
2026-04-18 12:02:02 PM,KXATPCHALLENGERMATCH-26APR18TABMMO-MMO,43,1,42,1737,41,2096,40,819,39,1354,44,810,45,649,46,3123,47,2892,48,408,43.5
2026-04-18 12:02:02 PM,KXATPCHALLENGERMATCH-26APR18TABMMO-MMO,43,1,42,1737,41,2028,40,819,39,1354,44,810,45,649,46,3123,47,2892,48,408,43.5
2026-04-18 12:02:02 PM,KXATPCHALLENGERMATCH-26APR18TABMMO-MMO,43,1,42,1737,41,2028,40,819,39,1354,44,810,45,682,46,3123,47,2892,48,408,43.5
2026-04-18 12:02:02 PM,KXATPCHALLENGERMATCH-26APR18TABMMO-MMO,43,1,42,1721,41,2028,40,819,39,1354,44,810,45,682,46,3123,47,2892,48,408,43.5
2026-04-18 12:02:03 PM,KXATPCHALLENGERMATCH-26APR18TABMMO-MMO,43,1,42,1721,41,2012,40,819,39,1354,44,810,45,682,46,3123,47,2892,48,408,43.5
2026-04-18 12:02:21 PM,KXATPCHALLENGERMATCH-26APR18TABMMO-MMO,43,1,42,1721,41,2012,40,819,39,1354,44,810,45,717,46,3123,47,2892,48,408,43.5
2026-04-18 12:02:51 PM,KXATPCHALLENGERMATCH-26APR18TABMMO-MMO,43,1,42,1721,41,2012,40,819,39,1354,44,701,45,717,46,3123,47,2892,48,408,43.5
2026-04-18 12:02:52 PM,KXATPCHALLENGERMATCH-26APR18TABMMO-MMO,43,1,42,1721,41,2012,40,819,39,1354,44,811,45,717,46,3123,47,2892,48,408,43.5
2026-04-18 12:03:53 PM,KXATPCHALLENGERMATCH-26APR18TABMMO-MMO,43,1,42,1721,41,2012,40,819,39,1354,44,811,45,717,46,3124,47,2892,48,408,43.5
2026-04-18 12:04:27 PM,KXATPCHALLENGERMATCH-26APR18TABMMO-MMO,43,1,42,1721,41,2012,40,819,39,1354,44,811,45,717,46,3123,47,2892,48,408,43.5
2026-04-18 12:05:59 PM,KXATPCHALLENGERMATCH-26APR18TABMMO-MMO,43,1,42,1721,41,2012,40,819,39,1354,44,811,45,765,46,3123,47,2892,48,408,43.5
2026-04-18 12:06:00 PM,KXATPCHALLENGERMATCH-26APR18TABMMO-MMO,43,1,42,1697,41,2012,40,819,39,1354,44,811,45,765,46,3123,47,2892,48,408,43.5
2026-04-18 12:06:00 PM,KXATPCHALLENGERMATCH-26APR18TABMMO-MMO,43,1,42,1697,41,1988,40,819,39,1354,44,811,45,765,46,3123,47,2892,48,408,43.5
2026-04-18 12:06:00 PM,KXATPCHALLENGERMATCH-26APR18TABMMO-MMO,43,1,42,1697,41,1988,40,819,39,1354,44,811,45,767,46,3123,47,2892,48,408,43.5
2026-04-18 12:06:00 PM,KXATPCHALLENGERMATCH-26APR18TABMMO-MMO,43,1,42,1696,41,1988,40,819,39,1354,44,811,45,767,46,3123,47,2892,48,408,43.5
2026-04-18 12:06:00 PM,KXATPCHALLENGERMATCH-26APR18TABMMO-MMO,43,1,42,1696,41,1987,40,819,39,1354,44,811,45,767,46,3123,47,2892,48,408,43.5
2026-04-18 12:06:01 PM,KXATPCHALLENGERMATCH-26APR18TABMMO-MMO,43,1,42,1696,41,1987,40,819,39,1354,44,811,45,771,46,3123,47,2892,48,408,43.5
2026-04-18 12:06:01 PM,KXATPCHALLENGERMATCH-26APR18TABMMO-MMO,43,1,42,1694,41,1987,40,819,39,1354,44,811,45,771,46,3123,47,2892,48,408,43.5
2026-04-18 12:06:01 PM,KXATPCHALLENGERMATCH-26APR18TABMMO-MMO,43,1,42,1694,41,1985,40,819,39,1354,44,811,45,771,46,3123,47,2892,48,408,43.5
2026-04-18 12:06:02 PM,KXATPCHALLENGERMATCH-26APR18TABMMO-MMO,43,1,42,1694,41,1985,40,819,39,1354,44,811,45,781,46,3123,47,2892,48,408,43.5
2026-04-18 12:06:02 PM,KXATPCHALLENGERMATCH-26APR18TABMMO-MMO,43,1,42,1689,41,1985,40,819,39,1354,44,811,45,781,46,3123,47,2892,48,408,43.5
2026-04-18 12:06:02 PM,KXATPCHALLENGERMATCH-26APR18TABMMO-MMO,43,1,42,1689,41,1980,40,819,39,1354,44,811,45,781,46,3123,47,2892,48,408,43.5
2026-04-18 12:06:14 PM,KXATPCHALLENGERMATCH-26APR18TABMMO-MMO,43,1,42,1685,41,1980,40,819,39,1354,44,811,45,781,46,3123,47,2892,48,408,43.5
2026-04-18 12:06:14 PM,KXATPCHALLENGERMATCH-26APR18TABMMO-MMO,43,1,42,1648,41,1980,40,819,39,1354,44,811,45,781,46,3123,47,2892,48,408,43.5
2026-04-18 12:06:15 PM,KXATPCHALLENGERMATCH-26APR18TABMMO-MMO,43,1,42,1685,41,1980,40,819,39,1354,44,811,45,781,46,3123,47,2892,48,408,43.5
2026-04-18 12:06:16 PM,KXATPCHALLENGERMATCH-26APR18TABMMO-MMO,43,1,42,1685,41,1980,40,819,39,1354,44,811,45,818,46,3123,47,2892,48,408,43.5
2026-04-18 12:06:16 PM,KXATPCHALLENGERMATCH-26APR18TABMMO-MMO,43,1,42,1667,41,1980,40,819,39,1354,44,811,45,818,46,3123,47,2892,48,408,43.5
2026-04-18 12:06:16 PM,KXATPCHALLENGERMATCH-26APR18TABMMO-MMO,43,1,42,1667,41,1962,40,819,39,1354,44,811,45,818,46,3123,47,2892,48,408,43.5
2026-04-18 12:07:57 PM,KXATPCHALLENGERMATCH-26APR18TABMMO-MMO,43,1,42,1667,41,1962,40,815,39,1354,44,811,45,818,46,3123,47,2892,48,408,43.5
2026-04-18 12:07:57 PM,KXATPCHALLENGERMATCH-26APR18TABMMO-MMO,43,1,42,1667,41,1958,40,815,39,1354,44,811,45,818,46,3123,47,2892,48,408,43.5
2026-04-18 12:07:57 PM,KXATPCHALLENGERMATCH-26APR18TABMMO-MMO,43,1,42,1667,41,1958,40,815,39,1350,44,811,45,818,46,3123,47,2892,48,408,43.5
2026-04-18 12:10:36 PM,KXATPCHALLENGERMATCH-26APR18TABMMO-MMO,43,1,42,1667,41,1958,40,815,39,1350,44,811,45,783,46,3123,47,2892,48,408,43.5
2026-04-18 12:10:54 PM,KXATPCHALLENGERMATCH-26APR18TABMMO-MMO,43,1,42,1667,41,1958,40,815,39,1350,44,807,45,783,46,3123,47,2892,48,408,43.5
2026-04-18 12:10:55 PM,KXATPCHALLENGERMATCH-26APR18TABMMO-MMO,43,1,42,1667,41,1958,40,815,39,1350,44,697,45,783,46,3123,47,2892,48,408,43.5
2026-04-18 12:10:55 PM,KXATPCHALLENGERMATCH-26APR18TABMMO-MMO,43,1,42,1667,41,1958,40,815,39,1350,44,811,45,783,46,3123,47,2892,48,408,43.5
2026-04-18 12:11:30 PM,KXATPCHALLENGERMATCH-26APR18TABMMO-MMO,43,1,42,1667,41,1958,40,815,39,1350,44,812,45,783,46,3123,47,2892,48,408,43.5
2026-04-18 12:12:26 PM,KXATPCHALLENGERMATCH-26APR18TABMMO-MMO,43,1,42,1667,41,1958,40,815,39,1350,44,811,45,783,46,3123,47,2892,48,408,43.5
2026-04-18 12:12:43 PM,KXATPCHALLENGERMATCH-26APR18TABMMO-MMO,43,1,42,1667,41,1958,40,815,39,1350,44,785,45,783,46,3123,47,2892,48,408,43.5
2026-04-18 12:12:44 PM,KXATPCHALLENGERMATCH-26APR18TABMMO-MMO,43,1,42,1667,41,1958,40,815,39,1350,44,671,45,783,46,3123,47,2892,48,408,43.5
2026-04-18 12:12:44 PM,KXATPCHALLENGERMATCH-26APR18TABMMO-MMO,43,1,42,1667,41,1958,40,815,39,1350,44,811,45,783,46,3123,47,2892,48,408,43.5
2026-04-18 12:13:43 PM,KXATPCHALLENGERMATCH-26APR18TABMMO-MMO,43,1,42,1062,41,1958,40,815,39,1350,44,811,45,783,46,3123,47,2892,48,408,43.5
2026-04-18 12:13:43 PM,KXATPCHALLENGERMATCH-26APR18TABMMO-MMO,43,1,42,1062,41,1958,40,815,39,1350,44,811,45,1695,46,3123,47,2892,48,408,43.5
2026-04-18 12:13:49 PM,KXATPCHALLENGERMATCH-26APR18TABMMO-MMO,43,1,42,1062,41,1958,40,815,39,1350,44,811,45,1695,46,2123,47,2892,48,408,43.5
2026-04-18 12:13:49 PM,KXATPCHALLENGERMATCH-26APR18TABMMO-MMO,43,1,42,1062,41,1958,40,815,39,1350,44,1365,45,1695,46,2123,47,2892,48,408,43.5
2026-04-18 12:13:49 PM,KXATPCHALLENGERMATCH-26APR18TABMMO-MMO,43,1,42,1062,41,1958,40,815,39,1350,44,1365,45,2140,46,2123,47,2892,48,408,43.5
2026-04-18 12:14:08 PM,KXATPCHALLENGERMATCH-26APR18TABMMO-MMO,43,1,42,1062,41,1958,40,775,39,1350,44,1365,45,2140,46,2123,47,2892,48,408,43.5
2026-04-18 12:14:08 PM,KXATPCHALLENGERMATCH-26APR18TABMMO-MMO,43,1,42,1062,41,1958,40,775,39,1350,44,1365,45,2140,46,2123,47,3069,48,408,43.5
2026-04-18 12:14:08 PM,KXATPCHALLENGERMATCH-26APR18TABMMO-MMO,43,1,42,1062,41,1958,40,775,39,1350,44,1365,45,2140,46,2123,47,3069,48,455,43.5
2026-04-18 12:14:24 PM,KXATPCHALLENGERMATCH-26APR18TABMMO-MMO,43,1,42,1062,41,1958,40,775,39,950,44,1365,45,2140,46,2123,47,3069,48,455,43.5
2026-04-18 12:14:52 PM,KXATPCHALLENGERMATCH-26APR18TABMMO-MMO,43,1,42,1062,41,1958,40,775,39,950,43,1,44,1365,45,2140,46,2123,47,3069,43.0
2026-04-18 12:14:52 PM,KXATPCHALLENGERMATCH-26APR18TABMMO-MMO,43,1,42,1047,41,1958,40,775,39,950,43,1,44,1365,45,2140,46,2123,47,3069,43.0
2026-04-18 12:14:52 PM,KXATPCHALLENGERMATCH-26APR18TABMMO-MMO,43,1,42,1047,41,1958,40,775,39,950,43,1,44,1365,45,2140,46,2113,47,3069,43.0
2026-04-18 12:14:52 PM,KXATPCHALLENGERMATCH-26APR18TABMMO-MMO,43,1,42,1047,41,1958,40,785,39,950,43,1,44,1365,45,2140,46,2113,47,3069,43.0
2026-04-18 12:14:52 PM,KXATPCHALLENGERMATCH-26APR18TABMMO-MMO,43,1,42,1047,41,1958,40,785,39,950,43,1,44,1380,45,2140,46,2113,47,3069,43.0
2026-04-18 12:15:46 PM,KXATPCHALLENGERMATCH-26APR18TABMMO-MMO,43,1,42,1047,41,1958,40,775,39,950,43,1,44,1380,45,2140,46,2113,47,3069,43.0
2026-04-18 12:15:46 PM,KXATPCHALLENGERMATCH-26APR18TABMMO-MMO,43,1,42,1047,41,1958,40,775,39,950,43,1,44,1365,45,2140,46,2113,47,3069,43.0
2026-04-18 12:15:46 PM,KXATPCHALLENGERMATCH-26APR18TABMMO-MMO,43,1,42,1062,41,1958,40,775,39,950,43,1,44,1365,45,2140,46,2113,47,3069,43.0
2026-04-18 12:15:46 PM,KXATPCHALLENGERMATCH-26APR18TABMMO-MMO,43,1,42,1062,41,1958,40,775,39,950,43,1,44,1365,45,2140,46,2123,47,3069,43.0
2026-04-18 12:15:47 PM,KXATPCHALLENGERMATCH-26APR18TABMMO-MMO,43,1,42,1062,41,1958,40,785,39,950,43,1,44,1365,45,2140,46,2123,47,3069,43.0
2026-04-18 12:15:47 PM,KXATPCHALLENGERMATCH-26APR18TABMMO-MMO,43,1,42,1062,41,1958,40,785,39,950,43,1,44,1380,45,2140,46,2123,47,3069,43.0
2026-04-18 12:15:47 PM,KXATPCHALLENGERMATCH-26APR18TABMMO-MMO,43,1,42,1047,41,1958,40,785,39,950,43,1,44,1380,45,2140,46,2123,47,3069,43.0
2026-04-18 12:15:47 PM,KXATPCHALLENGERMATCH-26APR18TABMMO-MMO,43,1,42,1047,41,1958,40,785,39,950,43,1,44,1380,45,2140,46,2113,47,3069,43.0
2026-04-18 12:18:30 PM,KXATPCHALLENGERMATCH-26APR18TABMMO-MMO,43,1,42,1047,41,1958,40,785,39,950,43,1,44,1448,45,2140,46,2113,47,3069,43.0
2026-04-18 12:18:31 PM,KXATPCHALLENGERMATCH-26APR18TABMMO-MMO,43,1,42,1029,41,1958,40,785,39,950,43,1,44,1448,45,2140,46,2113,47,3069,43.0
2026-04-18 12:18:31 PM,KXATPCHALLENGERMATCH-26APR18TABMMO-MMO,43,1,42,1002,41,1958,40,785,39,950,43,1,44,1448,45,2140,46,2113,47,3069,43.0
2026-04-18 12:18:31 PM,KXATPCHALLENGERMATCH-26APR18TABMMO-MMO,43,1,42,997,41,1958,40,785,39,950,43,1,44,1448,45,2140,46,2113,47,3069,43.0
2026-04-18 12:18:31 PM,KXATPCHALLENGERMATCH-26APR18TABMMO-MMO,43,1,42,992,41,1958,40,785,39,950,43,1,44,1448,45,2140,46,2113,47,3069,43.0
2026-04-18 12:18:31 PM,KXATPCHALLENGERMATCH-26APR18TABMMO-MMO,43,1,42,883,41,1958,40,785,39,950,43,1,44,1448,45,2140,46,2113,47,3069,43.0
2026-04-18 12:18:31 PM,KXATPCHALLENGERMATCH-26APR18TABMMO-MMO,43,1,42,882,41,1958,40,785,39,950,43,1,44,1448,45,2140,46,2113,47,3069,43.0
2026-04-18 12:18:31 PM,KXATPCHALLENGERMATCH-26APR18TABMMO-MMO,43,1,42,880,41,1958,40,785,39,950,43,1,44,1448,45,2140,46,2113,47,3069,43.0
2026-04-18 12:18:31 PM,KXATPCHALLENGERMATCH-26APR18TABMMO-MMO,43,1,42,875,41,1958,40,785,39,950,43,1,44,1448,45,2140,46,2113,47,3069,43.0
2026-04-18 12:18:31 PM,KXATPCHALLENGERMATCH-26APR18TABMMO-MMO,43,1,42,846,41,1958,40,785,39,950,43,1,44,1448,45,2140,46,2113,47,3069,43.0
2026-04-18 12:18:31 PM,KXATPCHALLENGERMATCH-26APR18TABMMO-MMO,43,1,42,828,41,1958,40,785,39,950,43,1,44,1448,45,2140,46,2113,47,3069,43.0
2026-04-18 12:18:31 PM,KXATPCHALLENGERMATCH-26APR18TABMMO-MMO,43,1,42,828,41,1924,40,785,39,950,43,1,44,1448,45,2140,46,2113,47,3069,43.0
2026-04-18 12:18:31 PM,KXATPCHALLENGERMATCH-26APR18TABMMO-MMO,43,1,42,828,41,1924,40,973,39,950,43,1,44,1448,45,2140,46,2113,47,3069,43.0
2026-04-18 12:21:04 PM,KXATPCHALLENGERMATCH-26APR18TABMMO-MMO,43,1,42,828,41,1924,40,973,39,950,43,1,44,2006,45,2140,46,2113,47,3069,43.0
2026-04-18 12:21:04 PM,KXATPCHALLENGERMATCH-26APR18TABMMO-MMO,43,1,42,28,41,1924,40,973,39,950,43,1,44,2006,45,2140,46,2113,47,3069,43.0
2026-04-18 12:21:22 PM,KXATPCHALLENGERMATCH-26APR18TABMMO-MMO,43,1,42,28,41,1913,40,973,39,950,43,1,44,2006,45,2140,46,2113,47,3069,43.0
2026-04-18 12:21:59 PM,KXATPCHALLENGERMATCH-26APR18TABMMO-MMO,43,1,42,18,41,1913,40,973,39,950,43,1,44,2006,45,2140,46,2113,47,3069,43.0
2026-04-18 12:21:59 PM,KXATPCHALLENGERMATCH-26APR18TABMMO-MMO,43,1,42,18,41,1923,40,973,39,950,43,1,44,2006,45,2140,46,2113,47,3069,43.0
2026-04-18 12:21:59 PM,KXATPCHALLENGERMATCH-26APR18TABMMO-MMO,43,1,42,18,41,1933,40,973,39,950,43,1,44,2006,45,2140,46,2113,47,3069,43.0
2026-04-18 12:22:00 PM,KXATPCHALLENGERMATCH-26APR18TABMMO-MMO,43,1,42,18,41,1933,40,973,39,950,43,1,44,2006,45,2140,46,2103,47,3069,43.0
2026-04-18 12:22:00 PM,KXATPCHALLENGERMATCH-26APR18TABMMO-MMO,43,1,42,18,41,1933,40,973,39,950,43,1,44,2006,45,2140,46,2093,47,3069,43.0
2026-04-18 12:22:00 PM,KXATPCHALLENGERMATCH-26APR18TABMMO-MMO,43,1,42,18,41,1933,40,973,39,950,43,1,44,2006,45,2150,46,2093,47,3069,43.0
2026-04-18 12:22:00 PM,KXATPCHALLENGERMATCH-26APR18TABMMO-MMO,43,1,42,18,41,1933,40,973,39,950,43,1,44,2006,45,2160,46,2093,47,3069,43.0
2026-04-18 12:24:29 PM,KXATPCHALLENGERMATCH-26APR18TABMMO-MMO,43,1,42,18,41,1933,40,973,39,950,43,1,44,2506,45,2160,46,2093,47,3069,43.0
2026-04-18 12:24:34 PM,KXATPCHALLENGERMATCH-26APR18TABMMO-MMO,43,1,42,18,41,1933,40,973,39,950,43,1,44,2506,45,2660,46,2093,47,3069,43.0
2026-04-18 12:24:38 PM,KXATPCHALLENGERMATCH-26APR18TABMMO-MMO,43,1,42,18,41,1897,40,973,39,950,43,1,44,2506,45,2660,46,2093,47,3069,43.0
2026-04-18 12:24:38 PM,KXATPCHALLENGERMATCH-26APR18TABMMO-MMO,43,1,42,18,41,1897,40,973,39,950,43,37,44,2506,45,2660,46,2093,47,3069,43.0
2026-04-18 12:24:47 PM,KXATPCHALLENGERMATCH-26APR18TABMMO-MMO,43,1,42,18,41,1897,40,973,39,950,43,36,44,2506,45,2660,46,2093,47,3069,43.0
2026-04-18 12:24:47 PM,KXATPCHALLENGERMATCH-26APR18TABMMO-MMO,43,1,42,18,41,1897,40,973,39,950,44,2506,45,2660,46,2093,47,3069,48,455,43.5
2026-04-18 12:24:47 PM,KXATPCHALLENGERMATCH-26APR18TABMMO-MMO,43,1,42,18,41,1897,40,973,39,950,44,1900,45,2660,46,2093,47,3069,48,455,43.5
2026-04-18 12:24:47 PM,KXATPCHALLENGERMATCH-26APR18TABMMO-MMO,43,1,42,18,41,1897,40,973,39,950,44,1849,45,2660,46,2093,47,3069,48,455,43.5
2026-04-18 12:24:47 PM,KXATPCHALLENGERMATCH-26APR18TABMMO-MMO,43,1,42,18,41,1897,40,973,39,150,44,1849,45,2660,46,2093,47,3069,48,455,43.5
2026-04-18 12:24:47 PM,KXATPCHALLENGERMATCH-26APR18TABMMO-MMO,43,1,42,18,41,1097,40,973,39,150,44,1849,45,2660,46,2093,47,3069,48,455,43.5
2026-04-18 12:24:47 PM,KXATPCHALLENGERMATCH-26APR18TABMMO-MMO,43,1,42,18,41,1097,40,973,39,150,44,1849,45,2660,46,2093,47,2269,48,455,43.5
2026-04-18 12:24:47 PM,KXATPCHALLENGERMATCH-26APR18TABMMO-MMO,43,1,42,18,41,1097,40,973,39,150,44,1849,45,2660,46,1293,47,2269,48,455,43.5
2026-04-18 12:24:47 PM,KXATPCHALLENGERMATCH-26APR18TABMMO-MMO,43,1,42,18,41,1097,40,973,39,150,44,1847,45,2660,46,1293,47,2269,48,455,43.5
2026-04-18 12:24:47 PM,KXATPCHALLENGERMATCH-26APR18TABMMO-MMO,43,1,42,18,41,1097,40,973,39,150,44,1707,45,2660,46,1293,47,2269,48,455,43.5
2026-04-18 12:24:47 PM,KXATPCHALLENGERMATCH-26APR18TABMMO-MMO,43,1,42,18,41,1135,40,973,39,150,44,1707,45,2660,46,1293,47,2269,48,455,43.5
2026-04-18 12:24:48 PM,KXATPCHALLENGERMATCH-26APR18TABMMO-MMO,43,1,42,18,41,1135,40,973,39,950,44,1707,45,2660,46,1293,47,2269,48,455,43.5
2026-04-18 12:24:48 PM,KXATPCHALLENGERMATCH-26APR18TABMMO-MMO,43,1,42,18,41,1135,40,1773,39,950,44,1707,45,2660,46,1293,47,2269,48,455,43.5
2026-04-18 12:24:48 PM,KXATPCHALLENGERMATCH-26APR18TABMMO-MMO,43,1,42,818,41,1135,40,1773,39,950,44,1707,45,2660,46,1293,47,2269,48,455,43.5
2026-04-18 12:24:48 PM,KXATPCHALLENGERMATCH-26APR18TABMMO-MMO,43,1,42,818,41,1135,40,1773,39,950,44,1707,45,3460,46,1293,47,2269,48,455,43.5
2026-04-18 12:24:48 PM,KXATPCHALLENGERMATCH-26APR18TABMMO-MMO,43,1,42,818,41,1135,40,1773,39,950,44,1707,45,3460,46,1293,47,2269,48,1255,43.5
2026-04-18 12:24:48 PM,KXATPCHALLENGERMATCH-26APR18TABMMO-MMO,43,1,42,818,41,1135,40,1773,39,950,44,1707,45,3460,46,1293,47,3069,48,1255,43.5
2026-04-18 12:24:48 PM,KXATPCHALLENGERMATCH-26APR18TABMMO-MMO,43,1,42,818,41,1135,40,1585,39,950,44,1707,45,3460,46,1293,47,3069,48,1255,43.5
2026-04-18 12:24:48 PM,KXATPCHALLENGERMATCH-26APR18TABMMO-MMO,43,1,42,1006,41,1135,40,1585,39,950,44,1707,45,3460,46,1293,47,3069,48,1255,43.5
2026-04-18 12:25:35 PM,KXATPCHALLENGERMATCH-26APR18TABMMO-MMO,43,1,42,1006,41,1135,40,1585,39,950,44,1708,45,3460,46,1293,47,3069,48,1255,43.5
2026-04-18 12:26:30 PM,KXATPCHALLENGERMATCH-26APR18TABMMO-MMO,43,1,42,1006,41,1135,40,1585,39,950,44,1707,45,3460,46,1293,47,3069,48,1255,43.5
2026-04-18 12:27:44 PM,KXATPCHALLENGERMATCH-26APR18TABMMO-MMO,43,1,42,1006,41,1135,40,1585,39,950,44,1742,45,3460,46,1293,47,3069,48,1255,43.5
2026-04-18 12:28:35 PM,KXATPCHALLENGERMATCH-26APR18TABMMO-MMO,43,1,42,1006,41,1170,40,1585,39,950,44,1742,45,3460,46,1293,47,3069,48,1255,43.5
2026-04-18 12:28:46 PM,KXATPCHALLENGERMATCH-26APR18TABMMO-MMO,43,1,42,1006,41,1170,40,1585,39,950,44,1742,45,3460,46,1293,47,3119,48,1255,43.5
2026-04-18 12:29:34 PM,KXATPCHALLENGERMATCH-26APR18TABMMO-MMO,43,1,42,1006,41,1170,40,1585,39,950,44,1740,45,3460,46,1293,47,3119,48,1255,43.5
2026-04-18 12:29:34 PM,KXATPCHALLENGERMATCH-26APR18TABMMO-MMO,43,1,42,1007,41,1170,40,1585,39,950,44,1740,45,3460,46,1293,47,3119,48,1255,43.5
2026-04-18 12:29:34 PM,KXATPCHALLENGERMATCH-26APR18TABMMO-MMO,43,1,42,1007,41,1170,40,1585,39,950,44,1705,45,3460,46,1293,47,3119,48,1255,43.5
2026-04-18 12:29:34 PM,KXATPCHALLENGERMATCH-26APR18TABMMO-MMO,43,1,42,1007,41,1135,40,1585,39,950,44,1705,45,3460,46,1293,47,3119,48,1255,43.5
2026-04-18 12:29:34 PM,KXATPCHALLENGERMATCH-26APR18TABMMO-MMO,43,1,42,1007,41,1136,40,1585,39,950,44,1705,45,3460,46,1293,47,3119,48,1255,43.5
2026-04-18 12:30:02 PM,KXATPCHALLENGERMATCH-26APR18TABMMO-MMO,43,1,42,1007,41,1136,40,1585,39,950,44,1695,45,3460,46,1293,47,3119,48,1255,43.5
2026-04-18 12:30:02 PM,KXATPCHALLENGERMATCH-26APR18TABMMO-MMO,43,1,42,1012,41,1136,40,1585,39,950,44,1695,45,3460,46,1293,47,3119,48,1255,43.5
2026-04-18 12:30:02 PM,KXATPCHALLENGERMATCH-26APR18TABMMO-MMO,43,1,42,1012,41,1141,40,1585,39,950,44,1695,45,3460,46,1293,47,3119,48,1255,43.5
2026-04-18 12:31:21 PM,KXATPCHALLENGERMATCH-26APR18TABMMO-MMO,43,1,42,1012,41,1141,40,1585,39,950,44,1685,45,3460,46,1293,47,3119,48,1255,43.5
2026-04-18 12:31:22 PM,KXATPCHALLENGERMATCH-26APR18TABMMO-MMO,43,1,42,1017,41,1141,40,1585,39,950,44,1685,45,3460,46,1293,47,3119,48,1255,43.5
2026-04-18 12:31:22 PM,KXATPCHALLENGERMATCH-26APR18TABMMO-MMO,43,1,42,1017,41,1146,40,1585,39,950,44,1685,45,3460,46,1293,47,3119,48,1255,43.5
2026-04-18 12:31:46 PM,KXATPCHALLENGERMATCH-26APR18TABMMO-MMO,43,1,42,1017,41,1146,40,1585,39,950,44,1685,45,3460,46,1293,47,2471,48,1255,43.5
2026-04-18 12:32:27 PM,KXATPCHALLENGERMATCH-26APR18TABMMO-MMO,43,1,42,1017,41,1146,40,1585,39,950,44,1686,45,3460,46,1293,47,2471,48,1255,43.5
2026-04-18 12:32:46 PM,KXATPCHALLENGERMATCH-26APR18TABMMO-MMO,43,1,42,1017,41,1146,40,1585,39,950,44,1650,45,3460,46,1293,47,2471,48,1255,43.5
2026-04-18 12:32:47 PM,KXATPCHALLENGERMATCH-26APR18TABMMO-MMO,43,1,42,1035,41,1146,40,1585,39,950,44,1650,45,3460,46,1293,47,2471,48,1255,43.5
2026-04-18 12:32:47 PM,KXATPCHALLENGERMATCH-26APR18TABMMO-MMO,43,1,42,1035,41,1164,40,1585,39,950,44,1650,45,3460,46,1293,47,2471,48,1255,43.5
2026-04-18 12:32:47 PM,KXATPCHALLENGERMATCH-26APR18TABMMO-MMO,43,1,42,1035,41,1164,40,1585,39,950,44,1649,45,3460,46,1293,47,2471,48,1255,43.5
2026-04-18 12:34:02 PM,KXATPCHALLENGERMATCH-26APR18TABMMO-MMO,43,1,42,1035,41,1164,40,1585,39,950,44,1650,45,3460,46,1293,47,2471,48,1255,43.5
2026-04-18 12:34:20 PM,KXATPCHALLENGERMATCH-26APR18TABMMO-MMO,43,1,42,1035,41,1164,40,1585,39,950,44,1649,45,3460,46,1293,47,2471,48,1255,43.5
2026-04-18 12:35:00 PM,KXATPCHALLENGERMATCH-26APR18TABMMO-MMO,43,1,42,1035,41,1164,40,1585,39,950,44,1540,45,3460,46,1293,47,2471,48,1255,43.5
2026-04-18 12:35:02 PM,KXATPCHALLENGERMATCH-26APR18TABMMO-MMO,43,1,42,1089,41,1164,40,1585,39,950,44,1540,45,3460,46,1293,47,2471,48,1255,43.5
2026-04-18 12:35:02 PM,KXATPCHALLENGERMATCH-26APR18TABMMO-MMO,43,1,42,1089,41,1218,40,1585,39,950,44,1540,45,3460,46,1293,47,2471,48,1255,43.5
2026-04-18 12:37:38 PM,KXATPCHALLENGERMATCH-26APR18TABMMO-MMO,43,1,42,1089,41,1218,40,1585,39,950,44,1432,45,3460,46,1293,47,2471,48,1255,43.5
