ts_et,ticker,bid_1,bid_1_sz,bid_2,bid_2_sz,bid_3,bid_3_sz,bid_4,bid_4_sz,bid_5,bid_5_sz,ask_1,ask_1_sz,ask_2,ask_2_sz,ask_3,ask_3_sz,ask_4,ask_4_sz,ask_5,ask_5_sz,mid
2026-04-17 09:43:06 PM,KXATPMATCH-26APR18JODFIL-JOD,41,523,40,250,39,3559,38,7191,37,5800,42,21871,43,12688,44,6034,45,5000,51,61,41.5
2026-04-17 09:44:31 PM,KXATPMATCH-26APR18JODFIL-JOD,41,523,40,250,39,3536,38,7191,37,5800,42,21871,43,12688,44,6034,45,5000,51,61,41.5
2026-04-17 09:44:32 PM,KXATPMATCH-26APR18JODFIL-JOD,41,523,40,250,39,3543,38,7191,37,5800,42,21871,43,12688,44,6034,45,5000,51,61,41.5
2026-04-17 09:44:32 PM,KXATPMATCH-26APR18JODFIL-JOD,41,523,40,250,39,3579,38,7191,37,5800,42,21871,43,12688,44,6034,45,5000,51,61,41.5
2026-04-17 09:44:32 PM,KXATPMATCH-26APR18JODFIL-JOD,41,523,40,250,39,3579,38,2191,37,5800,42,21871,43,12688,44,6034,45,5000,51,61,41.5
2026-04-17 09:44:33 PM,KXATPMATCH-26APR18JODFIL-JOD,41,523,40,250,39,3543,38,2191,37,5800,42,21871,43,12688,44,6034,45,5000,51,61,41.5
2026-04-17 09:44:33 PM,KXATPMATCH-26APR18JODFIL-JOD,41,523,40,250,39,3550,38,2191,37,5800,42,21871,43,12688,44,6034,45,5000,51,61,41.5
2026-04-17 09:44:40 PM,KXATPMATCH-26APR18JODFIL-JOD,41,523,40,250,39,3550,38,7191,37,5800,42,21871,43,12688,44,6034,45,5000,51,61,41.5
2026-04-17 09:45:26 PM,KXATPMATCH-26APR18JODFIL-JOD,41,523,40,250,39,3550,38,7191,37,5800,42,21071,43,12688,44,6034,45,5000,51,61,41.5
2026-04-17 09:45:26 PM,KXATPMATCH-26APR18JODFIL-JOD,41,523,40,250,39,3550,38,7191,37,5800,42,21871,43,12688,44,6034,45,5000,51,61,41.5
2026-04-17 09:45:36 PM,KXATPMATCH-26APR18JODFIL-JOD,41,523,40,250,39,1827,38,7191,37,5800,42,21871,43,12688,44,6034,45,5000,51,61,41.5
2026-04-17 09:45:36 PM,KXATPMATCH-26APR18JODFIL-JOD,41,523,40,250,39,510,38,7191,37,5800,42,21871,43,12688,44,6034,45,5000,51,61,41.5
2026-04-17 09:45:37 PM,KXATPMATCH-26APR18JODFIL-JOD,41,523,40,250,39,3556,38,7191,37,5800,42,21871,43,12688,44,6034,45,5000,51,61,41.5
2026-04-17 09:45:37 PM,KXATPMATCH-26APR18JODFIL-JOD,41,523,40,250,39,510,38,7191,37,5800,42,21871,43,12688,44,6034,45,5000,51,61,41.5
2026-04-17 09:45:54 PM,KXATPMATCH-26APR18JODFIL-JOD,41,523,40,250,39,3556,38,7191,37,5800,42,21871,43,12688,44,6034,45,5000,51,61,41.5
2026-04-17 09:46:15 PM,KXATPMATCH-26APR18JODFIL-JOD,41,523,40,250,39,510,38,7191,37,5800,42,21871,43,12688,44,6034,45,5000,51,61,41.5
2026-04-17 09:46:16 PM,KXATPMATCH-26APR18JODFIL-JOD,41,523,40,250,39,3556,38,7191,37,5800,42,21871,43,12688,44,6034,45,5000,51,61,41.5
2026-04-17 09:46:21 PM,KXATPMATCH-26APR18JODFIL-JOD,41,523,40,250,39,510,38,7191,37,5800,42,21871,43,12688,44,6034,45,5000,51,61,41.5
2026-04-17 09:46:24 PM,KXATPMATCH-26APR18JODFIL-JOD,41,523,40,250,39,3556,38,7191,37,5800,42,21871,43,12688,44,6034,45,5000,51,61,41.5
2026-04-17 09:47:02 PM,KXATPMATCH-26APR18JODFIL-JOD,41,493,40,250,39,3556,38,7191,37,5800,42,21871,43,12688,44,6034,45,5000,51,61,41.5
2026-04-17 09:47:18 PM,KXATPMATCH-26APR18JODFIL-JOD,41,493,40,250,39,510,38,7191,37,5800,42,21871,43,12688,44,6034,45,5000,51,61,41.5
2026-04-17 09:47:19 PM,KXATPMATCH-26APR18JODFIL-JOD,41,493,40,250,39,3556,38,7191,37,5800,42,21871,43,12688,44,6034,45,5000,51,61,41.5
2026-04-17 09:47:38 PM,KXATPMATCH-26APR18JODFIL-JOD,41,493,40,250,39,510,38,7191,37,5800,42,21871,43,12688,44,6034,45,5000,51,61,41.5
2026-04-17 09:47:46 PM,KXATPMATCH-26APR18JODFIL-JOD,41,493,40,250,39,3556,38,7191,37,5800,42,21871,43,12688,44,6034,45,5000,51,61,41.5
2026-04-17 09:48:06 PM,KXATPMATCH-26APR18JODFIL-JOD,41,493,40,250,39,3556,38,7191,37,5800,42,21771,43,12688,44,6034,45,5000,51,61,41.5
2026-04-17 09:48:06 PM,KXATPMATCH-26APR18JODFIL-JOD,41,493,40,250,39,3606,38,7191,37,5800,42,21771,43,12688,44,6034,45,5000,51,61,41.5
2026-04-17 09:48:06 PM,KXATPMATCH-26APR18JODFIL-JOD,41,493,40,250,39,3606,38,7241,37,5800,42,21771,43,12688,44,6034,45,5000,51,61,41.5
2026-04-17 09:48:08 PM,KXATPMATCH-26APR18JODFIL-JOD,41,493,40,250,39,3606,38,7241,37,5800,42,20971,43,12688,44,6034,45,5000,51,61,41.5
2026-04-17 09:48:08 PM,KXATPMATCH-26APR18JODFIL-JOD,41,493,40,250,39,3606,38,7241,37,5800,42,21771,43,12688,44,6034,45,5000,51,61,41.5
2026-04-17 09:48:37 PM,KXATPMATCH-26APR18JODFIL-JOD,41,493,40,250,39,560,38,7241,37,5800,42,21771,43,12688,44,6034,45,5000,51,61,41.5
2026-04-17 09:48:38 PM,KXATPMATCH-26APR18JODFIL-JOD,41,493,40,250,39,3606,38,7241,37,5800,42,21771,43,12688,44,6034,45,5000,51,61,41.5
2026-04-17 09:48:38 PM,KXATPMATCH-26APR18JODFIL-JOD,41,493,40,250,39,560,38,7241,37,5800,42,21771,43,12688,44,6034,45,5000,51,61,41.5
2026-04-17 09:48:52 PM,KXATPMATCH-26APR18JODFIL-JOD,41,493,40,250,39,3606,38,7241,37,5800,42,21771,43,12688,44,6034,45,5000,51,61,41.5
2026-04-17 09:49:27 PM,KXATPMATCH-26APR18JODFIL-JOD,41,493,40,3296,39,3606,38,7241,37,5800,42,21771,43,12688,44,6034,45,5000,51,61,41.5
2026-04-17 09:49:27 PM,KXATPMATCH-26APR18JODFIL-JOD,41,493,40,3296,39,560,38,7241,37,5800,42,21771,43,12688,44,6034,45,5000,51,61,41.5
2026-04-17 09:49:28 PM,KXATPMATCH-26APR18JODFIL-JOD,41,493,40,250,39,560,38,7241,37,5800,42,21771,43,12688,44,6034,45,5000,51,61,41.5
2026-04-17 09:49:30 PM,KXATPMATCH-26APR18JODFIL-JOD,41,493,40,250,39,560,38,2241,37,5800,42,21771,43,12688,44,6034,45,5000,51,61,41.5
2026-04-17 09:49:36 PM,KXATPMATCH-26APR18JODFIL-JOD,41,493,40,250,39,3606,38,2241,37,5800,42,21771,43,12688,44,6034,45,5000,51,61,41.5
2026-04-17 09:49:36 PM,KXATPMATCH-26APR18JODFIL-JOD,41,493,40,250,39,3606,38,7241,37,5800,42,21771,43,12688,44,6034,45,5000,51,61,41.5
2026-04-17 09:49:49 PM,KXATPMATCH-26APR18JODFIL-JOD,41,493,40,250,39,3777,38,7241,37,5800,42,21771,43,12688,44,6034,45,5000,51,61,41.5
2026-04-17 09:49:49 PM,KXATPMATCH-26APR18JODFIL-JOD,41,493,40,250,39,8777,38,7241,37,5800,42,21771,43,12688,44,6034,45,5000,51,61,41.5
2026-04-17 09:49:49 PM,KXATPMATCH-26APR18JODFIL-JOD,41,493,40,3296,39,8777,38,7241,37,5800,42,21771,43,12688,44,6034,45,5000,51,61,41.5
2026-04-17 09:49:49 PM,KXATPMATCH-26APR18JODFIL-JOD,41,493,40,3296,39,8777,38,7241,37,5800,42,21771,43,12688,44,9080,45,5000,51,61,41.5
2026-04-17 09:49:49 PM,KXATPMATCH-26APR18JODFIL-JOD,41,493,40,3296,39,8777,38,7241,37,5800,42,21771,43,11371,44,9080,45,5000,51,61,41.5
2026-04-17 09:49:49 PM,KXATPMATCH-26APR18JODFIL-JOD,41,493,40,3296,39,8777,38,7241,37,5800,42,21771,43,9648,44,9080,45,5000,51,61,41.5
2026-04-17 09:49:49 PM,KXATPMATCH-26APR18JODFIL-JOD,41,493,40,3296,39,8777,38,7241,37,800,42,21771,43,9648,44,9080,45,5000,51,61,41.5
2026-04-17 09:49:49 PM,KXATPMATCH-26APR18JODFIL-JOD,41,493,40,3296,39,5731,38,7241,37,800,42,21771,43,9648,44,9080,45,5000,51,61,41.5
2026-04-17 09:49:49 PM,KXATPMATCH-26APR18JODFIL-JOD,41,493,40,3296,39,5731,38,7241,37,800,42,21771,43,9648,44,10180,45,5000,51,61,41.5
2026-04-17 09:49:53 PM,KXATPMATCH-26APR18JODFIL-JOD,41,493,40,250,39,5731,38,7241,37,800,42,21771,43,9648,44,10180,45,5000,51,61,41.5
2026-04-17 09:50:00 PM,KXATPMATCH-26APR18JODFIL-JOD,41,493,40,250,39,8779,38,7241,37,800,42,21771,43,9648,44,10180,45,5000,51,61,41.5
2026-04-17 09:50:00 PM,KXATPMATCH-26APR18JODFIL-JOD,41,493,40,250,39,8779,38,7241,37,800,42,21771,43,12696,44,10180,45,5000,51,61,41.5
2026-04-17 09:50:01 PM,KXATPMATCH-26APR18JODFIL-JOD,41,493,40,250,39,8779,38,7241,37,800,42,21771,43,12696,44,7134,45,5000,51,61,41.5
2026-04-17 09:51:12 PM,KXATPMATCH-26APR18JODFIL-JOD,41,493,40,250,39,8779,38,7241,37,800,42,20971,43,12696,44,7134,45,5000,51,61,41.5
2026-04-17 09:51:12 PM,KXATPMATCH-26APR18JODFIL-JOD,41,493,40,250,39,8779,38,7241,37,800,42,21771,43,12696,44,7134,45,5000,51,61,41.5
2026-04-17 09:51:26 PM,KXATPMATCH-26APR18JODFIL-JOD,41,493,40,250,39,8779,38,7241,37,800,42,20971,43,12696,44,7134,45,5000,51,61,41.5
2026-04-17 09:51:26 PM,KXATPMATCH-26APR18JODFIL-JOD,41,493,40,250,39,8779,38,7241,37,800,42,21771,43,12696,44,7134,45,5000,51,61,41.5
2026-04-17 09:52:00 PM,KXATPMATCH-26APR18JODFIL-JOD,41,523,40,250,39,8779,38,7241,37,800,42,21771,43,12696,44,7134,45,5000,51,61,41.5
2026-04-17 09:52:05 PM,KXATPMATCH-26APR18JODFIL-JOD,41,523,40,250,39,8779,38,7241,37,800,42,20971,43,12696,44,7134,45,5000,51,61,41.5
2026-04-17 09:52:05 PM,KXATPMATCH-26APR18JODFIL-JOD,41,523,40,250,39,8779,38,7241,37,800,42,21771,43,12696,44,7134,45,5000,51,61,41.5
2026-04-17 09:52:09 PM,KXATPMATCH-26APR18JODFIL-JOD,41,523,40,250,39,8779,38,7241,37,2423,42,21771,43,12696,44,7134,45,5000,51,61,41.5
2026-04-17 09:52:13 PM,KXATPMATCH-26APR18JODFIL-JOD,41,523,40,250,39,8779,38,7241,37,2423,42,20971,43,12696,44,7134,45,5000,51,61,41.5
2026-04-17 09:52:13 PM,KXATPMATCH-26APR18JODFIL-JOD,41,523,40,250,39,8779,38,7241,37,2423,42,21771,43,12696,44,7134,45,5000,51,61,41.5
2026-04-17 09:52:46 PM,KXATPMATCH-26APR18JODFIL-JOD,41,523,40,250,39,8779,38,7241,37,2423,42,21771,43,12696,44,6034,45,5000,51,61,41.5
2026-04-17 09:53:44 PM,KXATPMATCH-26APR18JODFIL-JOD,41,523,40,250,39,8779,38,7241,37,2423,42,21721,43,12696,44,6034,45,5000,51,61,41.5
2026-04-17 09:53:44 PM,KXATPMATCH-26APR18JODFIL-JOD,41,523,40,250,39,8804,38,7241,37,2423,42,21721,43,12696,44,6034,45,5000,51,61,41.5
2026-04-17 09:53:44 PM,KXATPMATCH-26APR18JODFIL-JOD,41,523,40,250,39,8804,38,7266,37,2423,42,21721,43,12696,44,6034,45,5000,51,61,41.5
2026-04-17 09:53:47 PM,KXATPMATCH-26APR18JODFIL-JOD,41,523,40,250,39,8804,38,7266,37,2423,42,20921,43,12696,44,6034,45,5000,51,61,41.5
2026-04-17 09:53:47 PM,KXATPMATCH-26APR18JODFIL-JOD,41,523,40,250,39,8804,38,7266,37,2423,42,21721,43,12696,44,6034,45,5000,51,61,41.5
2026-04-17 09:53:49 PM,KXATPMATCH-26APR18JODFIL-JOD,41,523,40,250,39,8804,38,7266,37,2423,42,21267,43,12696,44,6034,45,5000,51,61,41.5
2026-04-17 09:53:50 PM,KXATPMATCH-26APR18JODFIL-JOD,41,523,40,250,39,9031,38,7266,37,2423,42,21267,43,12696,44,6034,45,5000,51,61,41.5
2026-04-17 09:53:50 PM,KXATPMATCH-26APR18JODFIL-JOD,41,523,40,250,39,9031,38,7493,37,2423,42,21267,43,12696,44,6034,45,5000,51,61,41.5
2026-04-17 09:53:52 PM,KXATPMATCH-26APR18JODFIL-JOD,41,523,40,250,39,9031,38,7493,37,2423,42,20467,43,12696,44,6034,45,5000,51,61,41.5
2026-04-17 09:53:52 PM,KXATPMATCH-26APR18JODFIL-JOD,41,523,40,250,39,9031,38,7493,37,2423,42,21267,43,12696,44,6034,45,5000,51,61,41.5
2026-04-17 09:54:11 PM,KXATPMATCH-26APR18JODFIL-JOD,41,523,40,250,39,9031,38,7493,37,2423,42,20467,43,12696,44,6034,45,5000,51,61,41.5
2026-04-17 09:54:11 PM,KXATPMATCH-26APR18JODFIL-JOD,41,523,40,250,39,9031,38,7493,37,2423,42,21267,43,12696,44,6034,45,5000,51,61,41.5
2026-04-17 09:54:42 PM,KXATPMATCH-26APR18JODFIL-JOD,41,523,40,250,39,9031,38,7493,37,2423,42,20467,43,12696,44,6034,45,5000,51,61,41.5
2026-04-17 09:54:42 PM,KXATPMATCH-26APR18JODFIL-JOD,41,523,40,250,39,9031,38,7493,37,2423,42,21267,43,12696,44,6034,45,5000,51,61,41.5
2026-04-17 09:55:34 PM,KXATPMATCH-26APR18JODFIL-JOD,41,523,40,250,39,9031,38,7493,37,2423,42,21272,43,12696,44,6034,45,5000,51,61,41.5
2026-04-17 09:56:26 PM,KXATPMATCH-26APR18JODFIL-JOD,41,523,40,250,39,9031,38,7493,37,2423,42,20472,43,12696,44,6034,45,5000,51,61,41.5
2026-04-17 09:56:26 PM,KXATPMATCH-26APR18JODFIL-JOD,41,523,40,250,39,9031,38,7493,37,2423,42,21272,43,12696,44,6034,45,5000,51,61,41.5
2026-04-17 09:56:38 PM,KXATPMATCH-26APR18JODFIL-JOD,41,523,40,250,39,9031,38,7493,37,2423,42,20472,43,12696,44,6034,45,5000,51,61,41.5
2026-04-17 09:56:38 PM,KXATPMATCH-26APR18JODFIL-JOD,41,523,40,250,39,9031,38,7493,37,2423,42,21272,43,12696,44,6034,45,5000,51,61,41.5
2026-04-17 09:57:25 PM,KXATPMATCH-26APR18JODFIL-JOD,41,428,40,250,39,9031,38,7493,37,2423,42,21272,43,12696,44,6034,45,5000,51,61,41.5
2026-04-17 09:57:25 PM,KXATPMATCH-26APR18JODFIL-JOD,41,428,40,250,39,9031,38,7588,37,2423,42,21272,43,12696,44,6034,45,5000,51,61,41.5
2026-04-17 09:57:26 PM,KXATPMATCH-26APR18JODFIL-JOD,41,428,40,250,39,9031,38,7588,37,2423,42,20472,43,12696,44,6034,45,5000,51,61,41.5
2026-04-17 09:57:26 PM,KXATPMATCH-26APR18JODFIL-JOD,41,428,40,250,39,9031,38,7588,37,2423,42,21272,43,12696,44,6034,45,5000,51,61,41.5
2026-04-17 09:58:35 PM,KXATPMATCH-26APR18JODFIL-JOD,41,428,40,250,39,9031,38,7588,37,2423,42,20472,43,12696,44,6034,45,5000,51,61,41.5
2026-04-17 09:58:35 PM,KXATPMATCH-26APR18JODFIL-JOD,41,428,40,250,39,9031,38,7588,37,2423,42,21272,43,12696,44,6034,45,5000,51,61,41.5
2026-04-17 09:58:35 PM,KXATPMATCH-26APR18JODFIL-JOD,41,428,40,250,39,9031,38,7588,37,2423,42,20472,43,12696,44,6034,45,5000,51,61,41.5
2026-04-17 09:58:35 PM,KXATPMATCH-26APR18JODFIL-JOD,41,428,40,250,39,9031,38,7588,37,2423,42,21272,43,12696,44,6034,45,5000,51,61,41.5
2026-04-17 09:59:18 PM,KXATPMATCH-26APR18JODFIL-JOD,41,428,40,250,39,9031,38,7588,37,2423,42,20472,43,12696,44,6034,45,5000,51,61,41.5
2026-04-17 09:59:18 PM,KXATPMATCH-26APR18JODFIL-JOD,41,428,40,250,39,9031,38,7588,37,2423,42,21272,43,12696,44,6034,45,5000,51,61,41.5
2026-04-17 10:02:08 PM,KXATPMATCH-26APR18JODFIL-JOD,41,428,40,250,39,8860,38,7588,37,2423,42,21272,43,12696,44,6034,45,5000,51,61,41.5
2026-04-17 10:02:08 PM,KXATPMATCH-26APR18JODFIL-JOD,41,428,40,250,39,3860,38,7588,37,2423,42,21272,43,12696,44,6034,45,5000,51,61,41.5
2026-04-17 10:02:08 PM,KXATPMATCH-26APR18JODFIL-JOD,41,428,40,250,39,3975,38,7588,37,2423,42,21272,43,12696,44,6034,45,5000,51,61,41.5
2026-04-17 10:02:08 PM,KXATPMATCH-26APR18JODFIL-JOD,41,428,40,250,39,3975,38,7588,37,7423,42,21272,43,12696,44,6034,45,5000,51,61,41.5
2026-04-17 10:02:26 PM,KXATPMATCH-26APR18JODFIL-JOD,41,428,40,250,39,3975,38,7588,37,7423,42,20472,43,12696,44,6034,45,5000,51,61,41.5
2026-04-17 10:02:26 PM,KXATPMATCH-26APR18JODFIL-JOD,41,428,40,250,39,3975,38,7588,37,7423,42,21272,43,12696,44,6034,45,5000,51,61,41.5
2026-04-17 10:02:26 PM,KXATPMATCH-26APR18JODFIL-JOD,41,428,40,250,39,3975,38,7588,37,7423,42,19107,43,12696,44,6034,45,5000,51,61,41.5
2026-04-17 10:02:42 PM,KXATPMATCH-26APR18JODFIL-JOD,41,428,40,250,39,4064,38,7588,37,7423,42,19107,43,12696,44,6034,45,5000,51,61,41.5
2026-04-17 10:03:08 PM,KXATPMATCH-26APR18JODFIL-JOD,41,428,40,250,39,4064,38,7588,37,7423,42,18307,43,12696,44,6034,45,5000,51,61,41.5
2026-04-17 10:03:08 PM,KXATPMATCH-26APR18JODFIL-JOD,41,428,40,250,39,4064,38,7588,37,7423,42,19107,43,12696,44,6034,45,5000,51,61,41.5
2026-04-17 10:04:47 PM,KXATPMATCH-26APR18JODFIL-JOD,41,428,40,250,39,4064,38,7588,37,7423,42,18307,43,12696,44,6034,45,5000,51,61,41.5
2026-04-17 10:04:47 PM,KXATPMATCH-26APR18JODFIL-JOD,41,428,40,250,39,4064,38,7588,37,7423,42,19107,43,12696,44,6034,45,5000,51,61,41.5
2026-04-17 10:07:00 PM,KXATPMATCH-26APR18JODFIL-JOD,41,398,40,250,39,4064,38,7588,37,7423,42,19107,43,12696,44,6034,45,5000,51,61,41.5
2026-04-17 10:07:26 PM,KXATPMATCH-26APR18JODFIL-JOD,41,398,40,250,39,4064,38,7588,37,7423,42,18307,43,12696,44,6034,45,5000,51,61,41.5
2026-04-17 10:07:26 PM,KXATPMATCH-26APR18JODFIL-JOD,41,398,40,250,39,4064,38,7588,37,7423,42,19107,43,12696,44,6034,45,5000,51,61,41.5
2026-04-17 10:07:38 PM,KXATPMATCH-26APR18JODFIL-JOD,41,398,40,250,39,4064,38,7588,37,7423,42,18307,43,12696,44,6034,45,5000,51,61,41.5
2026-04-17 10:07:38 PM,KXATPMATCH-26APR18JODFIL-JOD,41,398,40,250,39,4064,38,7588,37,7423,42,19107,43,12696,44,6034,45,5000,51,61,41.5
2026-04-17 10:10:39 PM,KXATPMATCH-26APR18JODFIL-JOD,41,398,40,250,39,4064,38,7588,37,7423,42,18307,43,12696,44,6034,45,5000,51,61,41.5
2026-04-17 10:10:39 PM,KXATPMATCH-26APR18JODFIL-JOD,41,398,40,250,39,4064,38,7588,37,7423,42,19107,43,12696,44,6034,45,5000,51,61,41.5
2026-04-17 10:11:27 PM,KXATPMATCH-26APR18JODFIL-JOD,41,398,40,250,39,4064,38,7588,37,7423,42,17034,43,12696,44,6034,45,5000,51,61,41.5
2026-04-17 10:11:54 PM,KXATPMATCH-26APR18JODFIL-JOD,41,428,40,250,39,4064,38,7588,37,7423,42,17034,43,12696,44,6034,45,5000,51,61,41.5
2026-04-17 10:13:26 PM,KXATPMATCH-26APR18JODFIL-JOD,41,428,40,250,39,4064,38,7588,37,7423,42,16234,43,12696,44,6034,45,5000,51,61,41.5
2026-04-17 10:13:26 PM,KXATPMATCH-26APR18JODFIL-JOD,41,428,40,250,39,4064,38,7588,37,7423,42,17034,43,12696,44,6034,45,5000,51,61,41.5
2026-04-17 10:15:13 PM,KXATPMATCH-26APR18JODFIL-JOD,41,428,40,250,39,4064,38,7588,37,7423,42,17012,43,12696,44,6034,45,5000,51,61,41.5
2026-04-17 10:15:14 PM,KXATPMATCH-26APR18JODFIL-JOD,41,428,40,250,39,4075,38,7588,37,7423,42,17012,43,12696,44,6034,45,5000,51,61,41.5
2026-04-17 10:15:14 PM,KXATPMATCH-26APR18JODFIL-JOD,41,428,40,250,39,4075,38,7599,37,7423,42,17012,43,12696,44,6034,45,5000,51,61,41.5
2026-04-17 10:15:17 PM,KXATPMATCH-26APR18JODFIL-JOD,41,428,40,250,39,4075,38,7599,37,7423,42,16212,43,12696,44,6034,45,5000,51,61,41.5
2026-04-17 10:15:17 PM,KXATPMATCH-26APR18JODFIL-JOD,41,428,40,250,39,4075,38,7599,37,7423,42,17012,43,12696,44,6034,45,5000,51,61,41.5
2026-04-17 10:15:38 PM,KXATPMATCH-26APR18JODFIL-JOD,41,428,40,250,39,4075,38,10647,37,7423,42,17012,43,12696,44,6034,45,5000,51,61,41.5
2026-04-17 10:15:38 PM,KXATPMATCH-26APR18JODFIL-JOD,41,428,40,250,39,4075,38,10647,37,7423,42,20060,43,12696,44,6034,45,5000,51,61,41.5
2026-04-17 10:15:38 PM,KXATPMATCH-26APR18JODFIL-JOD,41,428,40,250,39,1027,38,10647,37,7423,42,20060,43,12696,44,6034,45,5000,51,61,41.5
2026-04-17 10:15:38 PM,KXATPMATCH-26APR18JODFIL-JOD,41,428,40,250,39,938,38,10647,37,7423,42,20060,43,12696,44,6034,45,5000,51,61,41.5
2026-04-17 10:15:38 PM,KXATPMATCH-26APR18JODFIL-JOD,41,428,40,250,39,938,38,5647,37,7423,42,20060,43,12696,44,6034,45,5000,51,61,41.5
2026-04-17 10:15:39 PM,KXATPMATCH-26APR18JODFIL-JOD,41,428,40,250,39,938,38,5647,37,2423,42,20060,43,12696,44,6034,45,5000,51,61,41.5
2026-04-17 10:15:39 PM,KXATPMATCH-26APR18JODFIL-JOD,41,428,40,250,39,938,38,5647,37,2423,42,20060,43,9648,44,6034,45,5000,51,61,41.5
2026-04-17 10:15:39 PM,KXATPMATCH-26APR18JODFIL-JOD,41,428,40,250,39,938,38,5647,37,2423,42,17012,43,9648,44,6034,45,5000,51,61,41.5
2026-04-17 10:15:47 PM,KXATPMATCH-26APR18JODFIL-JOD,41,428,40,250,39,3984,38,5647,37,2423,42,17012,43,9648,44,6034,45,5000,51,61,41.5
2026-04-17 10:15:47 PM,KXATPMATCH-26APR18JODFIL-JOD,41,428,40,250,39,3984,38,5647,37,2423,42,17012,43,12694,44,6034,45,5000,51,61,41.5
2026-04-17 10:15:47 PM,KXATPMATCH-26APR18JODFIL-JOD,41,428,40,250,39,3984,38,5647,37,7423,42,17012,43,12694,44,6034,45,5000,51,61,41.5
2026-04-17 10:15:47 PM,KXATPMATCH-26APR18JODFIL-JOD,41,428,40,250,39,3984,38,2599,37,7423,42,17012,43,12694,44,6034,45,5000,51,61,41.5
2026-04-17 10:16:54 PM,KXATPMATCH-26APR18JODFIL-JOD,41,428,40,250,39,3984,38,7599,37,7423,42,17012,43,12694,44,6034,45,5000,51,61,41.5
2026-04-17 10:16:56 PM,KXATPMATCH-26APR18JODFIL-JOD,41,428,40,250,39,3984,38,2599,37,7423,42,17012,43,12694,44,6034,45,5000,51,61,41.5
2026-04-17 10:17:05 PM,KXATPMATCH-26APR18JODFIL-JOD,41,428,40,250,39,3984,38,7599,37,7423,42,17012,43,12694,44,6034,45,5000,51,61,41.5
2026-04-17 10:18:10 PM,KXATPMATCH-26APR18JODFIL-JOD,41,428,40,250,39,3984,38,7599,37,7423,42,16921,43,12694,44,6034,45,5000,51,61,41.5
2026-04-17 10:18:11 PM,KXATPMATCH-26APR18JODFIL-JOD,41,428,40,250,39,4029,38,7599,37,7423,42,16921,43,12694,44,6034,45,5000,51,61,41.5
2026-04-17 10:18:11 PM,KXATPMATCH-26APR18JODFIL-JOD,41,428,40,250,39,4029,38,7644,37,7423,42,16921,43,12694,44,6034,45,5000,51,61,41.5
2026-04-17 10:18:11 PM,KXATPMATCH-26APR18JODFIL-JOD,41,428,40,250,39,4029,38,7644,37,7423,42,16121,43,12694,44,6034,45,5000,51,61,41.5
2026-04-17 10:18:11 PM,KXATPMATCH-26APR18JODFIL-JOD,41,428,40,250,39,4029,38,7644,37,7423,42,16921,43,12694,44,6034,45,5000,51,61,41.5
2026-04-17 10:18:13 PM,KXATPMATCH-26APR18JODFIL-JOD,41,428,40,250,39,4029,38,7644,37,7423,42,19086,43,12694,44,6034,45,5000,51,61,41.5
2026-04-17 10:18:48 PM,KXATPMATCH-26APR18JODFIL-JOD,41,428,40,250,39,4029,38,7644,37,7423,42,18984,43,12694,44,6034,45,5000,51,61,41.5
2026-04-17 10:18:48 PM,KXATPMATCH-26APR18JODFIL-JOD,41,428,40,250,39,4080,38,7644,37,7423,42,18984,43,12694,44,6034,45,5000,51,61,41.5
2026-04-17 10:18:48 PM,KXATPMATCH-26APR18JODFIL-JOD,41,428,40,250,39,4080,38,7695,37,7423,42,18984,43,12694,44,6034,45,5000,51,61,41.5
2026-04-17 10:18:52 PM,KXATPMATCH-26APR18JODFIL-JOD,41,428,40,250,39,4080,38,7695,37,7423,42,18184,43,12694,44,6034,45,5000,51,61,41.5
2026-04-17 10:18:52 PM,KXATPMATCH-26APR18JODFIL-JOD,41,428,40,250,39,4080,38,7695,37,7423,42,18984,43,12694,44,6034,45,5000,51,61,41.5
2026-04-17 10:19:26 PM,KXATPMATCH-26APR18JODFIL-JOD,41,428,40,250,39,4080,38,7695,37,7423,42,18184,43,12694,44,6034,45,5000,51,61,41.5
2026-04-17 10:19:26 PM,KXATPMATCH-26APR18JODFIL-JOD,41,428,40,250,39,4080,38,7695,37,7423,42,18984,43,12694,44,6034,45,5000,51,61,41.5
2026-04-17 10:19:35 PM,KXATPMATCH-26APR18JODFIL-JOD,41,428,40,250,39,4080,38,7695,37,7423,42,18884,43,12694,44,6034,45,5000,51,61,41.5
2026-04-17 10:19:35 PM,KXATPMATCH-26APR18JODFIL-JOD,41,428,40,250,39,4080,38,7665,37,7423,42,18884,43,12694,44,6034,45,5000,51,61,41.5
2026-04-17 10:19:35 PM,KXATPMATCH-26APR18JODFIL-JOD,41,428,40,250,39,4080,38,7615,37,7423,42,18884,43,12694,44,6034,45,5000,51,61,41.5
2026-04-17 10:19:35 PM,KXATPMATCH-26APR18JODFIL-JOD,41,428,40,250,39,4080,38,7590,37,7423,42,18884,43,12694,44,6034,45,5000,51,61,41.5
2026-04-17 10:19:35 PM,KXATPMATCH-26APR18JODFIL-JOD,41,428,40,250,39,4080,38,7363,37,7423,42,18884,43,12694,44,6034,45,5000,51,61,41.5
2026-04-17 10:19:35 PM,KXATPMATCH-26APR18JODFIL-JOD,41,428,40,250,39,4080,38,7352,37,7423,42,18884,43,12694,44,6034,45,5000,51,61,41.5
2026-04-17 10:19:35 PM,KXATPMATCH-26APR18JODFIL-JOD,41,428,40,250,39,4080,38,7307,37,7423,42,18884,43,12694,44,6034,45,5000,51,61,41.5
2026-04-17 10:19:35 PM,KXATPMATCH-26APR18JODFIL-JOD,41,428,40,250,39,4080,38,7256,37,7423,42,18884,43,12694,44,6034,45,5000,51,61,41.5
2026-04-17 10:19:35 PM,KXATPMATCH-26APR18JODFIL-JOD,41,428,40,740,39,4080,38,7256,37,7423,42,18884,43,12694,44,6034,45,5000,51,61,41.5
2026-04-17 10:19:35 PM,KXATPMATCH-26APR18JODFIL-JOD,41,428,40,740,39,4130,38,7256,37,7423,42,18884,43,12694,44,6034,45,5000,51,61,41.5
2026-04-17 10:19:37 PM,KXATPMATCH-26APR18JODFIL-JOD,41,428,40,740,39,4130,38,7256,37,7423,42,18084,43,12694,44,6034,45,5000,51,61,41.5
2026-04-17 10:19:37 PM,KXATPMATCH-26APR18JODFIL-JOD,41,428,40,740,39,4130,38,7256,37,7423,42,18884,43,12694,44,6034,45,5000,51,61,41.5
2026-04-17 10:19:56 PM,KXATPMATCH-26APR18JODFIL-JOD,41,428,40,740,39,4130,38,7256,37,7423,42,18084,43,12694,44,6034,45,5000,51,61,41.5
2026-04-17 10:19:56 PM,KXATPMATCH-26APR18JODFIL-JOD,41,428,40,740,39,4130,38,7256,37,7423,42,18884,43,12694,44,6034,45,5000,51,61,41.5
2026-04-17 10:20:26 PM,KXATPMATCH-26APR18JODFIL-JOD,41,428,40,740,39,4130,38,2256,37,7423,42,18884,43,12694,44,6034,45,5000,51,61,41.5
2026-04-17 10:20:30 PM,KXATPMATCH-26APR18JODFIL-JOD,41,428,40,740,39,4130,38,2256,37,7423,42,18084,43,12694,44,6034,45,5000,51,61,41.5
2026-04-17 10:20:30 PM,KXATPMATCH-26APR18JODFIL-JOD,41,428,40,740,39,4130,38,2256,37,7423,42,18884,43,12694,44,6034,45,5000,51,61,41.5
2026-04-17 10:20:30 PM,KXATPMATCH-26APR18JODFIL-JOD,41,428,40,740,39,4130,38,7256,37,7423,42,18884,43,12694,44,6034,45,5000,51,61,41.5
2026-04-17 10:20:39 PM,KXATPMATCH-26APR18JODFIL-JOD,41,428,40,740,39,4107,38,7256,37,7423,42,18884,43,12694,44,6034,45,5000,51,61,41.5
2026-04-17 10:20:39 PM,KXATPMATCH-26APR18JODFIL-JOD,41,428,40,740,39,3992,38,7256,37,7423,42,18884,43,12694,44,6034,45,5000,51,61,41.5
2026-04-17 10:20:39 PM,KXATPMATCH-26APR18JODFIL-JOD,41,428,40,740,39,3985,38,7256,37,7423,42,18884,43,12694,44,6034,45,5000,51,61,41.5
2026-04-17 10:20:39 PM,KXATPMATCH-26APR18JODFIL-JOD,41,428,40,740,39,4186,38,7256,37,7423,42,18884,43,12694,44,6034,45,5000,51,61,41.5
2026-04-17 10:20:40 PM,KXATPMATCH-26APR18JODFIL-JOD,41,428,40,740,39,3985,38,7256,37,7423,42,18884,43,12694,44,6034,45,5000,51,61,41.5
2026-04-17 10:20:40 PM,KXATPMATCH-26APR18JODFIL-JOD,41,428,40,740,39,4015,38,7256,37,7423,42,18884,43,12694,44,6034,45,5000,51,61,41.5
2026-04-17 10:22:31 PM,KXATPMATCH-26APR18JODFIL-JOD,41,428,40,740,39,4186,38,7256,37,7423,42,18884,43,12694,44,6034,45,5000,51,61,41.5
2026-04-17 10:22:39 PM,KXATPMATCH-26APR18JODFIL-JOD,41,428,40,740,39,4186,38,7256,37,7423,42,18862,43,12694,44,6034,45,5000,51,61,41.5
2026-04-17 10:22:39 PM,KXATPMATCH-26APR18JODFIL-JOD,41,428,40,751,39,4186,38,7256,37,7423,42,18862,43,12694,44,6034,45,5000,51,61,41.5
2026-04-17 10:22:39 PM,KXATPMATCH-26APR18JODFIL-JOD,41,428,40,751,39,4197,38,7256,37,7423,42,18862,43,12694,44,6034,45,5000,51,61,41.5
2026-04-17 10:22:42 PM,KXATPMATCH-26APR18JODFIL-JOD,41,428,40,751,39,4197,38,7256,37,7423,42,18062,43,12694,44,6034,45,5000,51,61,41.5
2026-04-17 10:22:42 PM,KXATPMATCH-26APR18JODFIL-JOD,41,428,40,751,39,4197,38,7256,37,7423,42,18862,43,12694,44,6034,45,5000,51,61,41.5
2026-04-17 10:23:26 PM,KXATPMATCH-26APR18JODFIL-JOD,41,428,40,751,39,4197,38,7256,37,7423,42,18062,43,12694,44,6034,45,5000,51,61,41.5
2026-04-17 10:23:26 PM,KXATPMATCH-26APR18JODFIL-JOD,41,428,40,751,39,4197,38,7256,37,7423,42,18862,43,12694,44,6034,45,5000,51,61,41.5
2026-04-17 10:24:34 PM,KXATPMATCH-26APR18JODFIL-JOD,41,428,40,751,39,4197,38,7256,37,7423,42,18807,43,12694,44,6034,45,5000,51,61,41.5
2026-04-17 10:24:34 PM,KXATPMATCH-26APR18JODFIL-JOD,41,428,40,778,39,4197,38,7256,37,7423,42,18807,43,12694,44,6034,45,5000,51,61,41.5
2026-04-17 10:24:34 PM,KXATPMATCH-26APR18JODFIL-JOD,41,428,40,778,39,4224,38,7256,37,7423,42,18807,43,12694,44,6034,45,5000,51,61,41.5
2026-04-17 10:24:36 PM,KXATPMATCH-26APR18JODFIL-JOD,41,428,40,778,39,4224,38,7256,37,7423,42,18007,43,12694,44,6034,45,5000,51,61,41.5
2026-04-17 10:24:36 PM,KXATPMATCH-26APR18JODFIL-JOD,41,428,40,778,39,4224,38,7256,37,7423,42,18807,43,12694,44,6034,45,5000,51,61,41.5
2026-04-17 10:25:26 PM,KXATPMATCH-26APR18JODFIL-JOD,41,428,40,778,39,4224,38,7256,37,7423,42,18007,43,12694,44,6034,45,5000,51,61,41.5
2026-04-17 10:25:26 PM,KXATPMATCH-26APR18JODFIL-JOD,41,428,40,778,39,4224,38,7256,37,7423,42,18807,43,12694,44,6034,45,5000,51,61,41.5
2026-04-17 10:26:35 PM,KXATPMATCH-26APR18JODFIL-JOD,41,428,40,778,39,4194,38,7256,37,7423,42,18807,43,12694,44,6034,45,5000,51,61,41.5
2026-04-17 10:26:37 PM,KXATPMATCH-26APR18JODFIL-JOD,41,428,40,778,39,4194,38,2256,37,7423,42,18807,43,12694,44,6034,45,5000,51,61,41.5
2026-04-17 10:26:45 PM,KXATPMATCH-26APR18JODFIL-JOD,41,428,40,778,39,4207,38,2256,37,7423,42,18807,43,12694,44,6034,45,5000,51,61,41.5
2026-04-17 10:26:45 PM,KXATPMATCH-26APR18JODFIL-JOD,41,428,40,778,39,4036,38,2256,37,7423,42,18807,43,12694,44,6034,45,5000,51,61,41.5
2026-04-17 10:26:45 PM,KXATPMATCH-26APR18JODFIL-JOD,41,428,40,778,39,4036,38,7256,37,7423,42,18807,43,12694,44,6034,45,5000,51,61,41.5
2026-04-17 10:26:46 PM,KXATPMATCH-26APR18JODFIL-JOD,41,428,40,778,39,4036,38,7256,37,7423,42,18807,43,12694,44,7084,45,5000,51,61,41.5
2026-04-17 10:26:54 PM,KXATPMATCH-26APR18JODFIL-JOD,41,398,40,778,39,4036,38,7256,37,7423,42,18807,43,12694,44,7084,45,5000,51,61,41.5
2026-04-17 10:27:54 PM,KXATPMATCH-26APR18JODFIL-JOD,41,398,40,778,39,4224,38,7256,37,7423,42,18807,43,12694,44,7084,45,5000,51,61,41.5
2026-04-17 10:27:54 PM,KXATPMATCH-26APR18JODFIL-JOD,41,398,40,778,39,9224,38,7256,37,7423,42,18807,43,12694,44,7084,45,5000,51,61,41.5
2026-04-17 10:27:54 PM,KXATPMATCH-26APR18JODFIL-JOD,41,398,40,778,39,9224,38,7256,37,2423,42,18807,43,12694,44,7084,45,5000,51,61,41.5
2026-04-17 10:29:46 PM,KXATPMATCH-26APR18JODFIL-JOD,41,398,40,778,39,9224,38,7256,37,2423,42,18807,43,12694,44,6034,45,5000,51,61,41.5
2026-04-17 10:30:10 PM,KXATPMATCH-26APR18JODFIL-JOD,41,398,40,778,39,9224,38,7256,37,2423,42,18800,43,12694,44,6034,45,5000,51,61,41.5
2026-04-17 10:30:10 PM,KXATPMATCH-26APR18JODFIL-JOD,41,398,40,781,39,9224,38,7256,37,2423,42,18800,43,12694,44,6034,45,5000,51,61,41.5
2026-04-17 10:30:10 PM,KXATPMATCH-26APR18JODFIL-JOD,41,398,40,781,39,9227,38,7256,37,2423,42,18800,43,12694,44,6034,45,5000,51,61,41.5
2026-04-17 10:30:14 PM,KXATPMATCH-26APR18JODFIL-JOD,41,398,40,781,39,9227,38,7256,37,2423,42,18000,43,12694,44,6034,45,5000,51,61,41.5
2026-04-17 10:30:14 PM,KXATPMATCH-26APR18JODFIL-JOD,41,398,40,781,39,9227,38,7256,37,2423,42,18800,43,12694,44,6034,45,5000,51,61,41.5
2026-04-17 10:31:26 PM,KXATPMATCH-26APR18JODFIL-JOD,41,398,40,781,39,9227,38,7256,37,2423,42,18000,43,12694,44,6034,45,5000,51,61,41.5
2026-04-17 10:31:26 PM,KXATPMATCH-26APR18JODFIL-JOD,41,398,40,781,39,9227,38,7256,37,2423,42,18800,43,12694,44,6034,45,5000,51,61,41.5
2026-04-17 10:31:34 PM,KXATPMATCH-26APR18JODFIL-JOD,41,398,40,781,39,9227,38,7256,37,2423,42,18000,43,12694,44,6034,45,5000,51,61,41.5
2026-04-17 10:31:34 PM,KXATPMATCH-26APR18JODFIL-JOD,41,398,40,781,39,9227,38,7256,37,2423,42,18800,43,12694,44,6034,45,5000,51,61,41.5
2026-04-17 10:32:06 PM,KXATPMATCH-26APR18JODFIL-JOD,41,428,40,781,39,9227,38,7256,37,2423,42,18800,43,12694,44,6034,45,5000,51,61,41.5
2026-04-17 10:32:57 PM,KXATPMATCH-26APR18JODFIL-JOD,41,428,40,781,39,9227,38,7256,37,2423,42,20711,43,12694,44,6034,45,5000,51,61,41.5
2026-04-17 10:32:57 PM,KXATPMATCH-26APR18JODFIL-JOD,41,428,40,781,39,9227,38,7256,37,2423,42,20711,43,17694,44,6034,45,5000,51,61,41.5
2026-04-17 10:32:57 PM,KXATPMATCH-26APR18JODFIL-JOD,41,428,40,781,39,9227,38,7256,37,2423,42,20711,43,17694,44,6034,51,61,52,120,41.5
2026-04-17 10:32:58 PM,KXATPMATCH-26APR18JODFIL-JOD,41,428,40,781,39,9227,38,7256,37,2423,42,21777,43,17694,44,6034,51,61,52,120,41.5
2026-04-17 10:32:58 PM,KXATPMATCH-26APR18JODFIL-JOD,41,428,40,781,39,4227,38,7256,37,2423,42,21777,43,17694,44,6034,51,61,52,120,41.5
2026-04-17 10:32:58 PM,KXATPMATCH-26APR18JODFIL-JOD,41,428,40,291,39,4227,38,7256,37,2423,42,21777,43,17694,44,6034,51,61,52,120,41.5
2026-04-17 10:32:58 PM,KXATPMATCH-26APR18JODFIL-JOD,41,428,40,280,39,4227,38,7256,37,2423,42,21777,43,17694,44,6034,51,61,52,120,41.5
2026-04-17 10:32:58 PM,KXATPMATCH-26APR18JODFIL-JOD,41,428,40,253,39,4227,38,7256,37,2423,42,21777,43,17694,44,6034,51,61,52,120,41.5
2026-04-17 10:32:58 PM,KXATPMATCH-26APR18JODFIL-JOD,41,428,40,250,39,4227,38,7256,37,2423,42,21777,43,17694,44,6034,51,61,52,120,41.5
2026-04-17 10:32:58 PM,KXATPMATCH-26APR18JODFIL-JOD,41,428,40,250,39,4224,38,7256,37,2423,42,21777,43,17694,44,6034,51,61,52,120,41.5
2026-04-17 10:32:58 PM,KXATPMATCH-26APR18JODFIL-JOD,41,428,40,250,39,4197,38,7256,37,2423,42,21777,43,17694,44,6034,51,61,52,120,41.5
2026-04-17 10:32:58 PM,KXATPMATCH-26APR18JODFIL-JOD,41,428,40,250,39,4186,38,7256,37,2423,42,21777,43,17694,44,6034,51,61,52,120,41.5
2026-04-17 10:32:58 PM,KXATPMATCH-26APR18JODFIL-JOD,41,428,40,250,39,4136,38,7256,37,2423,42,21777,43,17694,44,6034,51,61,52,120,41.5
2026-04-17 10:32:58 PM,KXATPMATCH-26APR18JODFIL-JOD,41,428,40,250,39,4085,38,7256,37,2423,42,21777,43,17694,44,6034,51,61,52,120,41.5
2026-04-17 10:32:58 PM,KXATPMATCH-26APR18JODFIL-JOD,41,428,40,250,39,4040,38,7256,37,2423,42,21777,43,17694,44,6034,51,61,52,120,41.5
2026-04-17 10:32:58 PM,KXATPMATCH-26APR18JODFIL-JOD,41,428,40,250,39,4029,38,7256,37,2423,42,21777,43,17694,44,6034,51,61,52,120,41.5
2026-04-17 10:32:58 PM,KXATPMATCH-26APR18JODFIL-JOD,41,428,40,250,39,3802,38,7256,37,2423,42,21777,43,17694,44,6034,51,61,52,120,41.5
2026-04-17 10:32:58 PM,KXATPMATCH-26APR18JODFIL-JOD,41,428,40,250,39,3777,38,7256,37,2423,42,21777,43,17694,44,6034,51,61,52,120,41.5
2026-04-17 10:32:58 PM,KXATPMATCH-26APR18JODFIL-JOD,41,428,40,250,39,3727,38,7256,37,2423,42,21777,43,17694,44,6034,51,61,52,120,41.5
2026-04-17 10:32:59 PM,KXATPMATCH-26APR18JODFIL-JOD,41,428,40,250,39,3697,38,7256,37,2423,42,21777,43,17694,44,6034,51,61,52,120,41.5
2026-04-17 10:32:59 PM,KXATPMATCH-26APR18JODFIL-JOD,41,428,40,250,39,3697,38,7256,37,2423,42,20977,43,17694,44,6034,51,61,52,120,41.5
2026-04-17 10:32:59 PM,KXATPMATCH-26APR18JODFIL-JOD,41,428,40,250,39,3697,38,7256,37,2423,42,21777,43,17694,44,6034,51,61,52,120,41.5
2026-04-17 10:33:45 PM,KXATPMATCH-26APR18JODFIL-JOD,41,428,40,250,39,3697,38,7256,37,2423,42,20977,43,17694,44,6034,51,61,52,120,41.5
2026-04-17 10:33:45 PM,KXATPMATCH-26APR18JODFIL-JOD,41,428,40,250,39,3697,38,7256,37,2423,42,21777,43,17694,44,6034,51,61,52,120,41.5
2026-04-17 10:33:45 PM,KXATPMATCH-26APR18JODFIL-JOD,41,428,40,250,39,3697,38,7256,37,7423,42,21777,43,17694,44,6034,51,61,52,120,41.5
2026-04-17 10:34:35 PM,KXATPMATCH-26APR18JODFIL-JOD,41,428,40,250,39,3697,38,7256,37,7423,42,20777,43,17694,44,6034,51,61,52,120,41.5
2026-04-17 10:34:35 PM,KXATPMATCH-26APR18JODFIL-JOD,41,428,40,750,39,3697,38,7256,37,7423,42,20777,43,17694,44,6034,51,61,52,120,41.5
2026-04-17 10:34:35 PM,KXATPMATCH-26APR18JODFIL-JOD,41,428,40,750,39,4197,38,7256,37,7423,42,20777,43,17694,44,6034,51,61,52,120,41.5
2026-04-17 10:34:38 PM,KXATPMATCH-26APR18JODFIL-JOD,41,428,40,750,39,4197,38,7256,37,7423,42,19977,43,17694,44,6034,51,61,52,120,41.5
2026-04-17 10:34:38 PM,KXATPMATCH-26APR18JODFIL-JOD,41,428,40,750,39,4197,38,7256,37,7423,42,20777,43,17694,44,6034,51,61,52,120,41.5
2026-04-17 10:35:20 PM,KXATPMATCH-26APR18JODFIL-JOD,41,428,40,750,39,4197,38,7256,37,7423,42,20771,43,17694,44,6034,51,61,52,120,41.5
2026-04-17 10:35:21 PM,KXATPMATCH-26APR18JODFIL-JOD,41,428,40,753,39,4197,38,7256,37,7423,42,20771,43,17694,44,6034,51,61,52,120,41.5
2026-04-17 10:35:21 PM,KXATPMATCH-26APR18JODFIL-JOD,41,428,40,753,39,4200,38,7256,37,7423,42,20771,43,17694,44,6034,51,61,52,120,41.5
2026-04-17 10:35:22 PM,KXATPMATCH-26APR18JODFIL-JOD,41,428,40,753,39,4200,38,7256,37,7423,42,19971,43,17694,44,6034,51,61,52,120,41.5
2026-04-17 10:35:22 PM,KXATPMATCH-26APR18JODFIL-JOD,41,428,40,753,39,4200,38,7256,37,7423,42,20771,43,17694,44,6034,51,61,52,120,41.5
2026-04-17 10:35:54 PM,KXATPMATCH-26APR18JODFIL-JOD,41,428,40,753,39,4200,38,7256,37,7423,42,20771,43,14648,44,6034,51,61,52,120,41.5
2026-04-17 10:35:54 PM,KXATPMATCH-26APR18JODFIL-JOD,41,428,40,753,39,4200,38,7256,37,7423,42,20771,43,17695,44,6034,51,61,52,120,41.5
2026-04-17 10:36:51 PM,KXATPMATCH-26APR18JODFIL-JOD,41,428,40,753,39,4200,38,7256,37,7423,42,20715,43,17695,44,6034,51,61,52,120,41.5
2026-04-17 10:36:51 PM,KXATPMATCH-26APR18JODFIL-JOD,41,428,40,781,39,4200,38,7256,37,7423,42,20715,43,17695,44,6034,51,61,52,120,41.5
2026-04-17 10:36:51 PM,KXATPMATCH-26APR18JODFIL-JOD,41,428,40,781,39,4228,38,7256,37,7423,42,20715,43,17695,44,6034,51,61,52,120,41.5
2026-04-17 10:36:54 PM,KXATPMATCH-26APR18JODFIL-JOD,41,428,40,781,39,4228,38,7256,37,7423,42,19915,43,17695,44,6034,51,61,52,120,41.5
2026-04-17 10:36:54 PM,KXATPMATCH-26APR18JODFIL-JOD,41,428,40,781,39,4228,38,7256,37,7423,42,20715,43,17695,44,6034,51,61,52,120,41.5
2026-04-17 10:37:26 PM,KXATPMATCH-26APR18JODFIL-JOD,41,428,40,781,39,4228,38,7256,37,7423,42,19915,43,17695,44,6034,51,61,52,120,41.5
2026-04-17 10:37:26 PM,KXATPMATCH-26APR18JODFIL-JOD,41,428,40,781,39,4228,38,7256,37,7423,42,20715,43,17695,44,6034,51,61,52,120,41.5
2026-04-17 10:38:42 PM,KXATPMATCH-26APR18JODFIL-JOD,41,40,40,781,39,4228,38,7256,37,7423,42,20715,43,17695,44,6034,51,61,52,120,41.5
2026-04-17 10:38:42 PM,KXATPMATCH-26APR18JODFIL-JOD,41,30,40,781,39,4228,38,7256,37,7423,42,20715,43,17695,44,6034,51,61,52,120,41.5
2026-04-17 10:38:42 PM,KXATPMATCH-26APR18JODFIL-JOD,40,781,39,4228,38,7256,37,7423,36,400,42,20715,43,17695,44,6034,51,61,52,120,41.0
2026-04-17 10:38:42 PM,KXATPMATCH-26APR18JODFIL-JOD,40,708,39,4228,38,7256,37,7423,36,400,42,20715,43,17695,44,6034,51,61,52,120,41.0
2026-04-17 10:38:42 PM,KXATPMATCH-26APR18JODFIL-JOD,40,708,39,4228,38,7256,37,7423,36,400,42,19553,43,17695,44,6034,51,61,52,120,41.0
2026-04-17 10:38:42 PM,KXATPMATCH-26APR18JODFIL-JOD,40,708,39,4228,38,7256,37,7423,36,400,42,19524,43,17695,44,6034,51,61,52,120,41.0
2026-04-17 10:38:42 PM,KXATPMATCH-26APR18JODFIL-JOD,40,708,39,4228,38,7256,37,7423,36,400,41,1220,42,19524,43,17695,44,6034,51,61,40.5
2026-04-17 10:38:42 PM,KXATPMATCH-26APR18JODFIL-JOD,40,708,39,4228,38,7256,37,7423,36,400,41,1220,42,22571,43,17695,44,6034,51,61,40.5
2026-04-17 10:38:42 PM,KXATPMATCH-26APR18JODFIL-JOD,40,532,39,4228,38,7256,37,7423,36,400,41,1220,42,22571,43,17695,44,6034,51,61,40.5
2026-04-17 10:38:42 PM,KXATPMATCH-26APR18JODFIL-JOD,40,532,39,4228,38,7506,37,7423,36,400,41,1220,42,22571,43,17695,44,6034,51,61,40.5
2026-04-17 10:38:42 PM,KXATPMATCH-26APR18JODFIL-JOD,40,532,39,4228,38,7506,37,7423,36,400,41,1220,42,22571,43,17445,44,6034,51,61,40.5
2026-04-17 10:38:42 PM,KXATPMATCH-26APR18JODFIL-JOD,40,567,39,4228,38,7506,37,7423,36,400,41,1220,42,22571,43,17445,44,6034,51,61,40.5
2026-04-17 10:38:42 PM,KXATPMATCH-26APR18JODFIL-JOD,40,567,39,4228,38,7506,37,7423,36,400,41,1470,42,22571,43,17445,44,6034,51,61,40.5
2026-04-17 10:38:42 PM,KXATPMATCH-26APR18JODFIL-JOD,40,567,39,4228,38,7506,37,7423,36,400,41,1470,42,22571,43,14398,44,6034,51,61,40.5
2026-04-17 10:38:42 PM,KXATPMATCH-26APR18JODFIL-JOD,40,67,39,4228,38,7506,37,7423,36,400,41,1470,42,22571,43,14398,44,6034,51,61,40.5
2026-04-17 10:38:42 PM,KXATPMATCH-26APR18JODFIL-JOD,40,64,39,4228,38,7506,37,7423,36,400,41,1470,42,22571,43,14398,44,6034,51,61,40.5
2026-04-17 10:38:42 PM,KXATPMATCH-26APR18JODFIL-JOD,40,36,39,4228,38,7506,37,7423,36,400,41,1470,42,22571,43,14398,44,6034,51,61,40.5
2026-04-17 10:38:42 PM,KXATPMATCH-26APR18JODFIL-JOD,40,36,39,4228,38,8037,37,7423,36,400,41,1470,42,22571,43,14398,44,6034,51,61,40.5
2026-04-17 10:38:44 PM,KXATPMATCH-26APR18JODFIL-JOD,40,36,39,4228,38,8037,37,7423,36,400,41,1470,42,21771,43,14398,44,6034,51,61,40.5
2026-04-17 10:38:44 PM,KXATPMATCH-26APR18JODFIL-JOD,40,36,39,4228,38,8037,37,7423,36,400,41,1470,42,20971,43,14398,44,6034,51,61,40.5
2026-04-17 10:38:44 PM,KXATPMATCH-26APR18JODFIL-JOD,40,36,39,4228,38,8037,37,7423,36,400,41,2270,42,20971,43,14398,44,6034,51,61,40.5
2026-04-17 10:38:44 PM,KXATPMATCH-26APR18JODFIL-JOD,40,36,39,4228,38,8037,37,7423,36,400,41,2319,42,20971,43,14398,44,6034,51,61,40.5
2026-04-17 10:38:44 PM,KXATPMATCH-26APR18JODFIL-JOD,40,36,39,4228,38,8037,37,7423,36,400,41,2319,42,17924,43,14398,44,6034,51,61,40.5
2026-04-17 10:38:44 PM,KXATPMATCH-26APR18JODFIL-JOD,40,1,39,4228,38,8037,37,7423,36,400,41,2319,42,17924,43,14398,44,6034,51,61,40.5
2026-04-17 10:38:54 PM,KXATPMATCH-26APR18JODFIL-JOD,40,1,39,4228,38,8037,37,7423,36,400,41,2260,42,17924,43,14398,44,6034,51,61,40.5
2026-04-17 10:38:54 PM,KXATPMATCH-26APR18JODFIL-JOD,40,1,39,4228,38,8037,37,7423,36,400,41,2260,42,17923,43,14398,44,6034,51,61,40.5
2026-04-17 10:38:54 PM,KXATPMATCH-26APR18JODFIL-JOD,40,1,39,4228,38,8037,37,7423,36,400,41,2260,42,17922,43,14398,44,6034,51,61,40.5
2026-04-17 10:38:54 PM,KXATPMATCH-26APR18JODFIL-JOD,40,1,39,4228,38,8037,37,7423,36,400,41,2260,42,17922,43,17445,44,6034,51,61,40.5
2026-04-17 10:38:56 PM,KXATPMATCH-26APR18JODFIL-JOD,40,1,39,4228,38,8037,37,7423,36,400,41,2211,42,17922,43,17445,44,6034,51,61,40.5
2026-04-17 10:38:56 PM,KXATPMATCH-26APR18JODFIL-JOD,40,1,39,4228,38,8037,37,7423,36,400,40,49,41,2211,42,17922,43,17445,44,6034,40.0
2026-04-17 10:38:56 PM,KXATPMATCH-26APR18JODFIL-JOD,40,1,39,4228,38,8037,37,7423,36,400,40,173,41,2211,42,17922,43,17445,44,6034,40.0
2026-04-17 10:39:24 PM,KXATPMATCH-26APR18JODFIL-JOD,40,1,39,4228,38,8037,37,7423,36,400,40,173,41,2211,42,17894,43,17445,44,6034,40.0
2026-04-17 10:40:14 PM,KXATPMATCH-26APR18JODFIL-JOD,40,1,39,4233,38,8037,37,7423,36,400,40,173,41,2211,42,17894,43,17445,44,6034,40.0
2026-04-17 10:41:37 PM,KXATPMATCH-26APR18JODFIL-JOD,40,1,39,4233,38,8037,37,7423,36,400,40,173,41,2211,42,17894,43,14398,44,6034,40.0
2026-04-17 10:41:37 PM,KXATPMATCH-26APR18JODFIL-JOD,40,1,39,4233,38,8037,37,7423,36,400,40,173,41,2211,42,17894,43,17445,44,6034,40.0
2026-04-17 10:42:10 PM,KXATPMATCH-26APR18JODFIL-JOD,40,1,39,4233,38,8037,37,7423,36,400,40,173,41,2211,42,17894,43,17445,44,8584,40.0
2026-04-17 10:42:38 PM,KXATPMATCH-26APR18JODFIL-JOD,40,1,39,4233,38,8037,37,7423,36,400,40,173,41,2211,42,17894,43,17445,44,9634,40.0
2026-04-17 10:45:08 PM,KXATPMATCH-26APR18JODFIL-JOD,40,1,39,4233,38,8037,37,7423,36,400,40,173,41,2211,42,17894,43,17445,44,7084,40.0
2026-04-17 10:45:25 PM,KXATPMATCH-26APR18JODFIL-JOD,40,1,39,4233,38,8037,37,7423,36,400,40,173,41,2211,42,17894,43,17445,44,6034,40.0
2026-04-17 10:50:31 PM,KXATPMATCH-26APR18JODFIL-JOD,40,1,39,4233,38,8037,37,7423,36,400,40,171,41,2211,42,17894,43,17445,44,6034,40.0
2026-04-17 10:50:31 PM,KXATPMATCH-26APR18JODFIL-JOD,40,1,39,4233,38,7787,37,7423,36,400,40,171,41,2211,42,17894,43,17445,44,6034,40.0
2026-04-17 10:50:31 PM,KXATPMATCH-26APR18JODFIL-JOD,40,1,39,4483,38,7787,37,7423,36,400,40,171,41,2211,42,17894,43,17445,44,6034,40.0
2026-04-17 10:50:31 PM,KXATPMATCH-26APR18JODFIL-JOD,40,1,39,4483,38,7787,37,7423,36,400,40,171,41,1961,42,17894,43,17445,44,6034,40.0
2026-04-17 10:50:31 PM,KXATPMATCH-26APR18JODFIL-JOD,40,1,39,4483,38,7787,37,7423,36,400,40,171,41,1961,42,18144,43,17445,44,6034,40.0
2026-04-17 10:50:34 PM,KXATPMATCH-26APR18JODFIL-JOD,40,1,39,4483,38,7789,37,7423,36,400,40,171,41,1961,42,18144,43,17445,44,6034,40.0
2026-04-17 10:53:34 PM,KXATPMATCH-26APR18JODFIL-JOD,40,1,39,4483,38,7789,37,7423,36,400,40,160,41,1961,42,18144,43,17445,44,6034,40.0
2026-04-17 10:53:37 PM,KXATPMATCH-26APR18JODFIL-JOD,40,1,39,4483,38,7800,37,7423,36,400,40,160,41,1961,42,18144,43,17445,44,6034,40.0
2026-04-17 10:53:37 PM,KXATPMATCH-26APR18JODFIL-JOD,40,1,39,4483,38,7800,37,7423,36,400,40,161,41,1961,42,18144,43,17445,44,6034,40.0
2026-04-17 10:55:25 PM,KXATPMATCH-26APR18JODFIL-JOD,40,1,39,4483,38,7800,37,7423,36,400,40,161,41,1961,42,18144,43,17445,44,12134,40.0
2026-04-17 10:55:26 PM,KXATPMATCH-26APR18JODFIL-JOD,40,1,39,4483,38,7800,37,7423,36,400,40,161,41,1961,42,18144,43,17445,44,12135,40.0
2026-04-17 10:55:26 PM,KXATPMATCH-26APR18JODFIL-JOD,40,1,39,4483,38,7800,37,7423,36,400,40,161,41,1961,42,18144,43,17445,44,12134,40.0
2026-04-17 10:56:25 PM,KXATPMATCH-26APR18JODFIL-JOD,40,1,39,4483,38,7800,37,7423,36,400,40,161,41,1961,42,18144,43,17445,44,6034,40.0
2026-04-17 10:57:55 PM,KXATPMATCH-26APR18JODFIL-JOD,40,1,39,4483,38,7800,37,7423,36,400,40,161,41,1961,42,18144,43,14398,44,6034,40.0
2026-04-17 10:57:55 PM,KXATPMATCH-26APR18JODFIL-JOD,40,1,39,4483,38,7800,37,7423,36,400,40,161,41,1961,42,18144,43,14398,44,12134,40.0
2026-04-17 10:58:00 PM,KXATPMATCH-26APR18JODFIL-JOD,40,1,39,4483,38,7800,37,7423,36,400,40,161,41,1961,42,18144,43,17445,44,12134,40.0
2026-04-17 10:59:56 PM,KXATPMATCH-26APR18JODFIL-JOD,40,1,39,4483,38,7800,37,7423,36,400,40,161,41,1961,42,18144,43,17445,44,6034,40.0
2026-04-17 11:00:10 PM,KXATPMATCH-26APR18JODFIL-JOD,40,1,39,4483,38,7800,37,7423,36,400,40,161,41,2461,42,18144,43,17445,44,6034,40.0
2026-04-17 11:00:10 PM,KXATPMATCH-26APR18JODFIL-JOD,40,1,39,4483,38,7900,37,7423,36,400,40,161,41,2461,42,18144,43,17445,44,6034,40.0
2026-04-17 11:00:19 PM,KXATPMATCH-26APR18JODFIL-JOD,40,1,39,4483,38,7900,37,7423,36,400,40,161,41,1961,42,18144,43,17445,44,6034,40.0
2026-04-17 11:00:19 PM,KXATPMATCH-26APR18JODFIL-JOD,40,1,39,4483,38,7800,37,7423,36,400,40,161,41,1961,42,18144,43,17445,44,6034,40.0
2026-04-17 11:00:24 PM,KXATPMATCH-26APR18JODFIL-JOD,40,1,39,4483,38,7800,37,7423,36,400,40,161,41,1961,42,18144,43,14398,44,6034,40.0
2026-04-17 11:00:24 PM,KXATPMATCH-26APR18JODFIL-JOD,40,1,39,4483,38,7800,37,7423,36,400,40,161,41,1961,42,18144,43,14398,44,9134,40.0
2026-04-17 11:00:24 PM,KXATPMATCH-26APR18JODFIL-JOD,40,1,39,4483,38,7800,37,7423,36,400,40,161,41,1961,42,18144,43,17445,44,9134,40.0
2026-04-17 11:00:40 PM,KXATPMATCH-26APR18JODFIL-JOD,40,1,39,9483,38,7800,37,7423,36,400,40,161,41,1961,42,18144,43,17445,44,9134,40.0
2026-04-17 11:00:40 PM,KXATPMATCH-26APR18JODFIL-JOD,40,1,39,9483,38,7800,37,2423,36,400,40,161,41,1961,42,18144,43,17445,44,9134,40.0
2026-04-17 11:01:27 PM,KXATPMATCH-26APR18JODFIL-JOD,40,1,39,9483,38,7800,37,2423,36,400,40,161,41,1961,42,18144,43,17446,44,9134,40.0
2026-04-17 11:01:27 PM,KXATPMATCH-26APR18JODFIL-JOD,40,1,39,9483,38,7800,37,2423,36,400,40,161,41,1961,42,18144,43,11046,44,9134,40.0
2026-04-17 11:01:27 PM,KXATPMATCH-26APR18JODFIL-JOD,40,1,39,9483,38,7800,37,2423,36,400,40,161,41,13699,42,18144,43,11046,44,9134,40.0
2026-04-17 11:01:27 PM,KXATPMATCH-26APR18JODFIL-JOD,40,1,39,9483,38,7800,37,2423,36,400,40,161,41,13699,42,18144,43,11045,44,9134,40.0
2026-04-17 11:01:27 PM,KXATPMATCH-26APR18JODFIL-JOD,40,1,39,9233,38,7800,37,2423,36,400,40,161,41,13699,42,18144,43,11045,44,9134,40.0
2026-04-17 11:01:27 PM,KXATPMATCH-26APR18JODFIL-JOD,40,1,39,9233,38,8050,37,2423,36,400,40,161,41,13699,42,18144,43,11045,44,9134,40.0
2026-04-17 11:01:27 PM,KXATPMATCH-26APR18JODFIL-JOD,40,1,39,9233,38,8050,37,2423,36,400,40,161,41,13699,42,17894,43,11045,44,9134,40.0
2026-04-17 11:01:27 PM,KXATPMATCH-26APR18JODFIL-JOD,40,1,39,9233,38,8050,37,2423,36,400,40,161,41,13949,42,17894,43,11045,44,9134,40.0
2026-04-17 11:01:28 PM,KXATPMATCH-26APR18JODFIL-JOD,40,1,39,9233,38,8050,37,2423,36,400,40,161,41,13949,42,16828,43,11045,44,9134,40.0
2026-04-17 11:01:28 PM,KXATPMATCH-26APR18JODFIL-JOD,40,1,39,9233,38,8050,37,2423,36,400,40,161,41,13949,42,16717,43,11045,44,9134,40.0
2026-04-17 11:01:28 PM,KXATPMATCH-26APR18JODFIL-JOD,40,1,39,9233,38,8050,37,2423,36,400,40,161,41,13949,42,16362,43,11045,44,9134,40.0
2026-04-17 11:01:28 PM,KXATPMATCH-26APR18JODFIL-JOD,40,1,39,9233,38,8050,37,2423,36,400,40,161,41,13949,42,16282,43,11045,44,9134,40.0
2026-04-17 11:01:28 PM,KXATPMATCH-26APR18JODFIL-JOD,40,1,39,9233,38,8050,37,2423,36,400,40,161,41,13949,42,16274,43,11045,44,9134,40.0
2026-04-17 11:01:29 PM,KXATPMATCH-26APR18JODFIL-JOD,40,1,39,9233,38,8050,37,2423,36,400,40,161,41,13949,42,16223,43,11045,44,9134,40.0
2026-04-17 11:01:29 PM,KXATPMATCH-26APR18JODFIL-JOD,40,1,39,9233,38,8050,37,2423,36,400,40,161,41,13949,42,16213,43,11045,44,9134,40.0
2026-04-17 11:01:29 PM,KXATPMATCH-26APR18JODFIL-JOD,40,1,39,9233,38,8050,37,2423,36,400,40,161,41,13949,42,13788,43,11045,44,9134,40.0
2026-04-17 11:01:29 PM,KXATPMATCH-26APR18JODFIL-JOD,40,1,39,9233,38,8050,37,2423,36,400,40,161,41,13949,42,13539,43,11045,44,9134,40.0
2026-04-17 11:01:29 PM,KXATPMATCH-26APR18JODFIL-JOD,40,1,39,9233,38,8050,37,2423,36,400,40,161,41,13949,42,13536,43,11045,44,9134,40.0
2026-04-17 11:01:29 PM,KXATPMATCH-26APR18JODFIL-JOD,40,1,39,9233,38,8050,37,2423,36,400,40,161,41,13949,42,13512,43,11045,44,9134,40.0
2026-04-17 11:01:29 PM,KXATPMATCH-26APR18JODFIL-JOD,40,1,39,9233,38,8050,37,2423,36,400,40,161,41,13949,42,13269,43,11045,44,9134,40.0
2026-04-17 11:01:29 PM,KXATPMATCH-26APR18JODFIL-JOD,40,1,39,9233,38,8050,37,2423,36,400,40,161,41,13949,42,13244,43,11045,44,9134,40.0
2026-04-17 11:01:29 PM,KXATPMATCH-26APR18JODFIL-JOD,40,1,39,9233,38,8050,37,2423,36,400,40,161,41,13949,42,12560,43,11045,44,9134,40.0
2026-04-17 11:01:31 PM,KXATPMATCH-26APR18JODFIL-JOD,40,1,39,9233,38,8050,37,2423,36,400,40,145,41,13949,42,12560,43,11045,44,9134,40.0
2026-04-17 11:01:33 PM,KXATPMATCH-26APR18JODFIL-JOD,40,1,39,9233,38,8039,37,2423,36,400,40,145,41,13949,42,12560,43,11045,44,9134,40.0
2026-04-17 11:01:33 PM,KXATPMATCH-26APR18JODFIL-JOD,40,1,39,9233,38,8066,37,2423,36,400,40,145,41,13949,42,12560,43,11045,44,9134,40.0
2026-04-17 11:01:33 PM,KXATPMATCH-26APR18JODFIL-JOD,40,1,39,9233,38,8066,37,2423,36,400,40,146,41,13949,42,12560,43,11045,44,9134,40.0
2026-04-17 11:02:28 PM,KXATPMATCH-26APR18JODFIL-JOD,40,1,39,9233,38,8066,37,7423,36,400,40,146,41,13949,42,12560,43,11045,44,9134,40.0
2026-04-17 11:02:28 PM,KXATPMATCH-26APR18JODFIL-JOD,40,1,39,4233,38,8066,37,7423,36,400,40,146,41,13949,42,12560,43,11045,44,9134,40.0
2026-04-17 11:03:07 PM,KXATPMATCH-26APR18JODFIL-JOD,40,1,39,4233,38,8066,37,7423,36,400,40,146,41,13949,42,12560,43,11045,44,6034,40.0
2026-04-17 11:06:31 PM,KXATPMATCH-26APR18JODFIL-JOD,40,1,39,4233,38,8057,37,7423,36,400,40,146,41,13949,42,12560,43,11045,44,6034,40.0
2026-04-17 11:06:31 PM,KXATPMATCH-26APR18JODFIL-JOD,40,1,39,4221,38,8057,37,7423,36,400,40,146,41,13949,42,12560,43,11045,44,6034,40.0
2026-04-17 11:06:31 PM,KXATPMATCH-26APR18JODFIL-JOD,40,1,39,4221,38,8057,37,7423,36,400,40,146,41,13949,42,12560,43,11036,44,6034,40.0
2026-04-17 11:06:31 PM,KXATPMATCH-26APR18JODFIL-JOD,40,1,39,4221,38,8057,37,7423,36,400,40,146,41,13949,42,12548,43,11036,44,6034,40.0
2026-04-17 11:06:31 PM,KXATPMATCH-26APR18JODFIL-JOD,40,1,39,4235,38,8057,37,7423,36,400,40,146,41,13949,42,12548,43,11036,44,6034,40.0
2026-04-17 11:06:31 PM,KXATPMATCH-26APR18JODFIL-JOD,40,1,39,4235,38,8066,37,7423,36,400,40,146,41,13949,42,12548,43,11036,44,6034,40.0
2026-04-17 11:06:31 PM,KXATPMATCH-26APR18JODFIL-JOD,40,1,39,4235,38,8066,37,7423,36,400,40,146,41,13949,42,12562,43,11036,44,6034,40.0
2026-04-17 11:06:31 PM,KXATPMATCH-26APR18JODFIL-JOD,40,1,39,4235,38,8066,37,7423,36,400,40,146,41,13949,42,12562,43,11045,44,6034,40.0
2026-04-17 11:09:56 PM,KXATPMATCH-26APR18JODFIL-JOD,40,1,39,4235,38,8066,37,7423,36,400,40,146,41,13949,42,15609,43,11045,44,6034,40.0
2026-04-17 11:09:56 PM,KXATPMATCH-26APR18JODFIL-JOD,40,1,39,4235,38,8066,37,7423,36,400,40,146,41,13949,42,15609,43,11045,44,9034,40.0
2026-04-17 11:09:56 PM,KXATPMATCH-26APR18JODFIL-JOD,40,1,39,4235,38,8066,37,7423,36,400,40,146,41,13949,42,15609,43,7998,44,9034,40.0
2026-04-17 11:09:56 PM,KXATPMATCH-26APR18JODFIL-JOD,40,1,39,4235,38,8066,37,7423,36,400,40,146,41,13949,42,12562,43,7998,44,9034,40.0
2026-04-17 11:09:58 PM,KXATPMATCH-26APR18JODFIL-JOD,40,1,39,9235,38,8066,37,7423,36,400,40,146,41,13949,42,12562,43,7998,44,9034,40.0
2026-04-17 11:09:58 PM,KXATPMATCH-26APR18JODFIL-JOD,40,1,39,9235,38,8066,37,2423,36,400,40,146,41,13949,42,12562,43,7998,44,9034,40.0
2026-04-17 11:10:14 PM,KXATPMATCH-26APR18JODFIL-JOD,40,1,39,9235,38,8066,37,2423,36,400,40,146,41,13949,42,12562,43,11045,44,9034,40.0
2026-04-17 11:10:15 PM,KXATPMATCH-26APR18JODFIL-JOD,40,1,39,9235,38,8066,37,7423,36,400,40,146,41,13949,42,12562,43,11045,44,9034,40.0
2026-04-17 11:10:15 PM,KXATPMATCH-26APR18JODFIL-JOD,40,1,39,4235,38,8066,37,7423,36,400,40,146,41,13949,42,12562,43,11045,44,9034,40.0
2026-04-17 11:10:21 PM,KXATPMATCH-26APR18JODFIL-JOD,40,1,39,4235,38,8066,37,7423,36,400,40,128,41,13949,42,12562,43,11045,44,9034,40.0
2026-04-17 11:10:21 PM,KXATPMATCH-26APR18JODFIL-JOD,40,1,39,4235,38,8066,37,7423,36,400,40,4,41,13949,42,12562,43,11045,44,9034,40.0
2026-04-17 11:10:21 PM,KXATPMATCH-26APR18JODFIL-JOD,40,1,39,4235,38,8066,37,7423,36,400,40,3,41,13949,42,12562,43,11045,44,9034,40.0
2026-04-17 11:10:21 PM,KXATPMATCH-26APR18JODFIL-JOD,40,1,39,4235,38,8066,37,7423,36,400,40,2,41,13949,42,12562,43,11045,44,9034,40.0
2026-04-17 11:10:21 PM,KXATPMATCH-26APR18JODFIL-JOD,40,1,39,4235,38,8066,37,7423,36,400,40,2,41,13168,42,12562,43,11045,44,9034,40.0
2026-04-17 11:10:21 PM,KXATPMATCH-26APR18JODFIL-JOD,40,1,39,4235,38,8066,37,7423,36,400,40,2,41,13168,42,12546,43,11045,44,9034,40.0
2026-04-17 11:10:21 PM,KXATPMATCH-26APR18JODFIL-JOD,40,1,39,4235,38,8066,37,12423,36,400,40,2,41,13168,42,12546,43,11045,44,9034,40.0
2026-04-17 11:10:21 PM,KXATPMATCH-26APR18JODFIL-JOD,40,1,39,4235,38,8066,37,12423,36,400,40,2,41,13310,42,12546,43,11045,44,9034,40.0
2026-04-17 11:10:22 PM,KXATPMATCH-26APR18JODFIL-JOD,40,1,39,4235,38,8066,37,12423,36,400,40,2,41,13310,42,12546,43,11046,44,9034,40.0
2026-04-17 11:10:23 PM,KXATPMATCH-26APR18JODFIL-JOD,40,1,39,4235,38,8066,37,12423,36,400,40,2,41,13310,42,12546,43,11045,44,9034,40.0
2026-04-17 11:10:23 PM,KXATPMATCH-26APR18JODFIL-JOD,40,1,39,4235,38,8039,37,12423,36,400,40,2,41,13310,42,12546,43,11045,44,9034,40.0
2026-04-17 11:10:23 PM,KXATPMATCH-26APR18JODFIL-JOD,40,1,39,4235,38,8086,37,12423,36,400,40,2,41,13310,42,12546,43,11045,44,9034,40.0
2026-04-17 11:10:26 PM,KXATPMATCH-26APR18JODFIL-JOD,40,1,39,4235,38,8086,37,12423,36,400,40,2,41,13310,42,15593,43,11045,44,9034,40.0
2026-04-17 11:10:26 PM,KXATPMATCH-26APR18JODFIL-JOD,40,1,39,4235,38,8086,37,7423,36,400,40,2,41,13310,42,15593,43,11045,44,9034,40.0
2026-04-17 11:10:26 PM,KXATPMATCH-26APR18JODFIL-JOD,40,1,39,4235,38,8086,37,7423,36,400,40,2,41,13310,42,15593,43,7998,44,9034,40.0
2026-04-17 11:10:30 PM,KXATPMATCH-26APR18JODFIL-JOD,40,1,39,4235,38,8086,37,7423,36,400,40,2,41,13310,42,15593,43,7998,44,6034,40.0
2026-04-17 11:10:30 PM,KXATPMATCH-26APR18JODFIL-JOD,40,1,39,4235,38,8086,37,7423,36,400,40,2,41,13310,42,12546,43,7998,44,6034,40.0
2026-04-17 11:10:34 PM,KXATPMATCH-26APR18JODFIL-JOD,40,1,39,4235,38,8086,37,7423,36,400,40,2,41,13310,42,12546,43,11045,44,6034,40.0
2026-04-17 11:10:45 PM,KXATPMATCH-26APR18JODFIL-JOD,40,1,39,4235,38,8086,37,7423,36,400,40,2,41,13310,42,12546,43,7998,44,6034,40.0
2026-04-17 11:10:45 PM,KXATPMATCH-26APR18JODFIL-JOD,40,1,39,4235,38,8086,37,7423,36,400,40,2,41,13310,42,12546,43,11045,44,6034,40.0
2026-04-17 11:10:59 PM,KXATPMATCH-26APR18JODFIL-JOD,40,1,39,4235,38,8086,37,7423,36,400,40,2,41,13310,42,12546,43,7998,44,6034,40.0
2026-04-17 11:11:16 PM,KXATPMATCH-26APR18JODFIL-JOD,40,1,39,4235,38,8086,37,7423,36,400,40,2,41,13310,42,12546,43,11045,44,6034,40.0
2026-04-17 11:12:44 PM,KXATPMATCH-26APR18JODFIL-JOD,40,1,39,4235,38,8086,37,7423,36,400,40,2,41,13310,42,12546,43,7998,44,6034,40.0
2026-04-17 11:12:44 PM,KXATPMATCH-26APR18JODFIL-JOD,40,1,39,4235,38,8086,37,7423,36,400,40,2,41,13310,42,12546,43,7998,44,8034,40.0
2026-04-17 11:12:45 PM,KXATPMATCH-26APR18JODFIL-JOD,40,1,39,4235,38,8086,37,7423,36,400,40,2,41,13310,42,12546,43,11045,44,8034,40.0
2026-04-17 11:12:57 PM,KXATPMATCH-26APR18JODFIL-JOD,40,1,39,4235,38,8086,37,7423,36,400,40,2,41,13310,42,12546,43,7998,44,8034,40.0
2026-04-17 11:13:03 PM,KXATPMATCH-26APR18JODFIL-JOD,40,1,39,4235,38,8086,37,7423,36,400,40,2,41,13310,42,15593,43,7998,44,8034,40.0
2026-04-17 11:13:03 PM,KXATPMATCH-26APR18JODFIL-JOD,40,1,39,4235,38,8086,37,7423,36,400,40,2,41,13310,42,12546,43,7998,44,8034,40.0
2026-04-17 11:13:03 PM,KXATPMATCH-26APR18JODFIL-JOD,40,1,39,9235,38,8086,37,7423,36,400,40,2,41,13310,42,12546,43,7998,44,8034,40.0
2026-04-17 11:13:03 PM,KXATPMATCH-26APR18JODFIL-JOD,40,1,39,9235,38,8086,37,2423,36,400,40,2,41,13310,42,12546,43,7998,44,8034,40.0
2026-04-17 11:13:04 PM,KXATPMATCH-26APR18JODFIL-JOD,40,1,39,9235,38,7836,37,2423,36,400,40,2,41,13310,42,12546,43,7998,44,8034,40.0
2026-04-17 11:13:04 PM,KXATPMATCH-26APR18JODFIL-JOD,40,1,39,9485,38,7836,37,2423,36,400,40,2,41,13310,42,12546,43,7998,44,8034,40.0
2026-04-17 11:13:04 PM,KXATPMATCH-26APR18JODFIL-JOD,40,1,39,9485,38,7836,37,2423,36,400,40,2,41,13060,42,12546,43,7998,44,8034,40.0
2026-04-17 11:13:04 PM,KXATPMATCH-26APR18JODFIL-JOD,40,1,39,9485,38,7836,37,2423,36,400,40,2,41,13060,42,12796,43,7998,44,8034,40.0
2026-04-17 11:13:04 PM,KXATPMATCH-26APR18JODFIL-JOD,40,1,39,9485,38,7836,37,2423,36,400,40,2,41,13095,42,12796,43,7998,44,8034,40.0
2026-04-17 11:13:16 PM,KXATPMATCH-26APR18JODFIL-JOD,40,1,39,9485,38,7836,37,2423,36,400,40,2,41,13095,42,12796,43,11045,44,8034,40.0
2026-04-17 11:13:25 PM,KXATPMATCH-26APR18JODFIL-JOD,40,1,39,9485,38,7836,37,2423,36,400,40,2,41,13095,42,12796,43,11045,44,6034,40.0
2026-04-17 11:15:24 PM,KXATPMATCH-26APR18JODFIL-JOD,40,1,39,9485,38,7836,37,2423,36,400,40,2,41,13095,42,15850,43,11045,44,6034,40.0
2026-04-17 11:15:24 PM,KXATPMATCH-26APR18JODFIL-JOD,40,1,39,6439,38,7836,37,2423,36,400,40,2,41,13095,42,15850,43,11045,44,6034,40.0
2026-04-17 11:15:24 PM,KXATPMATCH-26APR18JODFIL-JOD,40,1,39,6265,38,7836,37,2423,36,400,40,2,41,13095,42,15850,43,11045,44,6034,40.0
2026-04-17 11:15:24 PM,KXATPMATCH-26APR18JODFIL-JOD,40,1,39,6265,38,7836,37,2423,36,400,40,2,41,13095,42,15850,43,11045,44,6018,40.0
2026-04-17 11:15:24 PM,KXATPMATCH-26APR18JODFIL-JOD,40,1,39,6265,38,7836,37,2423,36,400,40,2,41,13095,42,15838,43,11045,44,6018,40.0
2026-04-17 11:15:24 PM,KXATPMATCH-26APR18JODFIL-JOD,40,1,39,6265,38,7836,37,2423,36,400,40,2,41,13095,42,16103,43,11045,44,6018,40.0
2026-04-17 11:15:24 PM,KXATPMATCH-26APR18JODFIL-JOD,40,1,39,6265,38,10897,37,2423,36,400,40,2,41,13095,42,16103,43,11045,44,6018,40.0
2026-04-17 11:15:24 PM,KXATPMATCH-26APR18JODFIL-JOD,40,1,39,6265,38,10897,37,2423,36,400,40,2,41,13095,42,16103,43,8004,44,6018,40.0
2026-04-17 11:15:24 PM,KXATPMATCH-26APR18JODFIL-JOD,40,1,39,6015,38,10897,37,2423,36,400,40,2,41,13095,42,16103,43,8004,44,6018,40.0
2026-04-17 11:15:24 PM,KXATPMATCH-26APR18JODFIL-JOD,40,1,39,1015,38,10897,37,2423,36,400,40,2,41,13095,42,16103,43,8004,44,6018,40.0
2026-04-17 11:15:24 PM,KXATPMATCH-26APR18JODFIL-JOD,40,1,39,1015,38,11147,37,2423,36,400,40,2,41,13095,42,16103,43,8004,44,6018,40.0
2026-04-17 11:15:24 PM,KXATPMATCH-26APR18JODFIL-JOD,40,1,39,1015,38,11147,37,7423,36,400,40,2,41,13095,42,16103,43,8004,44,6018,40.0
2026-04-17 11:15:24 PM,KXATPMATCH-26APR18JODFIL-JOD,40,1,39,1015,38,11147,37,7423,36,400,40,2,41,13095,42,15853,43,8004,44,6018,40.0
2026-04-17 11:15:24 PM,KXATPMATCH-26APR18JODFIL-JOD,40,1,39,1015,38,11147,37,7423,36,400,40,2,41,13345,42,15853,43,8004,44,6018,40.0
2026-04-17 11:15:24 PM,KXATPMATCH-26APR18JODFIL-JOD,40,1,39,1015,38,11147,37,7423,36,400,40,2,41,13345,42,15853,43,8004,44,6009,40.0
2026-04-17 11:15:24 PM,KXATPMATCH-26APR18JODFIL-JOD,40,1,39,1015,38,11147,37,7423,36,400,40,2,41,13345,42,15853,43,8004,44,5535,40.0
2026-04-17 11:15:24 PM,KXATPMATCH-26APR18JODFIL-JOD,40,1,39,1015,38,11147,37,7423,36,400,40,2,41,13345,42,15718,43,8004,44,5535,40.0
2026-04-17 11:15:24 PM,KXATPMATCH-26APR18JODFIL-JOD,40,1,39,515,38,11147,37,7423,36,400,40,2,41,13345,42,15718,43,8004,44,5535,40.0
2026-04-17 11:15:24 PM,KXATPMATCH-26APR18JODFIL-JOD,40,1,39,512,38,11147,37,7423,36,400,40,2,41,13345,42,15718,43,8004,44,5535,40.0
2026-04-17 11:15:24 PM,KXATPMATCH-26APR18JODFIL-JOD,40,1,39,484,38,11147,37,7423,36,400,40,2,41,13345,42,15718,43,8004,44,5535,40.0
2026-04-17 11:15:24 PM,KXATPMATCH-26APR18JODFIL-JOD,40,1,39,484,38,11147,37,7423,36,400,40,2,41,13345,42,15718,43,7993,44,5535,40.0
2026-04-17 11:15:24 PM,KXATPMATCH-26APR18JODFIL-JOD,40,1,39,484,38,11147,37,7423,36,400,40,2,41,13933,42,15718,43,7993,44,5535,40.0
2026-04-17 11:15:24 PM,KXATPMATCH-26APR18JODFIL-JOD,40,1,39,484,38,11147,37,7954,36,400,40,2,41,13933,42,15718,43,7993,44,5535,40.0
2026-04-17 11:15:24 PM,KXATPMATCH-26APR18JODFIL-JOD,40,1,39,484,38,11182,37,7954,36,400,40,2,41,13933,42,15718,43,7993,44,5535,40.0
2026-04-17 11:15:24 PM,KXATPMATCH-26APR18JODFIL-JOD,40,1,39,484,38,11182,37,10279,36,400,40,2,41,13933,42,15718,43,7993,44,5535,40.0
2026-04-17 11:15:25 PM,KXATPMATCH-26APR18JODFIL-JOD,40,1,39,484,38,11135,37,10279,36,400,40,2,41,13933,42,15718,43,7993,44,5535,40.0
2026-04-17 11:15:25 PM,KXATPMATCH-26APR18JODFIL-JOD,40,1,39,484,38,11133,37,10279,36,400,40,2,41,13933,42,15718,43,7993,44,5535,40.0
2026-04-17 11:15:25 PM,KXATPMATCH-26APR18JODFIL-JOD,40,1,39,484,38,10922,37,10279,36,400,40,2,41,13933,42,15718,43,7993,44,5535,40.0
2026-04-17 11:15:25 PM,KXATPMATCH-26APR18JODFIL-JOD,40,1,39,484,38,10922,37,10279,36,400,40,262,41,13933,42,15718,43,7993,44,5535,40.0
2026-04-17 11:15:26 PM,KXATPMATCH-26APR18JODFIL-JOD,40,1,39,484,38,10922,37,10279,36,400,40,262,41,13933,42,15718,43,7987,44,5535,40.0
2026-04-17 11:15:26 PM,KXATPMATCH-26APR18JODFIL-JOD,40,1,39,484,38,10922,37,10279,36,400,40,262,41,13933,42,12664,43,7987,44,5535,40.0
2026-04-17 11:15:26 PM,KXATPMATCH-26APR18JODFIL-JOD,40,1,39,484,38,10922,37,10279,36,400,40,262,41,13933,42,12619,43,7987,44,5535,40.0
2026-04-17 11:15:26 PM,KXATPMATCH-26APR18JODFIL-JOD,40,1,39,484,38,10922,37,10279,36,400,40,262,41,13345,42,12619,43,7987,44,5535,40.0
2026-04-17 11:15:26 PM,KXATPMATCH-26APR18JODFIL-JOD,40,1,39,484,38,10922,37,10279,36,400,40,262,41,13345,42,12619,43,7987,44,6023,40.0
2026-04-17 11:15:27 PM,KXATPMATCH-26APR18JODFIL-JOD,40,1,39,5484,38,10922,37,10279,36,400,40,262,41,13345,42,12619,43,7987,44,6023,40.0
2026-04-17 11:15:27 PM,KXATPMATCH-26APR18JODFIL-JOD,40,1,39,5484,38,10922,37,5279,36,400,40,262,41,13345,42,12619,43,7987,44,6023,40.0
2026-04-17 11:15:27 PM,KXATPMATCH-26APR18JODFIL-JOD,40,1,39,5484,38,10887,37,5279,36,400,40,262,41,13345,42,12619,43,7987,44,6023,40.0
2026-04-17 11:15:27 PM,KXATPMATCH-26APR18JODFIL-JOD,40,1,39,5484,38,10887,37,4748,36,400,40,262,41,13345,42,12619,43,7987,44,6023,40.0
2026-04-17 11:15:27 PM,KXATPMATCH-26APR18JODFIL-JOD,40,1,39,6015,38,10887,37,4748,36,400,40,262,41,13345,42,12619,43,7987,44,6023,40.0
2026-04-17 11:15:28 PM,KXATPMATCH-26APR18JODFIL-JOD,40,1,39,6015,38,10887,37,4748,36,400,40,262,41,13345,42,12619,43,7987,44,9023,40.0
2026-04-17 11:15:28 PM,KXATPMATCH-26APR18JODFIL-JOD,40,1,39,6015,38,10887,37,4748,36,400,40,55,41,13345,42,12619,43,7987,44,9023,40.0
2026-04-17 11:15:28 PM,KXATPMATCH-26APR18JODFIL-JOD,40,1,39,6015,38,11094,37,4748,36,400,40,55,41,13345,42,12619,43,7987,44,9023,40.0
2026-04-17 11:15:28 PM,KXATPMATCH-26APR18JODFIL-JOD,40,1,39,6015,38,11094,37,4748,36,400,40,235,41,13345,42,12619,43,7987,44,9023,40.0
2026-04-17 11:15:28 PM,KXATPMATCH-26APR18JODFIL-JOD,40,1,39,6015,38,10844,37,4748,36,400,40,235,41,13345,42,12619,43,7987,44,9023,40.0
2026-04-17 11:15:28 PM,KXATPMATCH-26APR18JODFIL-JOD,40,1,39,6265,38,10844,37,4748,36,400,40,235,41,13345,42,12619,43,7987,44,9023,40.0
2026-04-17 11:15:28 PM,KXATPMATCH-26APR18JODFIL-JOD,40,1,39,6265,38,10844,37,4748,36,400,40,235,41,13095,42,12619,43,7987,44,9023,40.0
2026-04-17 11:15:28 PM,KXATPMATCH-26APR18JODFIL-JOD,40,1,39,6265,38,10844,37,4748,36,400,40,235,41,13095,42,12869,43,7987,44,9023,40.0
2026-04-17 11:15:29 PM,KXATPMATCH-26APR18JODFIL-JOD,40,1,39,6015,38,10844,37,4748,36,400,40,235,41,13095,42,12869,43,7987,44,9023,40.0
2026-04-17 11:15:29 PM,KXATPMATCH-26APR18JODFIL-JOD,40,1,39,6015,38,11094,37,4748,36,400,40,235,41,13095,42,12869,43,7987,44,9023,40.0
2026-04-17 11:15:29 PM,KXATPMATCH-26APR18JODFIL-JOD,40,1,39,6015,38,11094,37,4748,36,400,40,235,41,13095,42,12619,43,7987,44,9023,40.0
2026-04-17 11:15:29 PM,KXATPMATCH-26APR18JODFIL-JOD,40,1,39,6015,38,11094,37,4748,36,400,40,235,41,13345,42,12619,43,7987,44,9023,40.0
2026-04-17 11:15:32 PM,KXATPMATCH-26APR18JODFIL-JOD,40,1,39,6015,38,11094,37,4748,36,400,40,235,41,13345,42,12619,43,11037,44,9023,40.0
2026-04-17 11:15:32 PM,KXATPMATCH-26APR18JODFIL-JOD,40,1,39,9065,38,11094,37,4748,36,400,40,235,41,13345,42,12619,43,11037,44,9023,40.0
2026-04-17 11:15:32 PM,KXATPMATCH-26APR18JODFIL-JOD,40,1,39,9065,38,8033,37,4748,36,400,40,235,41,13345,42,12619,43,11037,44,9023,40.0
2026-04-17 11:15:44 PM,KXATPMATCH-26APR18JODFIL-JOD,40,1,39,9065,38,8033,37,4748,36,400,40,235,41,13345,42,12619,43,11037,44,6023,40.0
2026-04-17 11:16:27 PM,KXATPMATCH-26APR18JODFIL-JOD,40,1,39,9065,38,8033,37,4748,36,400,40,235,41,13310,42,12619,43,11037,44,6023,40.0
2026-04-17 11:16:48 PM,KXATPMATCH-26APR18JODFIL-JOD,40,1,39,9065,38,8033,37,4748,36,400,40,235,41,13310,42,12619,43,11037,44,9023,40.0
2026-04-17 11:18:15 PM,KXATPMATCH-26APR18JODFIL-JOD,40,1,39,9065,38,8033,37,4748,36,400,40,233,41,13310,42,12619,43,11037,44,9023,40.0
2026-04-17 11:18:17 PM,KXATPMATCH-26APR18JODFIL-JOD,40,1,39,9065,38,8035,37,4748,36,400,40,233,41,13310,42,12619,43,11037,44,9023,40.0
2026-04-17 11:18:17 PM,KXATPMATCH-26APR18JODFIL-JOD,40,1,39,9065,38,8035,37,4748,36,400,40,234,41,13310,42,12619,43,11037,44,9023,40.0
2026-04-17 11:19:15 PM,KXATPMATCH-26APR18JODFIL-JOD,40,1,39,9065,38,8035,37,4748,36,400,40,234,41,13310,42,12619,43,11037,44,6023,40.0
2026-04-17 11:21:56 PM,KXATPMATCH-26APR18JODFIL-JOD,40,1,39,9065,38,8035,37,4748,36,400,40,234,41,13310,42,12619,43,7987,44,6023,40.0
2026-04-17 11:21:57 PM,KXATPMATCH-26APR18JODFIL-JOD,40,1,39,9065,38,8035,37,4748,36,400,40,234,41,13310,42,12619,43,11037,44,6023,40.0
2026-04-17 11:24:29 PM,KXATPMATCH-26APR18JODFIL-JOD,40,1,39,9065,38,8035,37,4748,36,400,40,234,41,13310,42,15669,43,11037,44,6023,40.0
2026-04-17 11:24:29 PM,KXATPMATCH-26APR18JODFIL-JOD,40,1,39,9065,38,8035,37,4748,36,400,40,234,41,13310,42,15669,43,7987,44,6023,40.0
2026-04-17 11:24:29 PM,KXATPMATCH-26APR18JODFIL-JOD,40,1,39,9065,38,8035,37,9748,36,400,40,234,41,13310,42,15669,43,7987,44,6023,40.0
2026-04-17 11:24:29 PM,KXATPMATCH-26APR18JODFIL-JOD,40,1,39,4065,38,8035,37,9748,36,400,40,234,41,13310,42,15669,43,7987,44,6023,40.0
2026-04-17 11:24:33 PM,KXATPMATCH-26APR18JODFIL-JOD,40,1,39,4065,38,8035,37,9748,36,400,40,234,41,13310,42,12619,43,7987,44,6023,40.0
2026-04-17 11:24:33 PM,KXATPMATCH-26APR18JODFIL-JOD,40,1,39,4065,38,8035,37,9748,36,400,40,234,41,13310,42,12619,43,7987,44,8023,40.0
2026-04-17 11:24:37 PM,KXATPMATCH-26APR18JODFIL-JOD,40,1,39,4065,38,8035,37,9748,36,400,40,234,41,13310,42,12619,43,11037,44,8023,40.0
2026-04-17 11:25:15 PM,KXATPMATCH-26APR18JODFIL-JOD,40,1,39,4065,38,8035,37,9748,36,400,40,234,41,13310,42,12619,43,11037,44,6023,40.0
2026-04-17 11:25:54 PM,KXATPMATCH-26APR18JODFIL-JOD,40,1,39,4065,38,8035,37,9748,36,400,40,222,41,13310,42,12619,43,11037,44,6023,40.0
2026-04-17 11:25:55 PM,KXATPMATCH-26APR18JODFIL-JOD,40,1,39,4065,38,8033,37,9748,36,400,40,222,41,13310,42,12619,43,11037,44,6023,40.0
2026-04-17 11:25:55 PM,KXATPMATCH-26APR18JODFIL-JOD,40,1,39,4065,38,8047,37,9748,36,400,40,222,41,13310,42,12619,43,11037,44,6023,40.0
2026-04-17 11:26:33 PM,KXATPMATCH-26APR18JODFIL-JOD,40,1,39,4065,38,8047,37,9748,36,400,40,222,41,13310,42,12619,43,11037,44,8023,40.0
2026-04-17 11:27:49 PM,KXATPMATCH-26APR18JODFIL-JOD,40,1,39,4065,38,8047,37,9748,36,400,40,215,41,13310,42,12619,43,11037,44,8023,40.0
2026-04-17 11:27:51 PM,KXATPMATCH-26APR18JODFIL-JOD,40,1,39,4065,38,8033,37,9748,36,400,40,215,41,13310,42,12619,43,11037,44,8023,40.0
2026-04-17 11:27:51 PM,KXATPMATCH-26APR18JODFIL-JOD,40,1,39,4065,38,8054,37,9748,36,400,40,215,41,13310,42,12619,43,11037,44,8023,40.0
2026-04-17 11:28:38 PM,KXATPMATCH-26APR18JODFIL-JOD,40,1,39,4065,38,8054,37,9748,36,400,40,215,41,13310,42,12619,43,7987,44,8023,40.0
2026-04-17 11:28:45 PM,KXATPMATCH-26APR18JODFIL-JOD,40,1,39,4065,38,8054,37,9748,36,400,40,215,41,13310,42,12619,43,11039,44,8023,40.0
2026-04-17 11:29:21 PM,KXATPMATCH-26APR18JODFIL-JOD,40,1,39,4065,38,8054,37,9748,36,400,40,215,41,13310,42,12619,43,11039,44,6023,40.0
2026-04-17 11:29:49 PM,KXATPMATCH-26APR18JODFIL-JOD,40,1,39,4065,38,8054,37,9748,36,400,40,211,41,13310,42,12619,43,11039,44,6023,40.0
2026-04-17 11:29:51 PM,KXATPMATCH-26APR18JODFIL-JOD,40,1,39,4065,38,8033,37,9748,36,400,40,211,41,13310,42,12619,43,11039,44,6023,40.0
2026-04-17 11:29:51 PM,KXATPMATCH-26APR18JODFIL-JOD,40,1,39,4065,38,8058,37,9748,36,400,40,211,41,13310,42,12619,43,11039,44,6023,40.0
2026-04-17 11:29:51 PM,KXATPMATCH-26APR18JODFIL-JOD,40,1,39,4065,38,8058,37,9748,36,400,40,212,41,13310,42,12619,43,11039,44,6023,40.0
2026-04-17 11:31:44 PM,KXATPMATCH-26APR18JODFIL-JOD,40,1,39,4065,38,8058,37,9748,36,400,40,212,41,13310,42,12619,43,7987,44,6023,40.0
2026-04-17 11:32:04 PM,KXATPMATCH-26APR18JODFIL-JOD,40,1,39,4065,38,8058,37,9748,36,400,40,212,41,13310,42,12619,43,11039,44,6023,40.0
2026-04-17 11:32:59 PM,KXATPMATCH-26APR18JODFIL-JOD,40,1,39,4065,38,8058,37,9748,36,400,40,212,41,13310,42,12619,43,7987,44,6023,40.0
2026-04-17 11:34:08 PM,KXATPMATCH-26APR18JODFIL-JOD,40,1,39,4065,38,8058,37,9748,36,400,40,186,41,13310,42,12619,43,7987,44,6023,40.0
2026-04-17 11:34:08 PM,KXATPMATCH-26APR18JODFIL-JOD,40,1,39,4065,38,8058,37,9748,36,400,40,6,41,13310,42,12619,43,7987,44,6023,40.0
2026-04-17 11:34:08 PM,KXATPMATCH-26APR18JODFIL-JOD,40,1,39,4065,38,8058,37,9748,36,400,40,5,41,13310,42,12619,43,7987,44,6023,40.0
2026-04-17 11:34:08 PM,KXATPMATCH-26APR18JODFIL-JOD,40,1,39,4065,38,8058,37,9748,36,400,40,4,41,13310,42,12619,43,7987,44,6023,40.0
2026-04-17 11:34:08 PM,KXATPMATCH-26APR18JODFIL-JOD,40,1,39,4065,38,8058,37,9748,36,400,40,4,41,12931,42,12619,43,7987,44,6023,40.0
2026-04-17 11:34:08 PM,KXATPMATCH-26APR18JODFIL-JOD,40,1,39,4065,38,8058,37,9748,36,400,40,4,41,12826,42,12619,43,7987,44,6023,40.0
2026-04-17 11:34:08 PM,KXATPMATCH-26APR18JODFIL-JOD,40,1,39,4065,38,8084,37,9748,36,400,40,4,41,12826,42,12619,43,7987,44,6023,40.0
2026-04-17 11:34:08 PM,KXATPMATCH-26APR18JODFIL-JOD,40,1,39,4065,38,8084,37,9840,36,400,40,4,41,12826,42,12619,43,7987,44,6023,40.0
2026-04-17 11:34:08 PM,KXATPMATCH-26APR18JODFIL-JOD,40,1,39,4065,38,8084,37,9840,36,492,40,4,41,12826,42,12619,43,7987,44,6023,40.0
2026-04-17 11:34:08 PM,KXATPMATCH-26APR18JODFIL-JOD,40,1,39,4065,38,8084,37,9840,36,492,40,4,41,12895,42,12619,43,7987,44,6023,40.0
2026-04-17 11:34:08 PM,KXATPMATCH-26APR18JODFIL-JOD,40,1,39,4065,38,8084,37,9840,36,492,40,4,41,12895,42,12619,43,11039,44,6023,40.0
2026-04-17 11:34:10 PM,KXATPMATCH-26APR18JODFIL-JOD,40,1,39,4065,38,8084,37,9040,36,492,40,4,41,12895,42,12619,43,11039,44,6023,40.0
2026-04-17 11:34:10 PM,KXATPMATCH-26APR18JODFIL-JOD,40,1,39,4065,38,8059,37,9040,36,492,40,4,41,12895,42,12619,43,11039,44,6023,40.0
2026-04-17 11:34:10 PM,KXATPMATCH-26APR18JODFIL-JOD,40,1,39,4065,38,8129,37,9040,36,492,40,4,41,12895,42,12619,43,11039,44,6023,40.0
2026-04-17 11:34:10 PM,KXATPMATCH-26APR18JODFIL-JOD,40,1,39,4153,38,8129,37,9040,36,492,40,4,41,12895,42,12619,43,11039,44,6023,40.0
2026-04-17 11:34:10 PM,KXATPMATCH-26APR18JODFIL-JOD,40,1,39,4153,38,8129,37,9040,36,492,40,4,41,12895,42,13419,43,11039,44,6023,40.0
2026-04-17 11:34:10 PM,KXATPMATCH-26APR18JODFIL-JOD,40,1,39,4153,38,8129,37,9040,36,492,40,4,41,12896,42,13419,43,11039,44,6023,40.0
2026-04-17 11:34:24 PM,KXATPMATCH-26APR18JODFIL-JOD,40,1,39,4153,38,8129,37,9040,36,492,40,4,41,12896,42,13419,43,7987,44,6023,40.0
2026-04-17 11:34:34 PM,KXATPMATCH-26APR18JODFIL-JOD,40,1,39,4153,38,8129,37,9040,36,492,40,4,41,12896,42,13419,43,7987,44,9473,40.0
2026-04-17 11:35:12 PM,KXATPMATCH-26APR18JODFIL-JOD,40,1,39,4153,38,8129,37,9040,36,492,40,4,41,12896,42,13419,43,11039,44,9473,40.0
2026-04-17 11:35:19 PM,KXATPMATCH-26APR18JODFIL-JOD,40,1,39,4153,38,8129,37,9040,36,492,40,4,41,12896,42,13419,43,11039,44,6023,40.0
2026-04-17 11:35:23 PM,KXATPMATCH-26APR18JODFIL-JOD,40,1,39,4153,38,8129,37,9040,36,492,40,4,41,12889,42,13419,43,11039,44,6023,40.0
2026-04-17 11:35:23 PM,KXATPMATCH-26APR18JODFIL-JOD,40,1,39,4153,38,8129,37,9040,36,492,40,4,41,12889,42,13419,43,11039,44,8473,40.0
2026-04-17 11:35:26 PM,KXATPMATCH-26APR18JODFIL-JOD,40,1,39,4160,38,8129,37,9040,36,492,40,4,41,12889,42,13419,43,11039,44,8473,40.0
2026-04-17 11:35:37 PM,KXATPMATCH-26APR18JODFIL-JOD,40,1,39,4160,38,8129,37,9040,36,492,40,4,41,12889,42,13419,43,7987,44,8473,40.0
2026-04-17 11:35:42 PM,KXATPMATCH-26APR18JODFIL-JOD,40,1,39,4160,38,8129,37,9040,36,492,40,4,41,12889,42,13419,43,11039,44,8473,40.0
2026-04-17 11:35:52 PM,KXATPMATCH-26APR18JODFIL-JOD,40,1,39,4160,38,8129,37,9040,36,492,40,4,41,12889,42,13419,43,7987,44,8473,40.0
2026-04-17 11:36:16 PM,KXATPMATCH-26APR18JODFIL-JOD,40,1,39,4160,38,8129,37,9040,36,492,40,4,41,12889,42,13419,43,11039,44,8473,40.0
2026-04-17 11:36:21 PM,KXATPMATCH-26APR18JODFIL-JOD,40,1,39,4160,38,8129,37,9040,36,492,40,4,41,12889,42,13419,43,7987,44,8473,40.0
2026-04-17 11:36:30 PM,KXATPMATCH-26APR18JODFIL-JOD,40,1,39,4160,38,8129,37,9040,36,492,40,4,41,12889,42,13419,43,11039,44,8473,40.0
2026-04-17 11:36:30 PM,KXATPMATCH-26APR18JODFIL-JOD,40,1,39,4160,38,8129,37,9040,36,492,40,4,41,12889,42,13419,43,7987,44,8473,40.0
2026-04-17 11:38:15 PM,KXATPMATCH-26APR18JODFIL-JOD,40,1,39,4160,38,8129,37,9040,36,492,40,4,41,12889,42,13419,43,7987,44,6023,40.0
2026-04-17 11:38:28 PM,KXATPMATCH-26APR18JODFIL-JOD,40,1,39,4160,38,8129,37,9040,36,492,40,4,41,12889,42,13419,43,7987,44,7023,40.0
2026-04-17 11:39:25 PM,KXATPMATCH-26APR18JODFIL-JOD,40,1,39,4160,38,8129,37,9040,36,492,40,4,41,12889,42,13419,43,7987,44,6023,40.0
2026-04-17 11:40:01 PM,KXATPMATCH-26APR18JODFIL-JOD,40,1,39,4160,38,8129,37,9040,36,492,40,4,41,12796,42,13419,43,7987,44,6023,40.0
2026-04-17 11:40:01 PM,KXATPMATCH-26APR18JODFIL-JOD,40,1,39,4160,38,8129,37,9040,36,492,40,4,41,12796,42,13419,43,7987,44,8473,40.0
2026-04-17 11:40:03 PM,KXATPMATCH-26APR18JODFIL-JOD,40,1,39,4253,38,8129,37,9040,36,492,40,4,41,12796,42,13419,43,7987,44,8473,40.0
2026-04-17 11:40:03 PM,KXATPMATCH-26APR18JODFIL-JOD,40,1,39,4253,38,8129,37,9040,36,492,40,4,41,12797,42,13419,43,7987,44,8473,40.0
2026-04-17 11:42:30 PM,KXATPMATCH-26APR18JODFIL-JOD,40,1,39,4253,38,8129,37,9040,36,492,40,4,41,12797,42,13419,43,7987,44,6023,40.0
2026-04-17 11:42:59 PM,KXATPMATCH-26APR18JODFIL-JOD,40,1,39,4253,38,7606,37,9040,36,492,40,4,41,12797,42,13419,43,7987,44,6023,40.0
2026-04-17 11:42:59 PM,KXATPMATCH-26APR18JODFIL-JOD,40,1,39,4253,38,7399,37,9040,36,492,40,4,41,12797,42,13419,43,7987,44,6023,40.0
2026-04-17 11:42:59 PM,KXATPMATCH-26APR18JODFIL-JOD,40,1,39,4253,38,7329,37,9040,36,492,40,4,41,12797,42,13419,43,7987,44,6023,40.0
2026-04-17 11:42:59 PM,KXATPMATCH-26APR18JODFIL-JOD,40,1,39,4160,38,7329,37,9040,36,492,40,4,41,12797,42,13419,43,7987,44,6023,40.0
2026-04-17 11:42:59 PM,KXATPMATCH-26APR18JODFIL-JOD,40,1,39,4160,38,7329,37,9040,36,492,40,4,41,12796,42,13419,43,7987,44,6023,40.0
2026-04-17 11:42:59 PM,KXATPMATCH-26APR18JODFIL-JOD,40,1,39,4160,38,7329,37,9040,36,492,40,4,41,12795,42,13419,43,7987,44,6023,40.0
2026-04-17 11:42:59 PM,KXATPMATCH-26APR18JODFIL-JOD,40,1,39,4160,38,7329,37,9040,36,492,40,4,41,12202,42,13419,43,7987,44,6023,40.0
2026-04-17 11:42:59 PM,KXATPMATCH-26APR18JODFIL-JOD,40,1,39,4160,38,7329,37,9040,36,492,40,4,41,12202,42,13190,43,7987,44,6023,40.0
2026-04-17 11:42:59 PM,KXATPMATCH-26APR18JODFIL-JOD,40,1,39,4865,38,7329,37,9040,36,492,40,4,41,12202,42,13190,43,7987,44,6023,40.0
2026-04-17 11:42:59 PM,KXATPMATCH-26APR18JODFIL-JOD,40,213,39,4865,38,7329,37,9040,36,492,40,4,41,12202,42,13190,43,7987,44,6023,40.0
2026-04-17 11:42:59 PM,KXATPMATCH-26APR18JODFIL-JOD,40,213,39,4865,38,7329,37,9040,36,492,40,4,41,12202,42,13190,43,8787,44,6023,40.0
2026-04-17 11:42:59 PM,KXATPMATCH-26APR18JODFIL-JOD,40,213,39,4851,38,7329,37,9040,36,492,40,4,41,12202,42,13190,43,8787,44,6023,40.0
2026-04-17 11:42:59 PM,KXATPMATCH-26APR18JODFIL-JOD,40,213,39,4851,38,7320,37,9040,36,492,40,4,41,12202,42,13190,43,8787,44,6023,40.0
2026-04-17 11:42:59 PM,KXATPMATCH-26APR18JODFIL-JOD,40,213,39,4851,38,7320,37,9040,36,492,40,4,41,12202,42,13176,43,8787,44,6023,40.0
2026-04-17 11:42:59 PM,KXATPMATCH-26APR18JODFIL-JOD,40,213,39,4851,38,7320,37,9040,36,492,40,4,41,12202,42,13176,43,8778,44,6023,40.0
2026-04-17 11:42:59 PM,KXATPMATCH-26APR18JODFIL-JOD,40,213,39,4851,38,7320,37,9040,36,492,40,4,41,12202,42,13176,43,11830,44,6023,40.0
2026-04-17 11:42:59 PM,KXATPMATCH-26APR18JODFIL-JOD,40,213,39,4851,38,7070,37,9040,36,492,40,4,41,12202,42,13176,43,11830,44,6023,40.0
2026-04-17 11:42:59 PM,KXATPMATCH-26APR18JODFIL-JOD,40,213,39,5101,38,7070,37,9040,36,492,40,4,41,12202,42,13176,43,11830,44,6023,40.0
2026-04-17 11:42:59 PM,KXATPMATCH-26APR18JODFIL-JOD,40,213,39,5101,38,7070,37,9040,36,492,40,4,41,11952,42,13176,43,11830,44,6023,40.0
2026-04-17 11:42:59 PM,KXATPMATCH-26APR18JODFIL-JOD,40,213,39,5101,38,7070,37,9040,36,492,40,4,41,11952,42,13426,43,11830,44,6023,40.0
2026-04-17 11:42:59 PM,KXATPMATCH-26APR18JODFIL-JOD,40,213,39,5101,38,7070,37,9040,36,492,40,4,41,214,42,13426,43,11830,44,6023,40.0
2026-04-17 11:42:59 PM,KXATPMATCH-26APR18JODFIL-JOD,40,213,39,5101,38,7070,37,9040,36,492,40,4,41,214,42,18764,43,11830,44,6023,40.0
2026-04-17 11:42:59 PM,KXATPMATCH-26APR18JODFIL-JOD,40,213,39,5101,38,7070,37,9040,36,492,40,4,41,214,42,18764,43,18230,44,6023,40.0
2026-04-17 11:43:01 PM,KXATPMATCH-26APR18JODFIL-JOD,40,213,39,5101,38,7070,37,9040,36,492,40,4,41,214,42,18764,43,15178,44,6023,40.0
2026-04-17 11:45:56 PM,KXATPMATCH-26APR18JODFIL-JOD,40,213,39,5101,38,10122,37,9040,36,492,40,4,41,214,42,18764,43,15178,44,6023,40.0
2026-04-17 11:45:56 PM,KXATPMATCH-26APR18JODFIL-JOD,40,213,39,5101,38,10122,37,9040,36,492,40,4,41,214,42,21816,43,15178,44,6023,40.0
2026-04-17 11:45:56 PM,KXATPMATCH-26APR18JODFIL-JOD,40,213,39,2051,38,10122,37,9040,36,492,40,4,41,214,42,21816,43,15178,44,6023,40.0
2026-04-17 11:46:04 PM,KXATPMATCH-26APR18JODFIL-JOD,40,213,39,5103,38,10122,37,9040,36,492,40,4,41,214,42,21816,43,15178,44,6023,40.0
2026-04-17 11:46:04 PM,KXATPMATCH-26APR18JODFIL-JOD,40,213,39,5103,38,10122,37,9040,36,492,40,4,41,214,42,21816,43,18230,44,6023,40.0
2026-04-17 11:46:04 PM,KXATPMATCH-26APR18JODFIL-JOD,40,213,39,5103,38,10122,37,9040,36,492,40,4,41,214,42,18764,43,18230,44,6023,40.0
2026-04-17 11:46:05 PM,KXATPMATCH-26APR18JODFIL-JOD,40,213,39,5103,38,7070,37,9040,36,492,40,4,41,214,42,18764,43,18230,44,6023,40.0
2026-04-17 11:46:21 PM,KXATPMATCH-26APR18JODFIL-JOD,40,213,39,5103,38,7070,37,9040,36,492,40,4,41,214,42,16599,43,18230,44,6023,40.0
2026-04-17 11:46:21 PM,KXATPMATCH-26APR18JODFIL-JOD,40,213,39,5103,38,7070,37,9040,36,492,40,4,41,214,42,16599,43,18230,44,9223,40.0
2026-04-17 11:46:22 PM,KXATPMATCH-26APR18JODFIL-JOD,40,213,39,5103,38,7070,37,9040,36,492,40,4,41,214,42,16599,43,18230,44,6023,40.0
2026-04-17 11:47:45 PM,KXATPMATCH-26APR18JODFIL-JOD,40,213,39,5103,38,7070,37,9040,36,492,40,4,41,72,42,16599,43,18230,44,6023,40.0
2026-04-17 11:47:45 PM,KXATPMATCH-26APR18JODFIL-JOD,40,213,39,5103,38,7070,37,9040,36,492,40,4,41,3,42,16599,43,18230,44,6023,40.0
2026-04-17 11:47:45 PM,KXATPMATCH-26APR18JODFIL-JOD,40,213,39,5103,38,7070,37,9040,36,492,40,4,41,3,42,16119,43,18230,44,6023,40.0
2026-04-17 11:47:45 PM,KXATPMATCH-26APR18JODFIL-JOD,40,213,39,5103,38,7070,37,9040,36,400,40,4,41,3,42,16119,43,18230,44,6023,40.0
2026-04-17 11:47:45 PM,KXATPMATCH-26APR18JODFIL-JOD,40,213,39,5343,38,7070,37,9040,36,400,40,4,41,3,42,16119,43,18230,44,6023,40.0
2026-04-17 11:47:45 PM,KXATPMATCH-26APR18JODFIL-JOD,40,213,39,5343,38,7310,37,9040,36,400,40,4,41,3,42,16119,43,18230,44,6023,40.0
2026-04-17 11:47:49 PM,KXATPMATCH-26APR18JODFIL-JOD,40,213,39,5488,38,7310,37,9040,36,400,40,4,41,3,42,16119,43,18230,44,6023,40.0
2026-04-17 11:47:49 PM,KXATPMATCH-26APR18JODFIL-JOD,40,213,39,5488,38,7377,37,9040,36,400,40,4,41,3,42,16119,43,18230,44,6023,40.0
2026-04-17 11:48:01 PM,KXATPMATCH-26APR18JODFIL-JOD,40,213,39,5488,38,7377,37,9040,36,400,40,4,41,3,42,16097,43,18230,44,6023,40.0
2026-04-17 11:48:02 PM,KXATPMATCH-26APR18JODFIL-JOD,40,213,39,5499,38,7377,37,9040,36,400,40,4,41,3,42,16097,43,18230,44,6023,40.0
2026-04-17 11:48:02 PM,KXATPMATCH-26APR18JODFIL-JOD,40,213,39,5499,38,7388,37,9040,36,400,40,4,41,3,42,16097,43,18230,44,6023,40.0
2026-04-17 11:48:02 PM,KXATPMATCH-26APR18JODFIL-JOD,40,213,39,5499,38,7388,37,9040,36,400,40,4,41,3,42,16097,43,18230,44,8273,40.0
2026-04-17 11:48:16 PM,KXATPMATCH-26APR18JODFIL-JOD,40,225,39,5499,38,7388,37,9040,36,400,40,4,41,3,42,16097,43,18230,44,8273,40.0
2026-04-17 11:48:37 PM,KXATPMATCH-26APR18JODFIL-JOD,40,225,39,5499,38,7388,37,9040,36,400,40,4,41,3,42,16097,43,18230,44,6023,40.0
2026-04-17 11:53:42 PM,KXATPMATCH-26APR18JODFIL-JOD,40,225,39,5499,38,7388,37,9040,36,400,40,4,41,3,42,16097,43,18230,44,10273,40.0
2026-04-17 11:56:37 PM,KXATPMATCH-26APR18JODFIL-JOD,40,225,39,5499,38,7388,37,9040,36,400,40,4,41,3,42,16097,43,18230,44,6023,40.0
2026-04-17 11:57:58 PM,KXATPMATCH-26APR18JODFIL-JOD,40,144,39,5499,38,7388,37,9040,36,400,40,4,41,3,42,16097,43,18230,44,6023,40.0
2026-04-17 11:57:58 PM,KXATPMATCH-26APR18JODFIL-JOD,40,144,39,5249,38,7388,37,9040,36,400,40,4,41,3,42,16097,43,18230,44,6023,40.0
2026-04-17 11:57:58 PM,KXATPMATCH-26APR18JODFIL-JOD,40,144,39,5249,38,7638,37,9040,36,400,40,4,41,3,42,16097,43,18230,44,6023,40.0
2026-04-17 11:57:58 PM,KXATPMATCH-26APR18JODFIL-JOD,40,144,39,5249,38,7638,37,9040,36,400,40,4,41,3,42,15847,43,18230,44,6023,40.0
2026-04-17 11:57:58 PM,KXATPMATCH-26APR18JODFIL-JOD,40,144,39,5249,38,7638,37,9040,36,400,40,4,41,253,42,15847,43,18230,44,6023,40.0
2026-04-17 11:57:58 PM,KXATPMATCH-26APR18JODFIL-JOD,40,144,39,5249,38,7638,37,9040,36,400,40,4,41,253,42,15847,43,15178,44,6023,40.0
2026-04-17 11:58:00 PM,KXATPMATCH-26APR18JODFIL-JOD,40,145,39,5249,38,7638,37,9040,36,400,40,4,41,253,42,15847,43,15178,44,6023,40.0
2026-04-17 11:58:00 PM,KXATPMATCH-26APR18JODFIL-JOD,40,145,39,5249,38,7638,37,9040,36,400,40,4,41,253,42,15928,43,15178,44,6023,40.0
2026-04-17 11:58:00 PM,KXATPMATCH-26APR18JODFIL-JOD,40,145,39,5249,38,7638,37,9040,36,400,40,4,41,253,42,15928,43,18230,44,6023,40.0
2026-04-17 11:58:00 PM,KXATPMATCH-26APR18JODFIL-JOD,40,145,39,5249,38,7638,37,9040,36,400,40,4,41,253,42,15928,43,18230,44,12673,40.0
2026-04-17 11:58:16 PM,KXATPMATCH-26APR18JODFIL-JOD,40,145,39,5249,38,7638,37,9040,36,400,40,4,41,653,42,15928,43,18230,44,12673,40.0
2026-04-17 11:58:40 PM,KXATPMATCH-26APR18JODFIL-JOD,40,145,39,5249,38,7638,37,9040,36,400,40,4,41,653,42,15928,43,18230,44,6023,40.0
2026-04-17 11:59:17 PM,KXATPMATCH-26APR18JODFIL-JOD,40,281,39,5249,38,7638,37,9040,36,400,40,4,41,653,42,15928,43,18230,44,6023,40.0
2026-04-17 11:59:18 PM,KXATPMATCH-26APR18JODFIL-JOD,40,281,39,5249,38,7638,37,9040,36,400,40,4,41,653,42,15928,43,18230,44,11623,40.0
2026-04-18 12:00:21 AM,KXATPMATCH-26APR18JODFIL-JOD,40,281,39,5249,38,7638,37,9040,36,400,40,4,41,653,42,15928,43,19230,44,11623,40.0
2026-04-18 12:00:21 AM,KXATPMATCH-26APR18JODFIL-JOD,40,281,39,5249,38,7638,37,9040,36,400,40,4,41,653,42,15928,43,20230,44,11623,40.0
2026-04-18 12:00:21 AM,KXATPMATCH-26APR18JODFIL-JOD,40,281,39,5249,38,7638,37,9040,36,400,40,4,41,653,42,15928,43,22230,44,11623,40.0
2026-04-18 12:00:21 AM,KXATPMATCH-26APR18JODFIL-JOD,40,281,39,5249,38,7638,37,9040,36,400,40,4,41,653,42,15928,43,24230,44,11623,40.0
2026-04-18 12:00:21 AM,KXATPMATCH-26APR18JODFIL-JOD,40,281,39,5249,38,7638,37,9040,36,400,40,4,41,653,42,15928,43,26230,44,11623,40.0
2026-04-18 12:00:21 AM,KXATPMATCH-26APR18JODFIL-JOD,40,281,39,5249,38,7638,37,9040,36,400,40,4,41,653,42,17928,43,26230,44,11623,40.0
2026-04-18 12:00:21 AM,KXATPMATCH-26APR18JODFIL-JOD,40,281,39,5249,38,7638,37,9040,36,400,40,4,41,653,42,19928,43,26230,44,11623,40.0
2026-04-18 12:00:21 AM,KXATPMATCH-26APR18JODFIL-JOD,40,281,39,5249,38,7638,37,9040,36,400,40,4,41,653,42,21928,43,26230,44,11623,40.0
2026-04-18 12:00:21 AM,KXATPMATCH-26APR18JODFIL-JOD,40,281,39,5249,38,7638,37,9040,36,400,40,4,41,653,42,21928,43,28230,44,11623,40.0
2026-04-18 12:00:21 AM,KXATPMATCH-26APR18JODFIL-JOD,40,281,39,5249,38,7638,37,9040,36,400,40,4,41,653,42,23928,43,28230,44,11623,40.0
2026-04-18 12:00:21 AM,KXATPMATCH-26APR18JODFIL-JOD,40,281,39,5249,38,7638,37,9040,36,400,40,4,41,653,42,25928,43,28230,44,11623,40.0
2026-04-18 12:00:21 AM,KXATPMATCH-26APR18JODFIL-JOD,40,281,39,5249,38,8638,37,9040,36,400,40,4,41,653,42,25928,43,28230,44,11623,40.0
2026-04-18 12:00:21 AM,KXATPMATCH-26APR18JODFIL-JOD,40,281,39,7249,38,8638,37,9040,36,400,40,4,41,653,42,25928,43,28230,44,11623,40.0
2026-04-18 12:00:45 AM,KXATPMATCH-26APR18JODFIL-JOD,40,281,39,7249,38,8638,37,9040,36,400,40,4,41,653,42,26923,43,28230,44,11623,40.0
2026-04-18 12:01:12 AM,KXATPMATCH-26APR18JODFIL-JOD,40,281,39,7249,38,8638,37,9042,36,400,40,4,41,653,42,26923,43,28230,44,11623,40.0
2026-04-18 12:01:14 AM,KXATPMATCH-26APR18JODFIL-JOD,40,281,39,7249,38,8638,37,9042,36,402,40,4,41,653,42,26923,43,28230,44,11623,40.0
2026-04-18 12:01:52 AM,KXATPMATCH-26APR18JODFIL-JOD,40,281,39,7249,38,8638,37,9042,36,402,40,4,41,653,42,26923,43,28230,44,6023,40.0
2026-04-18 12:03:22 AM,KXATPMATCH-26APR18JODFIL-JOD,40,281,39,7249,38,8638,37,9042,36,402,40,4,41,653,42,26923,43,28230,44,10623,40.0
2026-04-18 12:03:42 AM,KXATPMATCH-26APR18JODFIL-JOD,40,281,39,7249,38,8638,37,9042,36,402,40,4,41,653,42,26923,43,28230,44,11623,40.0
2026-04-18 12:03:45 AM,KXATPMATCH-26APR18JODFIL-JOD,40,281,39,7249,38,8638,37,9042,36,402,40,4,41,653,42,26923,43,28230,44,10623,40.0
2026-04-18 12:04:00 AM,KXATPMATCH-26APR18JODFIL-JOD,40,281,39,7249,38,8638,37,9042,36,402,40,4,41,592,42,26923,43,28230,44,10623,40.0
2026-04-18 12:04:00 AM,KXATPMATCH-26APR18JODFIL-JOD,40,281,39,7249,38,8388,37,9042,36,402,40,4,41,592,42,26923,43,28230,44,10623,40.0
2026-04-18 12:04:00 AM,KXATPMATCH-26APR18JODFIL-JOD,40,281,39,7499,38,8388,37,9042,36,402,40,4,41,592,42,26923,43,28230,44,10623,40.0
2026-04-18 12:04:00 AM,KXATPMATCH-26APR18JODFIL-JOD,40,281,39,7499,38,8388,37,9042,36,402,40,4,41,403,42,26923,43,28230,44,10623,40.0
2026-04-18 12:04:00 AM,KXATPMATCH-26APR18JODFIL-JOD,40,281,39,7499,38,8388,37,9042,36,402,40,4,41,403,42,27173,43,28230,44,10623,40.0
2026-04-18 12:04:52 AM,KXATPMATCH-26APR18JODFIL-JOD,40,281,39,7499,38,8388,37,9042,36,402,40,4,41,2449,42,27173,43,28230,44,10623,40.0
2026-04-18 12:04:53 AM,KXATPMATCH-26APR18JODFIL-JOD,40,281,39,7499,38,8388,37,9042,36,402,40,4,41,2377,42,27173,43,28230,44,10623,40.0
2026-04-18 12:05:30 AM,KXATPMATCH-26APR18JODFIL-JOD,40,281,39,7499,38,8388,37,9042,36,402,40,4,41,2377,42,27173,43,28230,44,6023,40.0
2026-04-18 12:06:13 AM,KXATPMATCH-26APR18JODFIL-JOD,40,281,39,7499,38,8388,37,9042,36,402,40,4,41,2377,42,27173,43,25178,44,6023,40.0
2026-04-18 12:06:13 AM,KXATPMATCH-26APR18JODFIL-JOD,40,281,39,7513,38,8388,37,9042,36,402,40,4,41,2377,42,27173,43,25178,44,6023,40.0
2026-04-18 12:06:13 AM,KXATPMATCH-26APR18JODFIL-JOD,40,281,39,7513,38,8397,37,9042,36,402,40,4,41,2377,42,27173,43,25178,44,6023,40.0
2026-04-18 12:06:13 AM,KXATPMATCH-26APR18JODFIL-JOD,40,281,39,7513,38,8397,37,9042,36,402,40,4,41,2377,42,27187,43,25178,44,6023,40.0
2026-04-18 12:06:13 AM,KXATPMATCH-26APR18JODFIL-JOD,40,281,39,7513,38,8397,37,9042,36,402,40,4,41,2377,42,27187,43,25187,44,6023,40.0
2026-04-18 12:06:13 AM,KXATPMATCH-26APR18JODFIL-JOD,40,281,39,7513,38,8397,37,9042,36,402,40,4,41,2377,42,27187,43,28239,44,6023,40.0
2026-04-18 12:06:49 AM,KXATPMATCH-26APR18JODFIL-JOD,40,281,39,7513,38,8397,37,9042,36,402,40,4,41,2127,42,27187,43,28239,44,6023,40.0
2026-04-18 12:06:51 AM,KXATPMATCH-26APR18JODFIL-JOD,40,281,39,7513,38,8397,37,9042,36,402,40,4,41,2127,42,27187,43,28239,44,12623,40.0
2026-04-18 12:09:35 AM,KXATPMATCH-26APR18JODFIL-JOD,40,281,39,7513,38,8397,37,9042,36,402,40,4,41,81,42,27187,43,28239,44,12623,40.0
2026-04-18 12:09:35 AM,KXATPMATCH-26APR18JODFIL-JOD,40,281,39,7513,38,8397,37,9042,36,402,40,4,41,184,42,27187,43,28239,44,12623,40.0
2026-04-18 12:09:35 AM,KXATPMATCH-26APR18JODFIL-JOD,40,280,39,7513,38,8397,37,9042,36,402,40,4,41,184,42,27187,43,28239,44,12623,40.0
2026-04-18 12:09:35 AM,KXATPMATCH-26APR18JODFIL-JOD,40,199,39,7513,38,8397,37,9042,36,402,40,4,41,184,42,27187,43,28239,44,12623,40.0
2026-04-18 12:09:35 AM,KXATPMATCH-26APR18JODFIL-JOD,40,199,39,7513,38,8397,37,9042,36,402,40,4,41,184,42,27268,43,28239,44,12623,40.0
2026-04-18 12:09:35 AM,KXATPMATCH-26APR18JODFIL-JOD,40,199,39,7513,38,8397,37,9042,36,402,40,4,41,184,42,29433,43,28239,44,12623,40.0
2026-04-18 12:09:47 AM,KXATPMATCH-26APR18JODFIL-JOD,40,199,39,7513,38,8397,37,9042,36,402,40,4,41,184,42,29433,43,28239,44,6023,40.0
2026-04-18 12:09:47 AM,KXATPMATCH-26APR18JODFIL-JOD,40,199,39,7548,38,8397,37,9042,36,402,40,4,41,184,42,29433,43,28239,44,6023,40.0
2026-04-18 12:10:32 AM,KXATPMATCH-26APR18JODFIL-JOD,40,199,39,7548,38,8397,37,9042,36,402,40,4,41,184,42,29352,43,28239,44,6023,40.0
2026-04-18 12:10:32 AM,KXATPMATCH-26APR18JODFIL-JOD,40,191,39,7548,38,8397,37,9042,36,402,40,4,41,184,42,29352,43,28239,44,6023,40.0
2026-04-18 12:10:32 AM,KXATPMATCH-26APR18JODFIL-JOD,40,191,39,7548,38,8397,37,9042,36,402,40,4,41,184,42,29441,43,28239,44,6023,40.0
2026-04-18 12:11:01 AM,KXATPMATCH-26APR18JODFIL-JOD,40,191,39,7548,38,8397,37,9042,36,402,40,4,41,184,42,29352,43,28239,44,6023,40.0
2026-04-18 12:11:01 AM,KXATPMATCH-26APR18JODFIL-JOD,40,188,39,7548,38,8397,37,9042,36,402,40,4,41,184,42,29352,43,28239,44,6023,40.0
2026-04-18 12:11:01 AM,KXATPMATCH-26APR18JODFIL-JOD,40,188,39,7548,38,8397,37,9042,36,402,40,4,41,184,42,29444,43,28239,44,6023,40.0
2026-04-18 12:11:26 AM,KXATPMATCH-26APR18JODFIL-JOD,40,189,39,7548,38,8397,37,9042,36,402,40,4,41,184,42,29444,43,28239,44,6023,40.0
2026-04-18 12:13:27 AM,KXATPMATCH-26APR18JODFIL-JOD,40,189,39,7513,38,8397,37,9042,36,402,40,4,41,184,42,29444,43,28239,44,6023,40.0
2026-04-18 12:15:46 AM,KXATPMATCH-26APR18JODFIL-JOD,40,189,39,7513,38,8397,37,9042,36,402,40,4,41,161,42,29444,43,28239,44,6023,40.0
2026-04-18 12:15:50 AM,KXATPMATCH-26APR18JODFIL-JOD,40,189,39,7513,38,8397,37,9042,36,402,40,4,41,107,42,29444,43,28239,44,6023,40.0
2026-04-18 12:15:50 AM,KXATPMATCH-26APR18JODFIL-JOD,40,189,39,7513,38,8397,37,9042,36,402,40,4,41,4,42,29444,43,28239,44,6023,40.0
2026-04-18 12:15:50 AM,KXATPMATCH-26APR18JODFIL-JOD,40,189,39,7513,38,8397,37,9042,36,402,40,4,41,4,42,29421,43,28239,44,6023,40.0
2026-04-18 12:15:50 AM,KXATPMATCH-26APR18JODFIL-JOD,40,189,39,7524,38,8397,37,9042,36,402,40,4,41,4,42,29421,43,28239,44,6023,40.0
2026-04-18 12:15:50 AM,KXATPMATCH-26APR18JODFIL-JOD,40,189,39,7524,38,8408,37,9042,36,402,40,4,41,4,42,29421,43,28239,44,6023,40.0
2026-04-18 12:16:59 AM,KXATPMATCH-26APR18JODFIL-JOD,40,189,39,6819,38,8408,37,9042,36,402,40,4,41,4,42,29421,43,28239,44,6023,40.0
2026-04-18 12:16:59 AM,KXATPMATCH-26APR18JODFIL-JOD,40,189,39,6731,38,8408,37,9042,36,402,40,4,41,4,42,29421,43,28239,44,6023,40.0
2026-04-18 12:16:59 AM,KXATPMATCH-26APR18JODFIL-JOD,40,188,39,6731,38,8408,37,9042,36,402,40,4,41,4,42,29421,43,28239,44,6023,40.0
2026-04-18 12:16:59 AM,KXATPMATCH-26APR18JODFIL-JOD,40,188,39,6724,38,8408,37,9042,36,402,40,4,41,4,42,29421,43,28239,44,6023,40.0
2026-04-18 12:16:59 AM,KXATPMATCH-26APR18JODFIL-JOD,40,150,39,6724,38,8408,37,9042,36,402,40,4,41,4,42,29421,43,28239,44,6023,40.0
2026-04-18 12:16:59 AM,KXATPMATCH-26APR18JODFIL-JOD,40,150,39,6724,38,8408,37,9042,36,402,40,4,41,4,42,29329,43,28239,44,6023,40.0
2026-04-18 12:16:59 AM,KXATPMATCH-26APR18JODFIL-JOD,40,150,39,6724,38,8408,37,9042,36,402,40,4,41,4,42,29329,43,27439,44,6023,40.0
2026-04-18 12:16:59 AM,KXATPMATCH-26APR18JODFIL-JOD,40,150,39,6724,38,8408,37,9842,36,402,40,4,41,4,42,29329,43,27439,44,6023,40.0
2026-04-18 12:16:59 AM,KXATPMATCH-26APR18JODFIL-JOD,40,150,39,6724,38,9073,37,9842,36,402,40,4,41,4,42,29329,43,27439,44,6023,40.0
2026-04-18 12:16:59 AM,KXATPMATCH-26APR18JODFIL-JOD,40,150,39,6724,38,9073,37,9842,36,402,40,4,41,4,42,29477,43,27439,44,6023,40.0
2026-04-18 12:16:59 AM,KXATPMATCH-26APR18JODFIL-JOD,40,150,39,6724,38,9073,37,9842,36,402,40,4,41,804,42,29477,43,27439,44,6023,40.0
2026-04-18 12:17:00 AM,KXATPMATCH-26APR18JODFIL-JOD,40,150,39,6724,38,9073,37,9842,36,402,40,4,41,804,42,29477,43,21039,44,6023,40.0
2026-04-18 12:17:00 AM,KXATPMATCH-26APR18JODFIL-JOD,40,150,39,6724,38,9073,37,9842,36,402,40,4,41,12016,42,29477,43,21039,44,6023,40.0
2026-04-18 12:17:00 AM,KXATPMATCH-26APR18JODFIL-JOD,40,150,39,6724,38,9073,37,9842,36,402,40,4,41,12016,42,24665,43,21039,44,6023,40.0
2026-04-18 12:17:00 AM,KXATPMATCH-26APR18JODFIL-JOD,40,14,39,6724,38,9073,37,9842,36,402,40,4,41,12016,42,24665,43,21039,44,6023,40.0
2026-04-18 12:17:00 AM,KXATPMATCH-26APR18JODFIL-JOD,40,14,39,6724,38,12125,37,9842,36,402,40,4,41,12016,42,24665,43,21039,44,6023,40.0
2026-04-18 12:17:00 AM,KXATPMATCH-26APR18JODFIL-JOD,40,14,39,6724,38,12125,37,9842,36,402,40,4,41,12016,42,27717,43,21039,44,6023,40.0
2026-04-18 12:17:00 AM,KXATPMATCH-26APR18JODFIL-JOD,40,14,39,3672,38,12125,37,9842,36,402,40,4,41,12016,42,27717,43,21039,44,6023,40.0
2026-04-18 12:17:00 AM,KXATPMATCH-26APR18JODFIL-JOD,40,14,39,3672,38,12125,37,9842,36,402,40,4,41,12016,42,27717,43,17987,44,6023,40.0
2026-04-18 12:17:04 AM,KXATPMATCH-26APR18JODFIL-JOD,40,14,39,3672,38,12125,37,9842,36,402,40,4,41,12016,42,24665,43,17987,44,6023,40.0
2026-04-18 12:17:08 AM,KXATPMATCH-26APR18JODFIL-JOD,40,14,39,6724,38,12125,37,9842,36,402,40,4,41,12016,42,24665,43,17987,44,6023,40.0
2026-04-18 12:17:08 AM,KXATPMATCH-26APR18JODFIL-JOD,40,14,39,6724,38,12125,37,9842,36,402,40,4,41,12016,42,24665,43,21039,44,6023,40.0
2026-04-18 12:17:08 AM,KXATPMATCH-26APR18JODFIL-JOD,40,14,39,6724,38,9073,37,9842,36,402,40,4,41,12016,42,24665,43,21039,44,6023,40.0
2026-04-18 12:17:39 AM,KXATPMATCH-26APR18JODFIL-JOD,40,14,39,6724,38,9073,37,9842,36,402,40,4,41,12051,42,24665,43,21039,44,6023,40.0
2026-04-18 12:20:30 AM,KXATPMATCH-26APR18JODFIL-JOD,40,2,39,6724,38,9073,37,9842,36,402,40,4,41,12051,42,24665,43,21039,44,6023,40.0
2026-04-18 12:21:24 AM,KXATPMATCH-26APR18JODFIL-JOD,40,2,39,6724,38,9073,37,9842,36,402,40,4,41,12051,42,24517,43,21039,44,6023,40.0
2026-04-18 12:21:24 AM,KXATPMATCH-26APR18JODFIL-JOD,40,2,39,6724,38,9073,37,9842,36,402,40,4,41,12051,42,23946,43,21039,44,6023,40.0
2026-04-18 12:21:24 AM,KXATPMATCH-26APR18JODFIL-JOD,40,2,39,6724,38,9073,37,9842,36,402,40,4,41,12051,42,23865,43,21039,44,6023,40.0
2026-04-18 12:21:24 AM,KXATPMATCH-26APR18JODFIL-JOD,40,2,39,6724,38,9073,37,9842,36,402,40,122,41,12051,42,23865,43,21039,44,6023,40.0
2026-04-18 12:21:24 AM,KXATPMATCH-26APR18JODFIL-JOD,40,2,39,6759,38,9073,37,9842,36,402,40,122,41,12051,42,23865,43,21039,44,6023,40.0
2026-04-18 12:21:24 AM,KXATPMATCH-26APR18JODFIL-JOD,40,2,39,6509,38,9073,37,9842,36,402,40,122,41,12051,42,23865,43,21039,44,6023,40.0
2026-04-18 12:21:24 AM,KXATPMATCH-26APR18JODFIL-JOD,40,2,39,6509,38,9323,37,9842,36,402,40,122,41,12051,42,23865,43,21039,44,6023,40.0
2026-04-18 12:21:24 AM,KXATPMATCH-26APR18JODFIL-JOD,40,2,39,6509,38,9323,37,9842,36,402,40,122,41,12051,42,23865,43,17987,44,6023,40.0
2026-04-18 12:21:24 AM,KXATPMATCH-26APR18JODFIL-JOD,40,2,39,6509,38,9323,37,9842,36,402,40,122,41,12051,42,23615,43,17987,44,6023,40.0
2026-04-18 12:21:24 AM,KXATPMATCH-26APR18JODFIL-JOD,40,2,39,6509,38,9323,37,9842,36,402,40,122,41,12301,42,23615,43,17987,44,6023,40.0
2026-04-18 12:21:24 AM,KXATPMATCH-26APR18JODFIL-JOD,40,2,39,6509,38,9323,37,9842,36,402,40,122,41,12301,42,23615,43,21039,44,6023,40.0
2026-04-18 12:21:33 AM,KXATPMATCH-26APR18JODFIL-JOD,40,2,39,6509,38,9323,37,9842,36,402,40,4,41,12301,42,23615,43,21039,44,6023,40.0
2026-04-18 12:21:33 AM,KXATPMATCH-26APR18JODFIL-JOD,40,2,39,6509,38,9441,37,9842,36,402,40,4,41,12301,42,23615,43,21039,44,6023,40.0
2026-04-18 12:21:33 AM,KXATPMATCH-26APR18JODFIL-JOD,40,2,39,6509,38,9191,37,9842,36,402,40,4,41,12301,42,23615,43,21039,44,6023,40.0
2026-04-18 12:21:33 AM,KXATPMATCH-26APR18JODFIL-JOD,40,2,39,6759,38,9191,37,9842,36,402,40,4,41,12301,42,23615,43,21039,44,6023,40.0
2026-04-18 12:21:33 AM,KXATPMATCH-26APR18JODFIL-JOD,40,2,39,6759,38,9191,37,9842,36,402,40,4,41,12051,42,23615,43,21039,44,6023,40.0
2026-04-18 12:21:33 AM,KXATPMATCH-26APR18JODFIL-JOD,40,2,39,6759,38,9191,37,9842,36,402,40,4,41,12016,42,23615,43,21039,44,6023,40.0
2026-04-18 12:21:33 AM,KXATPMATCH-26APR18JODFIL-JOD,40,2,39,6724,38,9191,37,9842,36,402,40,4,41,12016,42,23615,43,21039,44,6023,40.0
2026-04-18 12:21:33 AM,KXATPMATCH-26APR18JODFIL-JOD,40,2,39,6724,38,9191,37,9842,36,402,40,4,41,12016,42,23865,43,21039,44,6023,40.0
2026-04-18 12:22:50 AM,KXATPMATCH-26APR18JODFIL-JOD,40,2,39,6724,38,9191,37,9842,36,402,40,4,41,11992,42,23865,43,21039,44,6023,40.0
2026-04-18 12:22:52 AM,KXATPMATCH-26APR18JODFIL-JOD,40,2,39,6724,38,9191,37,9042,36,402,40,4,41,11992,42,23865,43,21039,44,6023,40.0
2026-04-18 12:22:52 AM,KXATPMATCH-26APR18JODFIL-JOD,40,2,39,6731,38,9191,37,9042,36,402,40,4,41,11992,42,23865,43,21039,44,6023,40.0
2026-04-18 12:22:52 AM,KXATPMATCH-26APR18JODFIL-JOD,40,2,39,6731,38,9208,37,9042,36,402,40,4,41,11992,42,23865,43,21039,44,6023,40.0
2026-04-18 12:22:52 AM,KXATPMATCH-26APR18JODFIL-JOD,40,2,39,6731,38,9208,37,9042,36,402,40,4,41,11993,42,23865,43,21039,44,6023,40.0
2026-04-18 12:22:52 AM,KXATPMATCH-26APR18JODFIL-JOD,40,2,39,6731,38,9208,37,9042,36,402,40,4,41,11993,42,24665,43,21039,44,6023,40.0
2026-04-18 12:26:29 AM,KXATPMATCH-26APR18JODFIL-JOD,40,2,39,6731,38,9208,37,9042,36,402,40,4,41,11988,42,24665,43,21039,44,6023,40.0
2026-04-18 12:26:30 AM,KXATPMATCH-26APR18JODFIL-JOD,40,2,39,6736,38,9208,37,9042,36,402,40,4,41,11988,42,24665,43,21039,44,6023,40.0
2026-04-18 12:28:09 AM,KXATPMATCH-26APR18JODFIL-JOD,40,2,39,6736,38,9208,37,9042,36,402,40,4,41,11971,42,24665,43,21039,44,6023,40.0
2026-04-18 12:28:12 AM,KXATPMATCH-26APR18JODFIL-JOD,40,2,39,6753,38,9208,37,9042,36,402,40,4,41,11971,42,24665,43,21039,44,6023,40.0
2026-04-18 12:29:34 AM,KXATPMATCH-26APR18JODFIL-JOD,40,2,39,6753,38,9208,37,9042,36,402,40,4,41,11904,42,24665,43,21039,44,6023,40.0
2026-04-18 12:29:35 AM,KXATPMATCH-26APR18JODFIL-JOD,40,2,39,6736,38,9208,37,9042,36,402,40,4,41,11904,42,24665,43,21039,44,6023,40.0
2026-04-18 12:29:35 AM,KXATPMATCH-26APR18JODFIL-JOD,40,2,39,6820,38,9208,37,9042,36,402,40,4,41,11904,42,24665,43,21039,44,6023,40.0
2026-04-18 12:29:51 AM,KXATPMATCH-26APR18JODFIL-JOD,40,2,39,6820,38,9208,37,9042,36,402,40,4,41,11887,42,24665,43,21039,44,6023,40.0
2026-04-18 12:29:54 AM,KXATPMATCH-26APR18JODFIL-JOD,40,2,39,6736,38,9208,37,9042,36,402,40,4,41,11887,42,24665,43,21039,44,6023,40.0
2026-04-18 12:29:54 AM,KXATPMATCH-26APR18JODFIL-JOD,40,2,39,6837,38,9208,37,9042,36,402,40,4,41,11887,42,24665,43,21039,44,6023,40.0
2026-04-18 12:32:16 AM,KXATPMATCH-26APR18JODFIL-JOD,40,2,39,6837,38,9508,37,9042,36,402,40,4,41,11887,42,24665,43,21039,44,6023,40.0
2026-04-18 12:32:16 AM,KXATPMATCH-26APR18JODFIL-JOD,40,2,39,6837,38,9508,37,9042,36,402,40,4,41,11887,42,24665,43,21039,44,13973,40.0
2026-04-18 12:32:45 AM,KXATPMATCH-26APR18JODFIL-JOD,40,2,39,6837,38,9508,37,9042,36,402,40,4,41,11856,42,24665,43,21039,44,13973,40.0
2026-04-18 12:32:46 AM,KXATPMATCH-26APR18JODFIL-JOD,40,2,39,6736,38,9508,37,9042,36,402,40,4,41,11856,42,24665,43,21039,44,13973,40.0
2026-04-18 12:32:46 AM,KXATPMATCH-26APR18JODFIL-JOD,40,2,39,6868,38,9508,37,9042,36,402,40,4,41,11856,42,24665,43,21039,44,13973,40.0
2026-04-18 12:32:46 AM,KXATPMATCH-26APR18JODFIL-JOD,40,2,39,6868,38,9508,37,9042,36,402,40,4,41,11857,42,24665,43,21039,44,13973,40.0
2026-04-18 12:32:51 AM,KXATPMATCH-26APR18JODFIL-JOD,40,2,39,6868,38,9508,37,9042,36,402,40,4,41,11857,42,24665,43,21039,44,14973,40.0
2026-04-18 12:32:58 AM,KXATPMATCH-26APR18JODFIL-JOD,40,2,39,6868,38,9508,37,9042,36,402,40,4,41,11857,42,24665,43,17987,44,14973,40.0
2026-04-18 12:32:59 AM,KXATPMATCH-26APR18JODFIL-JOD,40,2,39,6868,38,9508,37,9042,36,402,40,4,41,11857,42,24665,43,21039,44,14973,40.0
2026-04-18 12:33:38 AM,KXATPMATCH-26APR18JODFIL-JOD,40,2,39,6868,38,9508,37,9042,36,402,40,4,41,11857,42,24665,43,21039,44,13973,40.0
2026-04-18 12:34:09 AM,KXATPMATCH-26APR18JODFIL-JOD,40,2,39,6868,38,9508,37,9042,36,402,40,4,41,11857,42,24665,43,21039,44,14623,40.0
2026-04-18 12:34:21 AM,KXATPMATCH-26APR18JODFIL-JOD,40,2,39,6868,38,9508,37,9042,36,402,40,4,41,11856,42,24665,43,21039,44,14623,40.0
2026-04-18 12:34:21 AM,KXATPMATCH-26APR18JODFIL-JOD,40,2,39,6868,38,9508,37,9042,36,402,40,4,41,11858,42,24665,43,21039,44,14623,40.0
2026-04-18 12:34:23 AM,KXATPMATCH-26APR18JODFIL-JOD,40,2,39,6868,38,9508,37,9042,36,402,40,4,41,11685,42,24665,43,21039,44,14623,40.0
2026-04-18 12:34:26 AM,KXATPMATCH-26APR18JODFIL-JOD,40,2,39,6736,38,9508,37,9042,36,402,40,4,41,11685,42,24665,43,21039,44,14623,40.0
2026-04-18 12:34:26 AM,KXATPMATCH-26APR18JODFIL-JOD,40,2,39,7041,38,9508,37,9042,36,402,40,4,41,11685,42,24665,43,21039,44,14623,40.0
2026-04-18 12:34:35 AM,KXATPMATCH-26APR18JODFIL-JOD,40,2,39,7041,38,9508,37,9042,36,402,40,4,41,11627,42,24665,43,21039,44,14623,40.0
2026-04-18 12:34:38 AM,KXATPMATCH-26APR18JODFIL-JOD,40,2,39,6736,38,9508,37,9042,36,402,40,4,41,11627,42,24665,43,21039,44,14623,40.0
2026-04-18 12:34:38 AM,KXATPMATCH-26APR18JODFIL-JOD,40,2,39,6736,38,9508,37,9042,36,402,40,4,41,11625,42,24665,43,21039,44,14623,40.0
2026-04-18 12:34:38 AM,KXATPMATCH-26APR18JODFIL-JOD,40,2,39,7099,38,9508,37,9042,36,402,40,4,41,11625,42,24665,43,21039,44,14623,40.0
2026-04-18 12:34:38 AM,KXATPMATCH-26APR18JODFIL-JOD,40,2,39,7099,38,9508,37,9042,36,402,40,4,41,11628,42,24665,43,21039,44,14623,40.0
2026-04-18 12:34:41 AM,KXATPMATCH-26APR18JODFIL-JOD,40,2,39,7099,38,12560,37,9042,36,402,40,4,41,11628,42,24665,43,21039,44,14623,40.0
2026-04-18 12:34:41 AM,KXATPMATCH-26APR18JODFIL-JOD,40,2,39,7099,38,12560,37,9042,36,402,40,4,41,11628,42,27717,43,21039,44,14623,40.0
2026-04-18 12:34:41 AM,KXATPMATCH-26APR18JODFIL-JOD,40,2,39,4047,38,12560,37,9042,36,402,40,4,41,11628,42,27717,43,21039,44,14623,40.0
2026-04-18 12:34:41 AM,KXATPMATCH-26APR18JODFIL-JOD,40,2,39,4047,38,12560,37,9042,36,402,40,4,41,11628,42,27717,43,17987,44,14623,40.0
2026-04-18 12:34:46 AM,KXATPMATCH-26APR18JODFIL-JOD,40,2,39,4046,38,12560,37,9042,36,402,40,4,41,11628,42,27717,43,17987,44,14623,40.0
2026-04-18 12:34:49 AM,KXATPMATCH-26APR18JODFIL-JOD,40,2,39,4046,38,12560,37,9042,36,402,40,4,41,11628,42,24665,43,17987,44,14623,40.0
2026-04-18 12:34:49 AM,KXATPMATCH-26APR18JODFIL-JOD,40,2,39,7098,38,12560,37,9042,36,402,40,4,41,11628,42,24665,43,17987,44,14623,40.0
2026-04-18 12:34:49 AM,KXATPMATCH-26APR18JODFIL-JOD,40,2,39,7098,38,12560,37,9042,36,402,40,4,41,11628,42,24665,43,21039,44,14623,40.0
2026-04-18 12:34:49 AM,KXATPMATCH-26APR18JODFIL-JOD,40,2,39,7098,38,9508,37,9042,36,402,40,4,41,11628,42,24665,43,21039,44,14623,40.0
