ts_et,ticker,bid_1,bid_1_sz,bid_2,bid_2_sz,bid_3,bid_3_sz,bid_4,bid_4_sz,bid_5,bid_5_sz,ask_1,ask_1_sz,ask_2,ask_2_sz,ask_3,ask_3_sz,ask_4,ask_4_sz,ask_5,ask_5_sz,mid
2026-04-18 03:34:34 PM,KXATPCHALLENGERMATCH-26APR19TRECAM-CAM,6,116,5,199,4,823,3,540,2,900,94,365,95,30,96,543,97,82,98,120,50.0
2026-04-18 03:34:56 PM,KXATPCHALLENGERMATCH-26APR19TRECAM-CAM,6,116,5,199,4,823,3,540,2,900,94,365,95,30,96,543,97,84,98,120,50.0
2026-04-18 03:34:56 PM,KXATPCHALLENGERMATCH-26APR19TRECAM-CAM,6,116,5,199,4,823,3,540,2,900,94,365,95,30,96,543,97,84,98,123,50.0
2026-04-18 03:37:28 PM,KXATPCHALLENGERMATCH-26APR19TRECAM-CAM,6,116,5,199,4,823,3,540,2,900,94,365,95,30,96,543,97,84,98,123,50.0,2578,1145,0.692
2026-04-18 03:46:12 PM,KXATPCHALLENGERMATCH-26APR19TRECAM-CAM,7,5,6,116,5,199,4,823,3,540,94,365,95,30,96,543,97,84,98,123,50.5,1683,1145,0.595
2026-04-18 03:46:12 PM,KXATPCHALLENGERMATCH-26APR19TRECAM-CAM,7,5,6,116,5,199,4,823,3,540,93,5,94,365,95,30,96,543,97,84,50.0,1683,1027,0.621
2026-04-18 03:51:34 PM,KXATPCHALLENGERMATCH-26APR19TRECAM-CAM,7,5,6,116,5,199,4,823,3,540,93,5,94,365,95,25,96,543,97,84,50.0,1683,1022,0.622
2026-04-18 03:51:34 PM,KXATPCHALLENGERMATCH-26APR19TRECAM-CAM,7,5,6,116,5,194,4,823,3,540,93,5,94,365,95,25,96,543,97,84,50.0,1678,1022,0.621
2026-04-18 03:54:48 PM,KXATPCHALLENGERMATCH-26APR19TRECAM-CAM,78,500,7,5,6,116,5,194,4,823,93,5,94,365,95,25,96,543,97,84,85.5,1638,1022,0.616
2026-04-18 03:54:49 PM,KXATPCHALLENGERMATCH-26APR19TRECAM-CAM,78,500,7,5,6,116,5,194,4,823,92,71,93,5,94,365,95,25,96,543,85.0,1638,1009,0.619
2026-04-18 03:56:55 PM,KXATPCHALLENGERMATCH-26APR19TRECAM-CAM,78,500,7,5,6,116,5,194,4,823,92,71,93,5,94,365,95,25,96,543,85.0,1638,1009,0.619
2026-04-18 03:57:40 PM,KXATPCHALLENGERMATCH-26APR19TRECAM-CAM,78,500,7,5,6,116,5,194,4,823,92,71,93,5,94,365,95,25,96,543,85.0,1638,1009,0.619
2026-04-18 04:00:08 PM,KXATPCHALLENGERMATCH-26APR19TRECAM-CAM,78,500,7,5,6,216,5,194,4,823,92,71,93,5,94,365,95,25,96,543,85.0,1738,1009,0.633
2026-04-18 04:00:09 PM,KXATPCHALLENGERMATCH-26APR19TRECAM-CAM,78,500,7,5,6,216,5,194,4,823,92,571,93,5,94,365,95,25,96,543,85.0,1738,1509,0.535
2026-04-18 04:00:09 PM,KXATPCHALLENGERMATCH-26APR19TRECAM-CAM,78,500,7,5,6,216,5,194,4,823,92,627,93,5,94,365,95,25,96,543,85.0,1738,1565,0.526
2026-04-18 04:00:20 PM,KXATPCHALLENGERMATCH-26APR19TRECAM-CAM,78,500,7,5,6,116,5,194,4,823,92,627,93,5,94,365,95,25,96,543,85.0,1638,1565,0.511
2026-04-18 04:00:20 PM,KXATPCHALLENGERMATCH-26APR19TRECAM-CAM,78,500,7,5,6,116,5,194,4,823,92,127,93,5,94,365,95,25,96,543,85.0,1638,1065,0.606
2026-04-18 04:00:20 PM,KXATPCHALLENGERMATCH-26APR19TRECAM-CAM,78,500,7,5,6,116,5,194,4,823,92,71,93,5,94,365,95,25,96,543,85.0,1638,1009,0.619
2026-04-18 04:01:55 PM,KXATPCHALLENGERMATCH-26APR19TRECAM-CAM,78,500,7,5,6,116,5,194,4,823,92,71,94,365,95,25,96,543,97,84,85.0,1638,1088,0.601
2026-04-18 04:01:55 PM,KXATPCHALLENGERMATCH-26APR19TRECAM-CAM,78,500,6,116,5,194,4,823,3,540,92,71,94,365,95,25,96,543,97,84,85.0,2173,1088,0.666
2026-04-18 04:01:56 PM,KXATPCHALLENGERMATCH-26APR19TRECAM-CAM,78,500,6,116,5,194,4,823,3,540,92,69,94,365,95,25,96,543,97,84,85.0,2173,1086,0.667
2026-04-18 04:01:59 PM,KXATPCHALLENGERMATCH-26APR19TRECAM-CAM,78,500,6,116,5,194,4,823,3,540,92,150,94,365,95,25,96,543,97,84,85.0,2173,1167,0.651
2026-04-18 04:07:16 PM,KXATPCHALLENGERMATCH-26APR19TRECAM-CAM,78,500,7,6618,6,116,5,194,4,823,92,150,94,365,95,25,96,543,97,84,85.0,8251,1167,0.876
2026-04-18 04:07:19 PM,KXATPCHALLENGERMATCH-26APR19TRECAM-CAM,78,500,7,6618,6,116,5,194,4,823,92,150,94,365,95,25,96,543,97,84,85.0,8251,1167,0.876
2026-04-18 04:10:33 PM,KXATPCHALLENGERMATCH-26APR19TRECAM-CAM,78,506,7,6618,6,116,5,194,4,823,92,150,94,365,95,25,96,543,97,84,85.0,8257,1167,0.876
2026-04-18 04:10:33 PM,KXATPCHALLENGERMATCH-26APR19TRECAM-CAM,78,506,8,107,7,6618,6,116,5,194,92,150,94,365,95,25,96,543,97,84,85.0,7541,1167,0.866
2026-04-18 04:10:33 PM,KXATPCHALLENGERMATCH-26APR19TRECAM-CAM,78,506,8,107,7,6618,6,116,5,194,91,57,92,150,94,365,95,25,96,543,84.5,7541,1140,0.869
2026-04-18 04:10:33 PM,KXATPCHALLENGERMATCH-26APR19TRECAM-CAM,78,506,8,107,7,6618,6,116,5,194,91,57,92,150,93,26,94,365,95,25,84.5,7541,623,0.924
2026-04-18 04:10:33 PM,KXATPCHALLENGERMATCH-26APR19TRECAM-CAM,78,506,8,107,7,6618,6,116,5,194,91,57,93,26,94,365,95,25,96,543,84.5,7541,1016,0.881
2026-04-18 04:10:33 PM,KXATPCHALLENGERMATCH-26APR19TRECAM-CAM,78,506,8,107,7,6618,6,116,5,194,90,120,91,57,93,26,94,365,95,25,84.0,7541,593,0.927
2026-04-18 04:10:34 PM,KXATPCHALLENGERMATCH-26APR19TRECAM-CAM,78,506,8,107,7,6618,6,116,5,194,90,120,93,26,94,365,95,25,96,543,84.0,7541,1079,0.875
2026-04-18 04:10:34 PM,KXATPCHALLENGERMATCH-26APR19TRECAM-CAM,78,506,8,107,7,6618,6,116,5,194,90,120,94,365,95,25,96,543,97,84,84.0,7541,1137,0.869
2026-04-18 04:10:54 PM,KXATPCHALLENGERMATCH-26APR19TRECAM-CAM,78,506,8,107,7,6618,6,116,5,194,89,32,90,120,94,365,95,25,96,543,83.5,7541,1085,0.874
2026-04-18 04:10:54 PM,KXATPCHALLENGERMATCH-26APR19TRECAM-CAM,78,506,8,107,7,6618,6,116,5,194,89,32,90,120,93,51,94,365,95,25,83.5,7541,593,0.927
2026-04-18 04:10:54 PM,KXATPCHALLENGERMATCH-26APR19TRECAM-CAM,78,506,8,107,7,6618,6,116,5,194,89,32,93,51,94,365,95,25,96,543,83.5,7541,1016,0.881
2026-04-18 04:10:54 PM,KXATPCHALLENGERMATCH-26APR19TRECAM-CAM,78,506,8,107,7,6618,6,116,5,194,93,51,94,365,95,25,96,543,97,84,85.5,7541,1068,0.876
2026-04-18 04:10:54 PM,KXATPCHALLENGERMATCH-26APR19TRECAM-CAM,78,506,8,107,7,6618,6,116,5,194,93,83,94,365,95,25,96,543,97,84,85.5,7541,1100,0.873
2026-04-18 04:10:54 PM,KXATPCHALLENGERMATCH-26APR19TRECAM-CAM,78,506,8,107,7,6618,6,116,5,194,93,83,94,378,95,25,96,543,97,84,85.5,7541,1113,0.871
2026-04-18 04:10:55 PM,KXATPCHALLENGERMATCH-26APR19TRECAM-CAM,78,506,8,107,7,6618,6,116,5,194,92,150,93,83,94,378,95,25,96,543,85.0,7541,1179,0.865
2026-04-18 04:10:55 PM,KXATPCHALLENGERMATCH-26APR19TRECAM-CAM,78,506,8,107,7,6618,6,116,5,194,91,57,92,150,93,83,94,378,95,25,84.5,7541,693,0.916
2026-04-18 04:10:55 PM,KXATPCHALLENGERMATCH-26APR19TRECAM-CAM,78,506,8,107,7,6618,6,116,5,194,91,57,92,150,93,83,94,365,95,25,84.5,7541,680,0.917
2026-04-18 04:10:55 PM,KXATPCHALLENGERMATCH-26APR19TRECAM-CAM,78,506,8,107,7,6618,6,116,5,194,91,57,92,150,93,32,94,365,95,25,84.5,7541,629,0.923
2026-04-18 04:10:55 PM,KXATPCHALLENGERMATCH-26APR19TRECAM-CAM,78,506,8,107,7,6618,6,116,5,194,91,57,93,32,94,365,95,25,96,543,84.5,7541,1022,0.881
2026-04-18 04:10:55 PM,KXATPCHALLENGERMATCH-26APR19TRECAM-CAM,78,506,8,107,7,6618,6,116,5,194,90,120,91,57,93,32,94,365,95,25,84.0,7541,599,0.926
2026-04-18 04:10:55 PM,KXATPCHALLENGERMATCH-26APR19TRECAM-CAM,78,506,8,107,7,6618,6,116,5,194,90,120,93,32,94,365,95,25,96,543,84.0,7541,1085,0.874
2026-04-18 04:10:55 PM,KXATPCHALLENGERMATCH-26APR19TRECAM-CAM,78,506,8,107,7,6618,6,116,5,194,90,120,94,365,95,25,96,543,97,84,84.0,7541,1137,0.869
2026-04-18 04:10:55 PM,KXATPCHALLENGERMATCH-26APR19TRECAM-CAM,78,506,8,107,7,6618,6,116,5,194,89,32,90,120,94,365,95,25,96,543,83.5,7541,1085,0.874
2026-04-18 04:10:55 PM,KXATPCHALLENGERMATCH-26APR19TRECAM-CAM,78,506,8,107,7,6618,6,116,5,194,89,32,90,133,94,365,95,25,96,543,83.5,7541,1098,0.873
2026-04-18 04:10:56 PM,KXATPCHALLENGERMATCH-26APR19TRECAM-CAM,78,506,8,107,7,6618,6,116,5,194,89,32,90,13,94,365,95,25,96,543,83.5,7541,978,0.885
2026-04-18 04:10:56 PM,KXATPCHALLENGERMATCH-26APR19TRECAM-CAM,78,506,8,107,7,6618,6,116,5,194,90,13,94,365,95,25,96,543,97,84,84.0,7541,1030,0.880
2026-04-18 04:10:56 PM,KXATPCHALLENGERMATCH-26APR19TRECAM-CAM,78,506,8,107,7,6618,6,116,5,194,94,365,95,25,96,543,97,84,98,123,86.0,7541,1140,0.869
2026-04-18 04:10:56 PM,KXATPCHALLENGERMATCH-26APR19TRECAM-CAM,78,506,8,107,7,6618,6,116,5,194,88,19,94,365,95,25,96,543,97,84,83.0,7541,1036,0.879
2026-04-18 04:10:56 PM,KXATPCHALLENGERMATCH-26APR19TRECAM-CAM,78,506,8,107,7,6618,6,116,5,194,88,19,89,13,94,365,95,25,96,543,83.0,7541,965,0.887
2026-04-18 04:10:56 PM,KXATPCHALLENGERMATCH-26APR19TRECAM-CAM,78,506,8,107,7,6618,6,116,5,194,88,19,89,13,93,171,94,365,95,25,83.0,7541,593,0.927
2026-04-18 04:10:56 PM,KXATPCHALLENGERMATCH-26APR19TRECAM-CAM,78,506,8,107,7,6618,6,116,5,194,88,19,89,13,94,365,95,25,96,543,83.0,7541,965,0.887
2026-04-18 04:10:56 PM,KXATPCHALLENGERMATCH-26APR19TRECAM-CAM,78,506,8,107,7,6618,6,116,5,194,89,13,94,365,95,25,96,543,97,84,83.5,7541,1030,0.880
2026-04-18 04:10:56 PM,KXATPCHALLENGERMATCH-26APR19TRECAM-CAM,78,506,8,107,7,6618,6,116,5,194,94,365,95,25,96,543,97,84,98,123,86.0,7541,1140,0.869
2026-04-18 04:10:56 PM,KXATPCHALLENGERMATCH-26APR19TRECAM-CAM,78,506,8,107,7,6618,6,116,5,194,93,83,94,365,95,25,96,543,97,84,85.5,7541,1100,0.873
2026-04-18 04:10:57 PM,KXATPCHALLENGERMATCH-26APR19TRECAM-CAM,78,506,8,107,7,6618,6,116,5,194,92,150,93,83,94,365,95,25,96,543,85.0,7541,1166,0.866
2026-04-18 04:10:57 PM,KXATPCHALLENGERMATCH-26APR19TRECAM-CAM,78,506,8,107,7,6618,6,116,5,194,92,150,93,83,94,378,95,25,96,543,85.0,7541,1179,0.865
2026-04-18 04:10:57 PM,KXATPCHALLENGERMATCH-26APR19TRECAM-CAM,78,506,8,107,7,6618,6,116,5,194,92,150,94,378,95,25,96,543,97,84,85.0,7541,1180,0.865
2026-04-18 04:10:57 PM,KXATPCHALLENGERMATCH-26APR19TRECAM-CAM,78,506,8,107,7,6618,6,116,5,194,91,57,92,150,94,378,95,25,96,543,84.5,7541,1153,0.867
2026-04-18 04:10:57 PM,KXATPCHALLENGERMATCH-26APR19TRECAM-CAM,78,506,8,107,7,6618,6,116,5,194,91,57,92,150,94,365,95,25,96,543,84.5,7541,1140,0.869
2026-04-18 04:10:58 PM,KXATPCHALLENGERMATCH-26APR19TRECAM-CAM,78,506,8,107,7,6618,6,116,5,194,91,57,94,365,95,25,96,543,97,84,84.5,7541,1074,0.875
2026-04-18 04:10:58 PM,KXATPCHALLENGERMATCH-26APR19TRECAM-CAM,78,506,8,107,7,6618,6,116,5,194,90,120,91,57,94,365,95,25,96,543,84.0,7541,1110,0.872
2026-04-18 04:10:58 PM,KXATPCHALLENGERMATCH-26APR19TRECAM-CAM,78,506,8,107,7,6618,6,116,5,194,89,32,90,120,91,57,94,365,95,25,83.5,7541,599,0.926
2026-04-18 04:10:58 PM,KXATPCHALLENGERMATCH-26APR19TRECAM-CAM,78,506,8,107,7,6618,6,116,5,194,89,32,90,120,91,57,93,51,94,365,83.5,7541,625,0.923
2026-04-18 04:10:58 PM,KXATPCHALLENGERMATCH-26APR19TRECAM-CAM,78,506,8,107,7,6618,6,116,5,194,89,32,90,120,93,51,94,365,95,25,83.5,7541,593,0.927
2026-04-18 04:10:58 PM,KXATPCHALLENGERMATCH-26APR19TRECAM-CAM,78,506,8,107,7,6618,6,116,5,194,89,32,93,51,94,365,95,25,96,543,83.5,7541,1016,0.881
2026-04-18 04:10:58 PM,KXATPCHALLENGERMATCH-26APR19TRECAM-CAM,78,506,8,107,7,6618,6,116,5,194,93,51,94,365,95,25,96,543,97,84,85.5,7541,1068,0.876
2026-04-18 04:10:58 PM,KXATPCHALLENGERMATCH-26APR19TRECAM-CAM,78,506,8,107,7,6618,6,116,5,194,93,83,94,365,95,25,96,543,97,84,85.5,7541,1100,0.873
2026-04-18 04:10:58 PM,KXATPCHALLENGERMATCH-26APR19TRECAM-CAM,78,506,8,107,7,6618,6,116,5,194,93,83,94,378,95,25,96,543,97,84,85.5,7541,1113,0.871
2026-04-18 04:10:59 PM,KXATPCHALLENGERMATCH-26APR19TRECAM-CAM,78,506,8,107,7,6618,6,116,5,194,92,150,93,83,94,378,95,25,96,543,85.0,7541,1179,0.865
2026-04-18 04:10:59 PM,KXATPCHALLENGERMATCH-26APR19TRECAM-CAM,78,506,8,107,7,6618,6,116,5,194,92,150,93,83,94,365,95,25,96,543,85.0,7541,1166,0.866
2026-04-18 04:10:59 PM,KXATPCHALLENGERMATCH-26APR19TRECAM-CAM,78,506,8,107,7,6618,6,116,5,194,92,150,93,32,94,365,95,25,96,543,85.0,7541,1115,0.871
2026-04-18 04:10:59 PM,KXATPCHALLENGERMATCH-26APR19TRECAM-CAM,78,506,8,107,7,6618,6,116,5,194,92,150,94,365,95,25,96,543,97,84,85.0,7541,1167,0.866
2026-04-18 04:10:59 PM,KXATPCHALLENGERMATCH-26APR19TRECAM-CAM,78,506,8,107,7,6618,6,116,5,194,91,57,92,150,94,365,95,25,96,543,84.5,7541,1140,0.869
2026-04-18 04:10:59 PM,KXATPCHALLENGERMATCH-26APR19TRECAM-CAM,78,506,8,107,7,6618,6,116,5,194,91,57,92,163,94,365,95,25,96,543,84.5,7541,1153,0.867
2026-04-18 04:10:59 PM,KXATPCHALLENGERMATCH-26APR19TRECAM-CAM,78,506,8,107,7,6618,6,116,5,194,91,57,92,13,94,365,95,25,96,543,84.5,7541,1003,0.883
2026-04-18 04:10:59 PM,KXATPCHALLENGERMATCH-26APR19TRECAM-CAM,78,506,8,107,7,6618,6,116,5,194,90,120,91,57,92,13,94,365,95,25,84.0,7541,580,0.929
2026-04-18 04:10:59 PM,KXATPCHALLENGERMATCH-26APR19TRECAM-CAM,78,506,8,107,7,6618,6,116,5,194,89,32,90,120,91,57,92,13,94,365,83.5,7541,587,0.928
2026-04-18 04:10:59 PM,KXATPCHALLENGERMATCH-26APR19TRECAM-CAM,78,506,8,107,7,6618,6,116,5,194,89,32,90,120,92,13,94,365,95,25,83.5,7541,555,0.931
2026-04-18 04:10:59 PM,KXATPCHALLENGERMATCH-26APR19TRECAM-CAM,78,506,8,107,7,6618,6,116,5,194,89,32,90,120,92,13,93,51,94,365,83.5,7541,581,0.928
2026-04-18 04:10:59 PM,KXATPCHALLENGERMATCH-26APR19TRECAM-CAM,78,506,8,107,7,6618,6,116,5,194,89,32,90,120,93,51,94,365,95,25,83.5,7541,593,0.927
2026-04-18 04:11:00 PM,KXATPCHALLENGERMATCH-26APR19TRECAM-CAM,78,506,8,107,7,6618,6,116,5,194,89,32,93,51,94,365,95,25,96,543,83.5,7541,1016,0.881
2026-04-18 04:11:00 PM,KXATPCHALLENGERMATCH-26APR19TRECAM-CAM,78,506,8,107,7,6618,6,116,5,194,89,32,93,83,94,365,95,25,96,543,83.5,7541,1048,0.878
2026-04-18 04:11:00 PM,KXATPCHALLENGERMATCH-26APR19TRECAM-CAM,78,506,8,107,7,6618,6,116,5,194,93,83,94,365,95,25,96,543,97,84,85.5,7541,1100,0.873
2026-04-18 04:11:00 PM,KXATPCHALLENGERMATCH-26APR19TRECAM-CAM,78,506,8,107,7,6618,6,116,5,194,92,150,93,83,94,365,95,25,96,543,85.0,7541,1166,0.866
2026-04-18 04:11:00 PM,KXATPCHALLENGERMATCH-26APR19TRECAM-CAM,78,506,8,107,7,6618,6,116,5,194,92,150,93,32,94,365,95,25,96,543,85.0,7541,1115,0.871
2026-04-18 04:11:00 PM,KXATPCHALLENGERMATCH-26APR19TRECAM-CAM,78,506,8,107,7,6618,6,116,5,194,88,19,92,150,93,32,94,365,95,25,83.0,7541,591,0.927
2026-04-18 04:11:01 PM,KXATPCHALLENGERMATCH-26APR19TRECAM-CAM,78,506,8,107,7,6618,6,116,5,194,88,19,93,32,94,365,95,25,96,543,83.0,7541,984,0.885
2026-04-18 04:11:01 PM,KXATPCHALLENGERMATCH-26APR19TRECAM-CAM,78,506,8,107,7,6618,6,116,5,194,93,32,94,365,95,25,96,543,97,84,85.5,7541,1049,0.878
2026-04-18 04:11:01 PM,KXATPCHALLENGERMATCH-26APR19TRECAM-CAM,78,506,8,107,7,6618,6,116,5,194,91,57,93,32,94,365,95,25,96,543,84.5,7541,1022,0.881
2026-04-18 04:11:01 PM,KXATPCHALLENGERMATCH-26APR19TRECAM-CAM,78,506,8,107,7,6618,6,116,5,194,91,57,92,13,93,32,94,365,95,25,84.5,7541,492,0.939
2026-04-18 04:11:01 PM,KXATPCHALLENGERMATCH-26APR19TRECAM-CAM,78,506,8,107,7,6618,6,116,5,194,90,9,91,57,92,13,93,32,94,365,84.0,7541,476,0.941
2026-04-18 04:11:01 PM,KXATPCHALLENGERMATCH-26APR19TRECAM-CAM,78,506,8,107,7,6618,6,116,5,194,90,120,91,57,92,13,93,32,94,365,84.0,7541,587,0.928
2026-04-18 04:11:01 PM,KXATPCHALLENGERMATCH-26APR19TRECAM-CAM,78,506,8,107,7,6618,6,116,5,194,89,32,90,120,91,57,92,13,93,32,83.5,7541,254,0.967
2026-04-18 04:11:01 PM,KXATPCHALLENGERMATCH-26APR19TRECAM-CAM,78,506,8,107,7,6618,6,116,5,194,89,32,90,120,92,13,93,32,94,365,83.5,7541,562,0.931
2026-04-18 04:11:01 PM,KXATPCHALLENGERMATCH-26APR19TRECAM-CAM,78,506,8,107,7,6618,6,116,5,194,89,32,90,120,93,32,94,365,95,25,83.5,7541,574,0.929
2026-04-18 04:11:02 PM,KXATPCHALLENGERMATCH-26APR19TRECAM-CAM,78,506,8,107,7,6618,6,116,5,194,89,32,93,32,94,365,95,25,96,543,83.5,7541,997,0.883
2026-04-18 04:11:02 PM,KXATPCHALLENGERMATCH-26APR19TRECAM-CAM,78,506,8,107,7,6618,6,116,5,194,89,32,93,51,94,365,95,25,96,543,83.5,7541,1016,0.881
2026-04-18 04:11:02 PM,KXATPCHALLENGERMATCH-26APR19TRECAM-CAM,78,506,8,107,7,6618,6,116,5,194,93,51,94,365,95,25,96,543,97,84,85.5,7541,1068,0.876
2026-04-18 04:11:02 PM,KXATPCHALLENGERMATCH-26APR19TRECAM-CAM,78,506,8,107,7,6618,6,116,5,194,92,150,93,51,94,365,95,25,96,543,85.0,7541,1134,0.869
2026-04-18 04:11:02 PM,KXATPCHALLENGERMATCH-26APR19TRECAM-CAM,78,506,8,107,7,6618,6,116,5,194,92,150,93,83,94,365,95,25,96,543,85.0,7541,1166,0.866
2026-04-18 04:11:02 PM,KXATPCHALLENGERMATCH-26APR19TRECAM-CAM,78,506,8,107,7,6618,6,116,5,194,92,150,93,51,94,365,95,25,96,543,85.0,7541,1134,0.869
2026-04-18 04:11:03 PM,KXATPCHALLENGERMATCH-26APR19TRECAM-CAM,78,506,8,107,7,6618,6,116,5,194,92,150,93,32,94,365,95,25,96,543,85.0,7541,1115,0.871
2026-04-18 04:11:03 PM,KXATPCHALLENGERMATCH-26APR19TRECAM-CAM,78,506,8,107,7,6618,6,116,5,194,91,57,92,150,93,32,94,365,95,25,84.5,7541,629,0.923
2026-04-18 04:11:03 PM,KXATPCHALLENGERMATCH-26APR19TRECAM-CAM,78,506,8,107,7,6618,6,116,5,194,91,57,93,32,94,365,95,25,96,543,84.5,7541,1022,0.881
2026-04-18 04:11:03 PM,KXATPCHALLENGERMATCH-26APR19TRECAM-CAM,78,506,8,107,7,6618,6,116,5,194,90,120,91,57,93,32,94,365,95,25,84.0,7541,599,0.926
2026-04-18 04:11:03 PM,KXATPCHALLENGERMATCH-26APR19TRECAM-CAM,78,506,8,107,7,6618,6,116,5,194,90,120,93,32,94,365,95,25,96,543,84.0,7541,1085,0.874
2026-04-18 04:11:03 PM,KXATPCHALLENGERMATCH-26APR19TRECAM-CAM,78,506,8,107,7,6618,6,116,5,194,90,120,94,365,95,25,96,543,97,84,84.0,7541,1137,0.869
2026-04-18 04:11:03 PM,KXATPCHALLENGERMATCH-26APR19TRECAM-CAM,78,506,8,107,7,6618,6,116,5,194,89,32,90,120,94,365,95,25,96,543,83.5,7541,1085,0.874
2026-04-18 04:11:04 PM,KXATPCHALLENGERMATCH-26APR19TRECAM-CAM,78,506,8,107,7,6618,6,116,5,194,89,32,94,365,95,25,96,543,97,84,83.5,7541,1049,0.878
2026-04-18 04:11:04 PM,KXATPCHALLENGERMATCH-26APR19TRECAM-CAM,78,506,8,107,7,6618,6,116,5,194,94,365,95,25,96,543,97,84,98,123,86.0,7541,1140,0.869
2026-04-18 04:11:04 PM,KXATPCHALLENGERMATCH-26APR19TRECAM-CAM,78,506,8,107,7,6618,6,116,5,194,93,171,94,365,95,25,96,543,97,84,85.5,7541,1188,0.864
2026-04-18 04:11:04 PM,KXATPCHALLENGERMATCH-26APR19TRECAM-CAM,78,506,8,107,7,6618,6,116,5,194,93,254,94,365,95,25,96,543,97,84,85.5,7541,1271,0.856
2026-04-18 04:11:05 PM,KXATPCHALLENGERMATCH-26APR19TRECAM-CAM,78,506,8,107,7,6618,6,116,5,194,93,171,94,365,95,25,96,543,97,84,85.5,7541,1188,0.864
2026-04-18 04:11:05 PM,KXATPCHALLENGERMATCH-26APR19TRECAM-CAM,78,506,8,107,7,6618,6,116,5,194,92,70,93,171,94,365,95,25,96,543,85.0,7541,1174,0.865
2026-04-18 04:11:05 PM,KXATPCHALLENGERMATCH-26APR19TRECAM-CAM,78,506,8,107,7,6618,6,116,5,194,92,70,93,184,94,365,95,25,96,543,85.0,7541,1187,0.864
2026-04-18 04:11:05 PM,KXATPCHALLENGERMATCH-26APR19TRECAM-CAM,78,506,8,107,7,6618,6,116,5,194,92,70,93,13,94,365,95,25,96,543,85.0,7541,1016,0.881
2026-04-18 04:11:05 PM,KXATPCHALLENGERMATCH-26APR19TRECAM-CAM,78,506,8,107,7,6618,6,116,5,194,91,133,92,70,93,13,94,365,95,25,84.5,7541,606,0.926
2026-04-18 04:11:06 PM,KXATPCHALLENGERMATCH-26APR19TRECAM-CAM,78,506,8,107,7,6618,6,116,5,194,90,45,91,133,92,70,93,13,94,365,84.0,7541,626,0.923
2026-04-18 04:11:06 PM,KXATPCHALLENGERMATCH-26APR19TRECAM-CAM,78,506,8,107,7,6618,6,116,5,194,90,45,91,133,92,70,93,38,94,365,84.0,7541,651,0.921
2026-04-18 04:11:06 PM,KXATPCHALLENGERMATCH-26APR19TRECAM-CAM,78,506,8,107,7,6618,6,116,5,194,90,45,91,133,93,38,94,365,95,25,84.0,7541,606,0.926
2026-04-18 04:11:06 PM,KXATPCHALLENGERMATCH-26APR19TRECAM-CAM,78,506,8,107,7,6618,6,116,5,194,90,45,93,38,94,365,95,25,96,543,84.0,7541,1016,0.881
2026-04-18 04:11:06 PM,KXATPCHALLENGERMATCH-26APR19TRECAM-CAM,78,506,8,107,7,6618,6,116,5,194,89,9,90,45,93,38,94,365,95,25,83.5,7541,482,0.940
2026-04-18 04:11:06 PM,KXATPCHALLENGERMATCH-26APR19TRECAM-CAM,78,506,8,107,7,6618,6,116,5,194,89,9,90,45,93,83,94,365,95,25,83.5,7541,527,0.935
2026-04-18 04:11:06 PM,KXATPCHALLENGERMATCH-26APR19TRECAM-CAM,78,506,8,107,7,6618,6,116,5,194,89,9,90,45,93,83,94,378,95,25,83.5,7541,540,0.933
2026-04-18 04:11:06 PM,KXATPCHALLENGERMATCH-26APR19TRECAM-CAM,78,506,8,107,7,6618,6,116,5,194,89,9,93,83,94,378,95,25,96,543,83.5,7541,1038,0.879
2026-04-18 04:11:07 PM,KXATPCHALLENGERMATCH-26APR19TRECAM-CAM,78,506,8,107,7,6618,6,116,5,194,88,19,89,9,93,83,94,378,95,25,83.0,7541,514,0.936
2026-04-18 04:11:07 PM,KXATPCHALLENGERMATCH-26APR19TRECAM-CAM,78,506,8,107,7,6618,6,116,5,194,88,19,89,9,93,83,94,365,95,25,83.0,7541,501,0.938
2026-04-18 04:11:07 PM,KXATPCHALLENGERMATCH-26APR19TRECAM-CAM,78,506,8,107,7,6618,6,116,5,194,88,19,93,83,94,365,95,25,96,543,83.0,7541,1035,0.879
2026-04-18 04:11:07 PM,KXATPCHALLENGERMATCH-26APR19TRECAM-CAM,78,506,8,107,7,6618,6,116,5,194,88,19,93,83,94,378,95,25,96,543,83.0,7541,1048,0.878
2026-04-18 04:11:07 PM,KXATPCHALLENGERMATCH-26APR19TRECAM-CAM,78,506,8,107,7,6618,6,116,5,194,93,83,94,378,95,25,96,543,97,84,85.5,7541,1113,0.871
2026-04-18 04:11:08 PM,KXATPCHALLENGERMATCH-26APR19TRECAM-CAM,78,506,8,107,7,6618,6,116,5,194,92,150,93,83,94,378,95,25,96,543,85.0,7541,1179,0.865
2026-04-18 04:11:08 PM,KXATPCHALLENGERMATCH-26APR19TRECAM-CAM,78,506,8,107,7,6618,6,116,5,194,91,57,92,150,93,83,94,378,95,25,84.5,7541,693,0.916
2026-04-18 04:11:08 PM,KXATPCHALLENGERMATCH-26APR19TRECAM-CAM,78,506,8,107,7,6618,6,116,5,194,91,57,92,150,93,83,94,365,95,25,84.5,7541,680,0.917
2026-04-18 04:11:08 PM,KXATPCHALLENGERMATCH-26APR19TRECAM-CAM,78,506,8,107,7,6618,6,116,5,194,91,57,92,150,93,70,94,365,95,25,84.5,7541,667,0.919
2026-04-18 04:11:08 PM,KXATPCHALLENGERMATCH-26APR19TRECAM-CAM,78,506,8,107,7,6618,6,116,5,194,91,57,92,150,93,45,94,365,95,25,84.5,7541,642,0.922
2026-04-18 04:11:08 PM,KXATPCHALLENGERMATCH-26APR19TRECAM-CAM,78,506,8,107,7,6618,6,116,5,194,91,57,92,150,94,365,95,25,96,543,84.5,7541,1140,0.869
2026-04-18 04:11:09 PM,KXATPCHALLENGERMATCH-26APR19TRECAM-CAM,78,506,8,107,7,6618,6,116,5,194,91,57,94,365,95,25,96,543,97,84,84.5,7541,1074,0.875
2026-04-18 04:11:09 PM,KXATPCHALLENGERMATCH-26APR19TRECAM-CAM,78,506,8,107,7,6618,6,116,5,194,90,120,91,57,94,365,95,25,96,543,84.0,7541,1110,0.872
2026-04-18 04:11:09 PM,KXATPCHALLENGERMATCH-26APR19TRECAM-CAM,78,506,8,107,7,6618,6,116,5,194,89,32,90,120,91,57,94,365,95,25,83.5,7541,599,0.926
2026-04-18 04:11:09 PM,KXATPCHALLENGERMATCH-26APR19TRECAM-CAM,78,506,8,107,7,6618,6,116,5,194,89,32,90,120,91,57,93,51,94,365,83.5,7541,625,0.923
2026-04-18 04:11:09 PM,KXATPCHALLENGERMATCH-26APR19TRECAM-CAM,78,506,8,107,7,6618,6,116,5,194,89,32,90,120,93,51,94,365,95,25,83.5,7541,593,0.927
2026-04-18 04:11:09 PM,KXATPCHALLENGERMATCH-26APR19TRECAM-CAM,78,506,8,107,7,6618,6,116,5,194,89,32,93,51,94,365,95,25,96,543,83.5,7541,1016,0.881
2026-04-18 04:11:09 PM,KXATPCHALLENGERMATCH-26APR19TRECAM-CAM,78,506,8,107,7,6618,6,116,5,194,89,32,93,83,94,365,95,25,96,543,83.5,7541,1048,0.878
2026-04-18 04:11:09 PM,KXATPCHALLENGERMATCH-26APR19TRECAM-CAM,78,506,8,107,7,6618,6,116,5,194,93,83,94,365,95,25,96,543,97,84,85.5,7541,1100,0.873
2026-04-18 04:11:09 PM,KXATPCHALLENGERMATCH-26APR19TRECAM-CAM,78,506,8,107,7,6618,6,116,5,194,93,83,94,378,95,25,96,543,97,84,85.5,7541,1113,0.871
2026-04-18 04:11:10 PM,KXATPCHALLENGERMATCH-26APR19TRECAM-CAM,78,506,8,107,7,6618,6,116,5,194,92,150,93,83,94,378,95,25,96,543,85.0,7541,1179,0.865
2026-04-18 04:11:10 PM,KXATPCHALLENGERMATCH-26APR19TRECAM-CAM,78,506,8,107,7,6618,6,116,5,194,91,57,92,150,93,83,94,378,95,25,84.5,7541,693,0.916
2026-04-18 04:11:10 PM,KXATPCHALLENGERMATCH-26APR19TRECAM-CAM,78,506,8,107,7,6618,6,116,5,194,91,57,92,150,93,83,94,365,95,25,84.5,7541,680,0.917
2026-04-18 04:11:10 PM,KXATPCHALLENGERMATCH-26APR19TRECAM-CAM,78,506,8,107,7,6618,6,116,5,194,91,57,92,150,93,32,94,365,95,25,84.5,7541,629,0.923
2026-04-18 04:11:10 PM,KXATPCHALLENGERMATCH-26APR19TRECAM-CAM,78,506,8,107,7,6618,6,116,5,194,91,57,93,32,94,365,95,25,96,543,84.5,7541,1022,0.881
2026-04-18 04:11:10 PM,KXATPCHALLENGERMATCH-26APR19TRECAM-CAM,78,506,8,107,7,6618,6,116,5,194,90,120,91,57,93,32,94,365,95,25,84.0,7541,599,0.926
2026-04-18 04:11:10 PM,KXATPCHALLENGERMATCH-26APR19TRECAM-CAM,78,506,8,107,7,6618,6,116,5,194,90,120,93,32,94,365,95,25,96,543,84.0,7541,1085,0.874
2026-04-18 04:11:10 PM,KXATPCHALLENGERMATCH-26APR19TRECAM-CAM,78,506,8,107,7,6618,6,116,5,194,89,32,90,120,93,32,94,365,95,25,83.5,7541,574,0.929
2026-04-18 04:11:10 PM,KXATPCHALLENGERMATCH-26APR19TRECAM-CAM,78,506,8,107,7,6618,6,116,5,194,89,32,90,120,93,51,94,365,95,25,83.5,7541,593,0.927
2026-04-18 04:11:11 PM,KXATPCHALLENGERMATCH-26APR19TRECAM-CAM,78,506,8,107,7,6618,6,116,5,194,89,32,93,51,94,365,95,25,96,543,83.5,7541,1016,0.881
2026-04-18 04:11:11 PM,KXATPCHALLENGERMATCH-26APR19TRECAM-CAM,78,506,8,107,7,6618,6,116,5,194,89,32,93,83,94,365,95,25,96,543,83.5,7541,1048,0.878
2026-04-18 04:11:11 PM,KXATPCHALLENGERMATCH-26APR19TRECAM-CAM,78,506,8,107,7,6618,6,116,5,194,89,32,93,83,94,378,95,25,96,543,83.5,7541,1061,0.877
2026-04-18 04:11:11 PM,KXATPCHALLENGERMATCH-26APR19TRECAM-CAM,78,506,8,107,7,6618,6,116,5,194,93,83,94,378,95,25,96,543,97,84,85.5,7541,1113,0.871
2026-04-18 04:11:11 PM,KXATPCHALLENGERMATCH-26APR19TRECAM-CAM,78,506,8,107,7,6618,6,116,5,194,92,150,93,83,94,378,95,25,96,543,85.0,7541,1179,0.865
2026-04-18 04:11:11 PM,KXATPCHALLENGERMATCH-26APR19TRECAM-CAM,78,506,8,107,7,6618,6,116,5,194,91,57,92,150,93,83,94,378,95,25,84.5,7541,693,0.916
2026-04-18 04:11:11 PM,KXATPCHALLENGERMATCH-26APR19TRECAM-CAM,78,506,8,107,7,6618,6,116,5,194,91,57,92,150,93,83,94,365,95,25,84.5,7541,680,0.917
2026-04-18 04:11:12 PM,KXATPCHALLENGERMATCH-26APR19TRECAM-CAM,78,506,8,107,7,6618,6,116,5,194,91,57,92,150,93,51,94,365,95,25,84.5,7541,648,0.921
2026-04-18 04:11:12 PM,KXATPCHALLENGERMATCH-26APR19TRECAM-CAM,78,506,8,107,7,6618,6,116,5,194,91,57,92,150,93,32,94,365,95,25,84.5,7541,629,0.923
2026-04-18 04:11:12 PM,KXATPCHALLENGERMATCH-26APR19TRECAM-CAM,78,506,8,107,7,6618,6,116,5,194,91,57,93,32,94,365,95,25,96,543,84.5,7541,1022,0.881
2026-04-18 04:11:12 PM,KXATPCHALLENGERMATCH-26APR19TRECAM-CAM,78,506,8,107,7,6618,6,116,5,194,90,120,91,57,93,32,94,365,95,25,84.0,7541,599,0.926
2026-04-18 04:11:12 PM,KXATPCHALLENGERMATCH-26APR19TRECAM-CAM,78,506,8,107,7,6618,6,116,5,194,90,120,93,32,94,365,95,25,96,543,84.0,7541,1085,0.874
2026-04-18 04:11:12 PM,KXATPCHALLENGERMATCH-26APR19TRECAM-CAM,78,506,8,107,7,6618,6,116,5,194,90,120,94,365,95,25,96,543,97,84,84.0,7541,1137,0.869
2026-04-18 04:11:12 PM,KXATPCHALLENGERMATCH-26APR19TRECAM-CAM,78,506,8,107,7,6618,6,116,5,194,89,32,90,120,94,365,95,25,96,543,83.5,7541,1085,0.874
2026-04-18 04:11:12 PM,KXATPCHALLENGERMATCH-26APR19TRECAM-CAM,78,506,8,107,7,6618,6,116,5,194,89,32,90,133,94,365,95,25,96,543,83.5,7541,1098,0.873
2026-04-18 04:11:12 PM,KXATPCHALLENGERMATCH-26APR19TRECAM-CAM,78,506,8,107,7,6618,6,116,5,194,89,32,90,13,94,365,95,25,96,543,83.5,7541,978,0.885
2026-04-18 04:11:13 PM,KXATPCHALLENGERMATCH-26APR19TRECAM-CAM,78,506,8,107,7,6618,6,116,5,194,89,32,90,13,93,83,94,365,95,25,83.5,7541,518,0.936
2026-04-18 04:11:13 PM,KXATPCHALLENGERMATCH-26APR19TRECAM-CAM,78,506,8,107,7,6618,6,116,5,194,89,32,90,13,93,83,94,378,95,25,83.5,7541,531,0.934
2026-04-18 04:11:13 PM,KXATPCHALLENGERMATCH-26APR19TRECAM-CAM,78,506,8,107,7,6618,6,116,5,194,90,13,93,83,94,378,95,25,96,543,84.0,7541,1042,0.879
2026-04-18 04:11:13 PM,KXATPCHALLENGERMATCH-26APR19TRECAM-CAM,78,506,8,107,7,6618,6,116,5,194,93,83,94,378,95,25,96,543,97,84,85.5,7541,1113,0.871
2026-04-18 04:11:13 PM,KXATPCHALLENGERMATCH-26APR19TRECAM-CAM,78,506,8,107,7,6618,6,116,5,194,92,150,93,83,94,378,95,25,96,543,85.0,7541,1179,0.865
2026-04-18 04:11:13 PM,KXATPCHALLENGERMATCH-26APR19TRECAM-CAM,78,506,8,107,7,6618,6,116,5,194,91,57,92,150,93,83,94,378,95,25,84.5,7541,693,0.916
2026-04-18 04:11:13 PM,KXATPCHALLENGERMATCH-26APR19TRECAM-CAM,78,506,8,107,7,6618,6,116,5,194,91,57,92,150,93,83,94,365,95,25,84.5,7541,680,0.917
2026-04-18 04:11:13 PM,KXATPCHALLENGERMATCH-26APR19TRECAM-CAM,78,506,8,107,7,6618,6,116,5,194,91,57,92,150,94,365,95,25,96,543,84.5,7541,1140,0.869
2026-04-18 04:11:14 PM,KXATPCHALLENGERMATCH-26APR19TRECAM-CAM,78,506,8,107,7,6618,6,116,5,194,91,57,92,150,93,26,94,365,95,25,84.5,7541,623,0.924
2026-04-18 04:11:14 PM,KXATPCHALLENGERMATCH-26APR19TRECAM-CAM,78,506,8,107,7,6618,6,116,5,194,91,57,93,26,94,365,95,25,96,543,84.5,7541,1016,0.881
2026-04-18 04:11:14 PM,KXATPCHALLENGERMATCH-26APR19TRECAM-CAM,78,506,8,107,7,6618,6,116,5,194,90,120,91,57,93,26,94,365,95,25,84.0,7541,593,0.927
2026-04-18 04:11:14 PM,KXATPCHALLENGERMATCH-26APR19TRECAM-CAM,78,506,8,107,7,6618,6,116,5,194,89,32,90,120,91,57,93,26,94,365,83.5,7541,600,0.926
2026-04-18 04:11:14 PM,KXATPCHALLENGERMATCH-26APR19TRECAM-CAM,78,506,8,107,7,6618,6,116,5,194,89,32,90,120,91,57,93,51,94,365,83.5,7541,625,0.923
2026-04-18 04:11:14 PM,KXATPCHALLENGERMATCH-26APR19TRECAM-CAM,78,506,8,107,7,6618,6,116,5,194,89,32,90,120,93,51,94,365,95,25,83.5,7541,593,0.927
2026-04-18 04:11:14 PM,KXATPCHALLENGERMATCH-26APR19TRECAM-CAM,78,506,8,107,7,6618,6,116,5,194,89,32,93,51,94,365,95,25,96,543,83.5,7541,1016,0.881
2026-04-18 04:11:15 PM,KXATPCHALLENGERMATCH-26APR19TRECAM-CAM,78,506,8,107,7,6618,6,116,5,194,89,32,93,83,94,365,95,25,96,543,83.5,7541,1048,0.878
2026-04-18 04:11:15 PM,KXATPCHALLENGERMATCH-26APR19TRECAM-CAM,78,506,8,107,7,6618,6,116,5,194,89,32,93,83,94,378,95,25,96,543,83.5,7541,1061,0.877
2026-04-18 04:11:15 PM,KXATPCHALLENGERMATCH-26APR19TRECAM-CAM,78,506,8,107,7,6618,6,116,5,194,93,83,94,378,95,25,96,543,97,84,85.5,7541,1113,0.871
2026-04-18 04:11:15 PM,KXATPCHALLENGERMATCH-26APR19TRECAM-CAM,78,506,8,107,7,6618,6,116,5,194,92,150,93,83,94,378,95,25,96,543,85.0,7541,1179,0.865
2026-04-18 04:11:15 PM,KXATPCHALLENGERMATCH-26APR19TRECAM-CAM,78,506,8,107,7,6618,6,116,5,194,92,150,93,83,94,365,95,25,96,543,85.0,7541,1166,0.866
2026-04-18 04:11:15 PM,KXATPCHALLENGERMATCH-26APR19TRECAM-CAM,78,506,8,107,7,6618,6,116,5,194,92,150,93,57,94,365,95,25,96,543,85.0,7541,1140,0.869
2026-04-18 04:11:15 PM,KXATPCHALLENGERMATCH-26APR19TRECAM-CAM,78,506,8,107,7,6618,6,116,5,194,92,150,93,32,94,365,95,25,96,543,85.0,7541,1115,0.871
2026-04-18 04:11:15 PM,KXATPCHALLENGERMATCH-26APR19TRECAM-CAM,78,506,8,107,7,6618,6,116,5,194,91,57,92,150,93,32,94,365,95,25,84.5,7541,629,0.923
2026-04-18 04:11:16 PM,KXATPCHALLENGERMATCH-26APR19TRECAM-CAM,78,506,8,107,7,6618,6,116,5,194,91,57,93,32,94,365,95,25,96,543,84.5,7541,1022,0.881
2026-04-18 04:11:16 PM,KXATPCHALLENGERMATCH-26APR19TRECAM-CAM,78,506,8,107,7,6618,6,116,5,194,90,120,91,57,93,32,94,365,95,25,84.0,7541,599,0.926
2026-04-18 04:11:16 PM,KXATPCHALLENGERMATCH-26APR19TRECAM-CAM,78,506,8,107,7,6618,6,116,5,194,90,120,93,32,94,365,95,25,96,543,84.0,7541,1085,0.874
2026-04-18 04:11:16 PM,KXATPCHALLENGERMATCH-26APR19TRECAM-CAM,78,506,8,107,7,6618,6,116,5,194,89,32,90,120,93,32,94,365,95,25,83.5,7541,574,0.929
2026-04-18 04:11:16 PM,KXATPCHALLENGERMATCH-26APR19TRECAM-CAM,78,506,8,107,7,6618,6,116,5,194,89,32,90,120,93,51,94,365,95,25,83.5,7541,593,0.927
2026-04-18 04:11:16 PM,KXATPCHALLENGERMATCH-26APR19TRECAM-CAM,78,506,8,107,7,6618,6,116,5,194,89,32,93,51,94,365,95,25,96,543,83.5,7541,1016,0.881
2026-04-18 04:11:16 PM,KXATPCHALLENGERMATCH-26APR19TRECAM-CAM,78,506,8,107,7,6618,6,116,5,194,93,51,94,365,95,25,96,543,97,84,85.5,7541,1068,0.876
2026-04-18 04:11:17 PM,KXATPCHALLENGERMATCH-26APR19TRECAM-CAM,78,506,8,107,7,6618,6,116,5,194,93,83,94,365,95,25,96,543,97,84,85.5,7541,1100,0.873
2026-04-18 04:11:17 PM,KXATPCHALLENGERMATCH-26APR19TRECAM-CAM,78,506,8,107,7,6618,6,116,5,194,93,83,94,378,95,25,96,543,97,84,85.5,7541,1113,0.871
2026-04-18 04:11:18 PM,KXATPCHALLENGERMATCH-26APR19TRECAM-CAM,78,506,8,107,7,6618,6,116,5,194,92,150,93,83,94,378,95,25,96,543,85.0,7541,1179,0.865
2026-04-18 04:11:18 PM,KXATPCHALLENGERMATCH-26APR19TRECAM-CAM,78,506,8,107,7,6618,6,116,5,194,91,57,92,150,93,83,94,378,95,25,84.5,7541,693,0.916
2026-04-18 04:11:18 PM,KXATPCHALLENGERMATCH-26APR19TRECAM-CAM,78,506,8,107,7,6618,6,116,5,194,91,57,92,150,93,83,94,365,95,25,84.5,7541,680,0.917
2026-04-18 04:11:18 PM,KXATPCHALLENGERMATCH-26APR19TRECAM-CAM,78,506,8,107,7,6618,6,116,5,194,91,57,92,150,93,51,94,365,95,25,84.5,7541,648,0.921
2026-04-18 04:11:18 PM,KXATPCHALLENGERMATCH-26APR19TRECAM-CAM,78,506,8,107,7,6618,6,116,5,194,91,57,92,150,93,32,94,365,95,25,84.5,7541,629,0.923
2026-04-18 04:11:18 PM,KXATPCHALLENGERMATCH-26APR19TRECAM-CAM,78,506,8,107,7,6618,6,116,5,194,91,57,93,32,94,365,95,25,96,543,84.5,7541,1022,0.881
2026-04-18 04:11:18 PM,KXATPCHALLENGERMATCH-26APR19TRECAM-CAM,78,506,8,107,7,6618,6,116,5,194,90,120,91,57,93,32,94,365,95,25,84.0,7541,599,0.926
2026-04-18 04:11:18 PM,KXATPCHALLENGERMATCH-26APR19TRECAM-CAM,78,506,8,107,7,6618,6,116,5,194,90,120,93,32,94,365,95,25,96,543,84.0,7541,1085,0.874
2026-04-18 04:11:18 PM,KXATPCHALLENGERMATCH-26APR19TRECAM-CAM,78,506,8,107,7,6618,6,116,5,194,89,32,90,120,93,32,94,365,95,25,83.5,7541,574,0.929
2026-04-18 04:11:18 PM,KXATPCHALLENGERMATCH-26APR19TRECAM-CAM,78,506,8,107,7,6618,6,116,5,194,89,32,90,120,93,51,94,365,95,25,83.5,7541,593,0.927
2026-04-18 04:11:19 PM,KXATPCHALLENGERMATCH-26APR19TRECAM-CAM,78,506,8,107,7,6618,6,116,5,194,89,32,93,51,94,365,95,25,96,543,83.5,7541,1016,0.881
2026-04-18 04:11:19 PM,KXATPCHALLENGERMATCH-26APR19TRECAM-CAM,78,506,8,107,7,6618,6,116,5,194,89,32,93,83,94,365,95,25,96,543,83.5,7541,1048,0.878
2026-04-18 04:11:19 PM,KXATPCHALLENGERMATCH-26APR19TRECAM-CAM,78,506,8,107,7,6618,6,116,5,194,93,83,94,365,95,25,96,543,97,84,85.5,7541,1100,0.873
2026-04-18 04:11:19 PM,KXATPCHALLENGERMATCH-26APR19TRECAM-CAM,78,506,8,107,7,6618,6,116,5,194,93,83,94,378,95,25,96,543,97,84,85.5,7541,1113,0.871
2026-04-18 04:11:20 PM,KXATPCHALLENGERMATCH-26APR19TRECAM-CAM,78,506,8,107,7,6618,6,116,5,194,92,150,93,83,94,378,95,25,96,543,85.0,7541,1179,0.865
2026-04-18 04:11:20 PM,KXATPCHALLENGERMATCH-26APR19TRECAM-CAM,78,506,8,107,7,6618,6,116,5,194,92,150,93,83,94,365,95,25,96,543,85.0,7541,1166,0.866
2026-04-18 04:11:20 PM,KXATPCHALLENGERMATCH-26APR19TRECAM-CAM,78,506,8,107,7,6618,6,116,5,194,92,150,93,51,94,365,95,25,96,543,85.0,7541,1134,0.869
2026-04-18 04:11:20 PM,KXATPCHALLENGERMATCH-26APR19TRECAM-CAM,78,506,8,107,7,6618,6,116,5,194,92,150,93,32,94,365,95,25,96,543,85.0,7541,1115,0.871
2026-04-18 04:11:20 PM,KXATPCHALLENGERMATCH-26APR19TRECAM-CAM,78,506,8,107,7,6618,6,116,5,194,92,150,94,365,95,25,96,543,97,84,85.0,7541,1167,0.866
2026-04-18 04:11:20 PM,KXATPCHALLENGERMATCH-26APR19TRECAM-CAM,78,506,8,107,7,6618,6,116,5,194,91,57,92,150,94,365,95,25,96,543,84.5,7541,1140,0.869
2026-04-18 04:11:20 PM,KXATPCHALLENGERMATCH-26APR19TRECAM-CAM,78,506,8,107,7,6618,6,116,5,194,91,57,92,163,94,365,95,25,96,543,84.5,7541,1153,0.867
2026-04-18 04:11:20 PM,KXATPCHALLENGERMATCH-26APR19TRECAM-CAM,78,506,8,107,7,6618,6,116,5,194,91,57,92,13,94,365,95,25,96,543,84.5,7541,1003,0.883
2026-04-18 04:11:20 PM,KXATPCHALLENGERMATCH-26APR19TRECAM-CAM,78,506,8,107,7,6618,6,116,5,194,90,120,91,57,92,13,94,365,95,25,84.0,7541,580,0.929
2026-04-18 04:11:20 PM,KXATPCHALLENGERMATCH-26APR19TRECAM-CAM,78,506,8,107,7,6618,6,116,5,194,90,120,92,13,94,365,95,25,96,543,84.0,7541,1066,0.876
2026-04-18 04:11:20 PM,KXATPCHALLENGERMATCH-26APR19TRECAM-CAM,78,506,8,107,7,6618,6,116,5,194,90,120,94,365,95,25,96,543,97,84,84.0,7541,1137,0.869
2026-04-18 04:11:20 PM,KXATPCHALLENGERMATCH-26APR19TRECAM-CAM,78,506,8,107,7,6618,6,116,5,194,89,32,90,120,94,365,95,25,96,543,83.5,7541,1085,0.874
2026-04-18 04:11:20 PM,KXATPCHALLENGERMATCH-26APR19TRECAM-CAM,78,506,8,107,7,6618,6,116,5,194,89,32,90,120,93,51,94,365,95,25,83.5,7541,593,0.927
2026-04-18 04:11:21 PM,KXATPCHALLENGERMATCH-26APR19TRECAM-CAM,78,506,8,107,7,6618,6,116,5,194,89,32,93,51,94,365,95,25,96,543,83.5,7541,1016,0.881
2026-04-18 04:11:21 PM,KXATPCHALLENGERMATCH-26APR19TRECAM-CAM,78,506,8,107,7,6618,6,116,5,194,93,51,94,365,95,25,96,543,97,84,85.5,7541,1068,0.876
2026-04-18 04:11:21 PM,KXATPCHALLENGERMATCH-26APR19TRECAM-CAM,78,506,8,107,7,6618,6,116,5,194,93,83,94,365,95,25,96,543,97,84,85.5,7541,1100,0.873
2026-04-18 04:11:21 PM,KXATPCHALLENGERMATCH-26APR19TRECAM-CAM,78,506,8,107,7,6618,6,116,5,194,93,83,94,378,95,25,96,543,97,84,85.5,7541,1113,0.871
2026-04-18 04:11:22 PM,KXATPCHALLENGERMATCH-26APR19TRECAM-CAM,78,506,8,107,7,6618,6,116,5,194,92,150,93,83,94,378,95,25,96,543,85.0,7541,1179,0.865
2026-04-18 04:11:22 PM,KXATPCHALLENGERMATCH-26APR19TRECAM-CAM,78,506,8,107,7,6618,6,116,5,194,91,57,92,150,93,83,94,378,95,25,84.5,7541,693,0.916
2026-04-18 04:11:22 PM,KXATPCHALLENGERMATCH-26APR19TRECAM-CAM,78,506,8,107,7,6618,6,116,5,194,91,57,92,150,93,83,94,365,95,25,84.5,7541,680,0.917
2026-04-18 04:11:22 PM,KXATPCHALLENGERMATCH-26APR19TRECAM-CAM,78,506,8,107,7,6618,6,116,5,194,91,57,92,150,93,32,94,365,95,25,84.5,7541,629,0.923
2026-04-18 04:11:22 PM,KXATPCHALLENGERMATCH-26APR19TRECAM-CAM,78,506,8,107,7,6618,6,116,5,194,91,57,93,32,94,365,95,25,96,543,84.5,7541,1022,0.881
2026-04-18 04:11:22 PM,KXATPCHALLENGERMATCH-26APR19TRECAM-CAM,78,506,8,107,7,6618,6,116,5,194,90,120,91,57,93,32,94,365,95,25,84.0,7541,599,0.926
2026-04-18 04:11:22 PM,KXATPCHALLENGERMATCH-26APR19TRECAM-CAM,78,506,8,107,7,6618,6,116,5,194,90,120,93,32,94,365,95,25,96,543,84.0,7541,1085,0.874
2026-04-18 04:11:22 PM,KXATPCHALLENGERMATCH-26APR19TRECAM-CAM,78,506,8,107,7,6618,6,116,5,194,89,32,90,120,93,32,94,365,95,25,83.5,7541,574,0.929
2026-04-18 04:11:22 PM,KXATPCHALLENGERMATCH-26APR19TRECAM-CAM,78,506,8,107,7,6618,6,116,5,194,89,32,90,120,93,51,94,365,95,25,83.5,7541,593,0.927
2026-04-18 04:11:23 PM,KXATPCHALLENGERMATCH-26APR19TRECAM-CAM,78,506,8,107,7,6618,6,116,5,194,89,32,93,51,94,365,95,25,96,543,83.5,7541,1016,0.881
2026-04-18 04:11:23 PM,KXATPCHALLENGERMATCH-26APR19TRECAM-CAM,78,506,8,107,7,6618,6,116,5,194,93,51,94,365,95,25,96,543,97,84,85.5,7541,1068,0.876
2026-04-18 04:11:23 PM,KXATPCHALLENGERMATCH-26APR19TRECAM-CAM,78,506,8,107,7,6618,6,116,5,194,88,19,93,51,94,365,95,25,96,543,83.0,7541,1003,0.883
2026-04-18 04:11:23 PM,KXATPCHALLENGERMATCH-26APR19TRECAM-CAM,78,506,8,107,7,6618,6,116,5,194,93,51,94,365,95,25,96,543,97,84,85.5,7541,1068,0.876
2026-04-18 04:11:23 PM,KXATPCHALLENGERMATCH-26APR19TRECAM-CAM,78,506,8,107,7,6618,6,116,5,194,87,6,93,51,94,365,95,25,96,543,82.5,7541,990,0.884
2026-04-18 04:11:23 PM,KXATPCHALLENGERMATCH-26APR19TRECAM-CAM,78,506,8,107,7,6618,6,116,5,194,87,6,93,77,94,365,95,25,96,543,82.5,7541,1016,0.881
2026-04-18 04:11:24 PM,KXATPCHALLENGERMATCH-26APR19TRECAM-CAM,78,506,8,107,7,6618,6,116,5,194,93,77,94,365,95,25,96,543,97,84,85.5,7541,1094,0.873
2026-04-18 04:11:24 PM,KXATPCHALLENGERMATCH-26APR19TRECAM-CAM,78,506,8,107,7,6618,6,116,5,194,92,150,93,77,94,365,95,25,96,543,85.0,7541,1160,0.867
2026-04-18 04:11:24 PM,KXATPCHALLENGERMATCH-26APR19TRECAM-CAM,78,506,8,107,7,6618,6,116,5,194,92,150,93,45,94,365,95,25,96,543,85.0,7541,1128,0.870
2026-04-18 04:11:24 PM,KXATPCHALLENGERMATCH-26APR19TRECAM-CAM,78,506,8,107,7,6618,6,116,5,194,92,150,93,26,94,365,95,25,96,543,85.0,7541,1109,0.872
2026-04-18 04:11:24 PM,KXATPCHALLENGERMATCH-26APR19TRECAM-CAM,78,506,8,107,7,6618,6,116,5,194,92,150,94,365,95,25,96,543,97,84,85.0,7541,1167,0.866
2026-04-18 04:14:07 PM,KXATPCHALLENGERMATCH-26APR19TRECAM-CAM,78,500,8,107,7,6618,6,116,5,194,92,150,94,365,95,25,96,543,97,84,85.0,7535,1167,0.866
2026-04-18 04:14:07 PM,KXATPCHALLENGERMATCH-26APR19TRECAM-CAM,78,500,7,6618,6,116,5,194,4,823,92,150,94,365,95,25,96,543,97,84,85.0,8251,1167,0.876
2026-04-18 04:18:35 PM,KXATPCHALLENGERMATCH-26APR19TRECAM-CAM,78,506,7,6618,6,116,5,194,4,823,92,150,94,365,95,25,96,543,97,84,85.0,8257,1167,0.876
2026-04-18 04:18:35 PM,KXATPCHALLENGERMATCH-26APR19TRECAM-CAM,78,506,8,107,7,6618,6,116,5,194,92,150,94,365,95,25,96,543,97,84,85.0,7541,1167,0.866
2026-04-18 04:19:19 PM,KXATPCHALLENGERMATCH-26APR19TRECAM-CAM,78,506,8,107,7,6618,6,116,5,194,92,101,94,365,95,25,96,543,97,84,85.0,7541,1118,0.871
2026-04-18 04:19:21 PM,KXATPCHALLENGERMATCH-26APR19TRECAM-CAM,78,506,8,107,7,6618,6,116,5,194,92,120,94,365,95,25,96,543,97,84,85.0,7541,1137,0.869
2026-04-18 04:19:21 PM,KXATPCHALLENGERMATCH-26APR19TRECAM-CAM,78,506,8,107,7,6618,6,116,5,194,91,45,92,120,94,365,95,25,96,543,84.5,7541,1098,0.873
2026-04-18 04:19:21 PM,KXATPCHALLENGERMATCH-26APR19TRECAM-CAM,78,506,8,107,7,6618,6,116,5,194,91,45,92,120,93,26,94,365,95,25,84.5,7541,581,0.928
2026-04-18 04:19:21 PM,KXATPCHALLENGERMATCH-26APR19TRECAM-CAM,78,506,8,107,7,6618,6,116,5,194,91,45,93,26,94,365,95,25,96,543,84.5,7541,1004,0.883
2026-04-18 04:19:21 PM,KXATPCHALLENGERMATCH-26APR19TRECAM-CAM,78,506,8,107,7,6618,6,116,5,194,91,165,93,26,94,365,95,25,96,543,84.5,7541,1124,0.870
2026-04-18 04:19:22 PM,KXATPCHALLENGERMATCH-26APR19TRECAM-CAM,78,506,8,107,7,6618,6,116,5,194,91,120,93,26,94,365,95,25,96,543,84.5,7541,1079,0.875
2026-04-18 04:21:40 PM,KXATPCHALLENGERMATCH-26APR19TRECAM-CAM,78,506,8,107,7,6618,6,116,5,194,90,45,91,120,93,26,94,365,95,25,84.0,7541,581,0.928
2026-04-18 04:21:41 PM,KXATPCHALLENGERMATCH-26APR19TRECAM-CAM,78,506,8,107,7,6618,6,116,5,194,90,45,93,26,94,365,95,25,96,543,84.0,7541,1004,0.883
2026-04-18 04:21:41 PM,KXATPCHALLENGERMATCH-26APR19TRECAM-CAM,78,506,8,107,7,6618,6,116,5,194,89,1,90,45,93,26,94,365,95,25,83.5,7541,462,0.942
2026-04-18 04:21:41 PM,KXATPCHALLENGERMATCH-26APR19TRECAM-CAM,78,506,8,107,7,6618,6,116,5,194,89,1,90,45,93,39,94,365,95,25,83.5,7541,475,0.941
2026-04-18 04:21:41 PM,KXATPCHALLENGERMATCH-26APR19TRECAM-CAM,78,506,8,107,7,6618,6,116,5,194,89,1,93,39,94,365,95,25,96,543,83.5,7541,973,0.886
2026-04-18 04:21:41 PM,KXATPCHALLENGERMATCH-26APR19TRECAM-CAM,78,506,8,107,7,6618,6,116,5,194,89,7,93,39,94,365,95,25,96,543,83.5,7541,979,0.885
2026-04-18 04:21:41 PM,KXATPCHALLENGERMATCH-26APR19TRECAM-CAM,78,506,8,107,7,6618,6,116,5,194,88,19,89,7,93,39,94,365,95,25,83.0,7541,455,0.943
2026-04-18 04:21:41 PM,KXATPCHALLENGERMATCH-26APR19TRECAM-CAM,78,506,8,107,7,6618,6,116,5,194,88,19,93,39,94,365,95,25,96,543,83.0,7541,991,0.884
2026-04-18 04:21:42 PM,KXATPCHALLENGERMATCH-26APR19TRECAM-CAM,78,506,8,107,7,6618,6,116,5,194,88,19,93,84,94,365,95,25,96,543,83.0,7541,1036,0.879
2026-04-18 04:21:42 PM,KXATPCHALLENGERMATCH-26APR19TRECAM-CAM,78,506,8,107,7,6618,6,116,5,194,93,84,94,365,95,25,96,543,97,84,85.5,7541,1101,0.873
2026-04-18 04:21:42 PM,KXATPCHALLENGERMATCH-26APR19TRECAM-CAM,78,506,8,107,7,6618,6,116,5,194,93,84,94,377,95,25,96,543,97,84,85.5,7541,1113,0.871
2026-04-18 04:21:42 PM,KXATPCHALLENGERMATCH-26APR19TRECAM-CAM,78,506,8,107,7,6618,6,116,5,194,92,150,93,84,94,377,95,25,96,543,85.0,7541,1179,0.865
2026-04-18 04:21:42 PM,KXATPCHALLENGERMATCH-26APR19TRECAM-CAM,78,506,8,107,7,6618,6,116,5,194,92,150,93,84,94,365,95,25,96,543,85.0,7541,1167,0.866
2026-04-18 04:21:42 PM,KXATPCHALLENGERMATCH-26APR19TRECAM-CAM,78,506,8,107,7,6618,6,116,5,194,92,150,93,58,94,365,95,25,96,543,85.0,7541,1141,0.869
2026-04-18 04:21:42 PM,KXATPCHALLENGERMATCH-26APR19TRECAM-CAM,78,506,8,107,7,6618,6,116,5,194,92,150,93,45,94,365,95,25,96,543,85.0,7541,1128,0.870
2026-04-18 04:21:42 PM,KXATPCHALLENGERMATCH-26APR19TRECAM-CAM,78,506,8,107,7,6618,6,116,5,194,92,150,94,365,95,25,96,543,97,84,85.0,7541,1167,0.866
2026-04-18 04:21:42 PM,KXATPCHALLENGERMATCH-26APR19TRECAM-CAM,78,506,8,107,7,6618,6,116,5,194,91,58,92,150,94,365,95,25,96,543,84.5,7541,1141,0.869
2026-04-18 04:21:42 PM,KXATPCHALLENGERMATCH-26APR19TRECAM-CAM,78,506,8,107,7,6618,6,116,5,194,91,58,92,163,94,365,95,25,96,543,84.5,7541,1154,0.867
2026-04-18 04:21:42 PM,KXATPCHALLENGERMATCH-26APR19TRECAM-CAM,78,506,8,107,7,6618,6,116,5,194,91,58,92,13,94,365,95,25,96,543,84.5,7541,1004,0.883
2026-04-18 04:21:42 PM,KXATPCHALLENGERMATCH-26APR19TRECAM-CAM,78,506,8,107,7,6618,6,116,5,194,90,120,91,58,92,13,94,365,95,25,84.0,7541,581,0.928
2026-04-18 04:21:43 PM,KXATPCHALLENGERMATCH-26APR19TRECAM-CAM,78,506,8,107,7,6618,6,116,5,194,90,120,91,58,92,13,93,26,94,365,84.0,7541,582,0.928
2026-04-18 04:21:43 PM,KXATPCHALLENGERMATCH-26APR19TRECAM-CAM,78,506,8,107,7,6618,6,116,5,194,90,120,92,13,93,26,94,365,95,25,84.0,7541,549,0.932
2026-04-18 04:21:43 PM,KXATPCHALLENGERMATCH-26APR19TRECAM-CAM,78,506,8,107,7,6618,6,116,5,194,90,120,93,26,94,365,95,25,96,543,84.0,7541,1079,0.875
2026-04-18 04:21:43 PM,KXATPCHALLENGERMATCH-26APR19TRECAM-CAM,78,506,8,107,7,6618,6,116,5,194,89,32,90,120,93,26,94,365,95,25,83.5,7541,568,0.930
2026-04-18 04:21:43 PM,KXATPCHALLENGERMATCH-26APR19TRECAM-CAM,78,506,8,107,7,6618,6,116,5,194,89,32,90,120,93,52,94,365,95,25,83.5,7541,594,0.927
2026-04-18 04:21:43 PM,KXATPCHALLENGERMATCH-26APR19TRECAM-CAM,78,506,8,107,7,6618,6,116,5,194,89,32,93,52,94,365,95,25,96,543,83.5,7541,1017,0.881
2026-04-18 04:21:44 PM,KXATPCHALLENGERMATCH-26APR19TRECAM-CAM,78,506,8,107,7,6618,6,116,5,194,93,52,94,365,95,25,96,543,97,84,85.5,7541,1069,0.876
2026-04-18 04:21:44 PM,KXATPCHALLENGERMATCH-26APR19TRECAM-CAM,78,506,8,107,7,6618,6,116,5,194,93,84,94,365,95,25,96,543,97,84,85.5,7541,1101,0.873
2026-04-18 04:21:44 PM,KXATPCHALLENGERMATCH-26APR19TRECAM-CAM,78,506,8,107,7,6618,6,116,5,194,93,84,94,377,95,25,96,543,97,84,85.5,7541,1113,0.871
2026-04-18 04:21:44 PM,KXATPCHALLENGERMATCH-26APR19TRECAM-CAM,78,506,8,107,7,6618,6,116,5,194,92,150,93,84,94,377,95,25,96,543,85.0,7541,1179,0.865
2026-04-18 04:21:44 PM,KXATPCHALLENGERMATCH-26APR19TRECAM-CAM,78,506,8,107,7,6618,6,116,5,194,92,150,93,84,94,365,95,25,96,543,85.0,7541,1167,0.866
2026-04-18 04:21:44 PM,KXATPCHALLENGERMATCH-26APR19TRECAM-CAM,78,506,8,107,7,6618,6,116,5,194,92,150,93,58,94,365,95,25,96,543,85.0,7541,1141,0.869
2026-04-18 04:21:44 PM,KXATPCHALLENGERMATCH-26APR19TRECAM-CAM,78,506,8,107,7,6618,6,116,5,194,92,150,93,32,94,365,95,25,96,543,85.0,7541,1115,0.871
2026-04-18 04:21:44 PM,KXATPCHALLENGERMATCH-26APR19TRECAM-CAM,78,506,8,107,7,6618,6,116,5,194,91,58,92,150,93,32,94,365,95,25,84.5,7541,630,0.923
2026-04-18 04:21:45 PM,KXATPCHALLENGERMATCH-26APR19TRECAM-CAM,78,506,8,107,7,6618,6,116,5,194,91,58,93,32,94,365,95,25,96,543,84.5,7541,1023,0.881
2026-04-18 04:21:45 PM,KXATPCHALLENGERMATCH-26APR19TRECAM-CAM,78,506,8,107,7,6618,6,116,5,194,90,120,91,58,93,32,94,365,95,25,84.0,7541,600,0.926
2026-04-18 04:21:45 PM,KXATPCHALLENGERMATCH-26APR19TRECAM-CAM,78,506,8,107,7,6618,6,116,5,194,89,32,90,120,91,58,93,32,94,365,83.5,7541,607,0.926
2026-04-18 04:21:45 PM,KXATPCHALLENGERMATCH-26APR19TRECAM-CAM,78,506,8,107,7,6618,6,116,5,194,89,32,90,120,91,58,93,52,94,365,83.5,7541,627,0.923
2026-04-18 04:21:45 PM,KXATPCHALLENGERMATCH-26APR19TRECAM-CAM,78,506,8,107,7,6618,6,116,5,194,89,32,90,120,93,52,94,365,95,25,83.5,7541,594,0.927
2026-04-18 04:21:45 PM,KXATPCHALLENGERMATCH-26APR19TRECAM-CAM,78,506,8,107,7,6618,6,116,5,194,89,32,93,52,94,365,95,25,96,543,83.5,7541,1017,0.881
2026-04-18 04:21:45 PM,KXATPCHALLENGERMATCH-26APR19TRECAM-CAM,78,506,8,107,7,6618,6,116,5,194,89,32,93,84,94,365,95,25,96,543,83.5,7541,1049,0.878
2026-04-18 04:21:45 PM,KXATPCHALLENGERMATCH-26APR19TRECAM-CAM,78,506,8,107,7,6618,6,116,5,194,89,32,93,84,94,377,95,25,96,543,83.5,7541,1061,0.877
2026-04-18 04:21:45 PM,KXATPCHALLENGERMATCH-26APR19TRECAM-CAM,78,506,8,107,7,6618,6,116,5,194,93,84,94,377,95,25,96,543,97,84,85.5,7541,1113,0.871
2026-04-18 04:21:46 PM,KXATPCHALLENGERMATCH-26APR19TRECAM-CAM,78,506,8,107,7,6618,6,116,5,194,92,150,93,84,94,377,95,25,96,543,85.0,7541,1179,0.865
2026-04-18 04:21:46 PM,KXATPCHALLENGERMATCH-26APR19TRECAM-CAM,78,506,8,107,7,6618,6,116,5,194,91,58,92,150,93,84,94,377,95,25,84.5,7541,694,0.916
2026-04-18 04:21:46 PM,KXATPCHALLENGERMATCH-26APR19TRECAM-CAM,78,506,8,107,7,6618,6,116,5,194,91,58,92,150,93,84,94,365,95,25,84.5,7541,682,0.917
2026-04-18 04:21:46 PM,KXATPCHALLENGERMATCH-26APR19TRECAM-CAM,78,506,8,107,7,6618,6,116,5,194,91,58,92,150,93,52,94,365,95,25,84.5,7541,650,0.921
2026-04-18 04:21:46 PM,KXATPCHALLENGERMATCH-26APR19TRECAM-CAM,78,506,8,107,7,6618,6,116,5,194,91,58,92,150,93,32,94,365,95,25,84.5,7541,630,0.923
2026-04-18 04:21:46 PM,KXATPCHALLENGERMATCH-26APR19TRECAM-CAM,78,506,8,107,7,6618,6,116,5,194,91,58,93,32,94,365,95,25,96,543,84.5,7541,1023,0.881
2026-04-18 04:21:46 PM,KXATPCHALLENGERMATCH-26APR19TRECAM-CAM,78,506,8,107,7,6618,6,116,5,194,90,120,91,58,93,32,94,365,95,25,84.0,7541,600,0.926
2026-04-18 04:21:46 PM,KXATPCHALLENGERMATCH-26APR19TRECAM-CAM,78,506,8,107,7,6618,6,116,5,194,89,32,90,120,91,58,93,32,94,365,83.5,7541,607,0.926
2026-04-18 04:21:46 PM,KXATPCHALLENGERMATCH-26APR19TRECAM-CAM,78,506,8,107,7,6618,6,116,5,194,89,32,90,120,91,58,93,52,94,365,83.5,7541,627,0.923
2026-04-18 04:21:46 PM,KXATPCHALLENGERMATCH-26APR19TRECAM-CAM,78,506,8,107,7,6618,6,116,5,194,89,32,90,120,93,52,94,365,95,25,83.5,7541,594,0.927
2026-04-18 04:21:47 PM,KXATPCHALLENGERMATCH-26APR19TRECAM-CAM,78,506,8,107,7,6618,6,116,5,194,89,32,93,52,94,365,95,25,96,543,83.5,7541,1017,0.881
2026-04-18 04:21:47 PM,KXATPCHALLENGERMATCH-26APR19TRECAM-CAM,78,506,8,107,7,6618,6,116,5,194,93,52,94,365,95,25,96,543,97,84,85.5,7541,1069,0.876
2026-04-18 04:21:47 PM,KXATPCHALLENGERMATCH-26APR19TRECAM-CAM,78,506,8,107,7,6618,6,116,5,194,88,19,93,52,94,365,95,25,96,543,83.0,7541,1004,0.883
2026-04-18 04:21:47 PM,KXATPCHALLENGERMATCH-26APR19TRECAM-CAM,78,506,8,107,7,6618,6,116,5,194,88,19,92,150,93,52,94,365,95,25,83.0,7541,611,0.925
2026-04-18 04:21:47 PM,KXATPCHALLENGERMATCH-26APR19TRECAM-CAM,78,506,8,107,7,6618,6,116,5,194,88,19,93,52,94,365,95,25,96,543,83.0,7541,1004,0.883
2026-04-18 04:21:47 PM,KXATPCHALLENGERMATCH-26APR19TRECAM-CAM,78,506,8,107,7,6618,6,116,5,194,88,19,93,84,94,365,95,25,96,543,83.0,7541,1036,0.879
2026-04-18 04:21:47 PM,KXATPCHALLENGERMATCH-26APR19TRECAM-CAM,78,506,8,107,7,6618,6,116,5,194,88,19,93,84,94,377,95,25,96,543,83.0,7541,1048,0.878
2026-04-18 04:21:47 PM,KXATPCHALLENGERMATCH-26APR19TRECAM-CAM,78,506,8,107,7,6618,6,116,5,194,93,84,94,377,95,25,96,543,97,84,85.5,7541,1113,0.871
2026-04-18 04:21:48 PM,KXATPCHALLENGERMATCH-26APR19TRECAM-CAM,78,506,8,107,7,6618,6,116,5,194,92,150,93,84,94,377,95,25,96,543,85.0,7541,1179,0.865
2026-04-18 04:21:48 PM,KXATPCHALLENGERMATCH-26APR19TRECAM-CAM,78,506,8,107,7,6618,6,116,5,194,91,58,92,150,93,84,94,377,95,25,84.5,7541,694,0.916
2026-04-18 04:21:48 PM,KXATPCHALLENGERMATCH-26APR19TRECAM-CAM,78,506,8,107,7,6618,6,116,5,194,91,58,92,150,93,84,94,365,95,25,84.5,7541,682,0.917
2026-04-18 04:21:48 PM,KXATPCHALLENGERMATCH-26APR19TRECAM-CAM,78,506,8,107,7,6618,6,116,5,194,91,58,92,150,93,52,94,365,95,25,84.5,7541,650,0.921
2026-04-18 04:21:48 PM,KXATPCHALLENGERMATCH-26APR19TRECAM-CAM,78,506,8,107,7,6618,6,116,5,194,91,58,92,150,93,32,94,365,95,25,84.5,7541,630,0.923
2026-04-18 04:21:48 PM,KXATPCHALLENGERMATCH-26APR19TRECAM-CAM,78,506,8,107,7,6618,6,116,5,194,91,58,93,32,94,365,95,25,96,543,84.5,7541,1023,0.881
2026-04-18 04:21:48 PM,KXATPCHALLENGERMATCH-26APR19TRECAM-CAM,78,506,8,107,7,6618,6,116,5,194,90,120,91,58,93,32,94,365,95,25,84.0,7541,600,0.926
2026-04-18 04:21:48 PM,KXATPCHALLENGERMATCH-26APR19TRECAM-CAM,78,506,8,107,7,6618,6,116,5,194,89,32,90,120,91,58,93,32,94,365,83.5,7541,607,0.926
2026-04-18 04:21:48 PM,KXATPCHALLENGERMATCH-26APR19TRECAM-CAM,78,506,8,107,7,6618,6,116,5,194,89,32,90,120,93,32,94,365,95,25,83.5,7541,574,0.929
2026-04-18 04:21:49 PM,KXATPCHALLENGERMATCH-26APR19TRECAM-CAM,78,506,8,107,7,6618,6,116,5,194,89,32,93,32,94,365,95,25,96,543,83.5,7541,997,0.883
2026-04-18 04:21:49 PM,KXATPCHALLENGERMATCH-26APR19TRECAM-CAM,78,506,8,107,7,6618,6,116,5,194,89,32,90,13,93,32,94,365,95,25,83.5,7541,467,0.942
2026-04-18 04:21:49 PM,KXATPCHALLENGERMATCH-26APR19TRECAM-CAM,78,506,8,107,7,6618,6,116,5,194,90,13,93,32,94,365,95,25,96,543,84.0,7541,978,0.885
2026-04-18 04:21:49 PM,KXATPCHALLENGERMATCH-26APR19TRECAM-CAM,78,506,8,107,7,6618,6,116,5,194,93,32,94,365,95,25,96,543,97,84,85.5,7541,1049,0.878
2026-04-18 04:21:50 PM,KXATPCHALLENGERMATCH-26APR19TRECAM-CAM,78,506,8,107,7,6618,6,116,5,194,92,150,93,32,94,365,95,25,96,543,85.0,7541,1115,0.871
2026-04-18 04:22:44 PM,KXATPCHALLENGERMATCH-26APR19TRECAM-CAM,78,506,8,107,7,6618,6,116,5,194,91,58,92,150,93,32,94,365,95,25,84.5,7541,630,0.923
2026-04-18 04:22:45 PM,KXATPCHALLENGERMATCH-26APR19TRECAM-CAM,78,506,8,107,7,6618,6,116,5,194,91,58,93,32,94,365,95,25,96,543,84.5,7541,1023,0.881
2026-04-18 04:22:45 PM,KXATPCHALLENGERMATCH-26APR19TRECAM-CAM,78,506,8,107,7,6618,6,116,5,194,90,120,91,58,93,32,94,365,95,25,84.0,7541,600,0.926
2026-04-18 04:22:45 PM,KXATPCHALLENGERMATCH-26APR19TRECAM-CAM,78,506,8,107,7,6618,6,116,5,194,90,120,93,32,94,365,95,25,96,543,84.0,7541,1085,0.874
2026-04-18 04:22:45 PM,KXATPCHALLENGERMATCH-26APR19TRECAM-CAM,78,506,8,107,7,6618,6,116,5,194,89,32,90,120,93,32,94,365,95,25,83.5,7541,574,0.929
2026-04-18 04:22:45 PM,KXATPCHALLENGERMATCH-26APR19TRECAM-CAM,78,506,8,107,7,6618,6,116,5,194,89,32,90,120,93,52,94,365,95,25,83.5,7541,594,0.927
2026-04-18 04:22:45 PM,KXATPCHALLENGERMATCH-26APR19TRECAM-CAM,78,506,8,107,7,6618,6,116,5,194,89,32,93,52,94,365,95,25,96,543,83.5,7541,1017,0.881
2026-04-18 04:22:45 PM,KXATPCHALLENGERMATCH-26APR19TRECAM-CAM,78,506,8,107,7,6618,6,116,5,194,89,32,93,84,94,365,95,25,96,543,83.5,7541,1049,0.878
2026-04-18 04:22:45 PM,KXATPCHALLENGERMATCH-26APR19TRECAM-CAM,78,506,8,107,7,6618,6,116,5,194,89,32,93,84,94,378,95,25,96,543,83.5,7541,1062,0.877
2026-04-18 04:22:45 PM,KXATPCHALLENGERMATCH-26APR19TRECAM-CAM,78,506,8,107,7,6618,6,116,5,194,93,84,94,378,95,25,96,543,97,84,85.5,7541,1114,0.871
2026-04-18 04:22:46 PM,KXATPCHALLENGERMATCH-26APR19TRECAM-CAM,78,506,8,107,7,6618,6,116,5,194,92,150,93,84,94,378,95,25,96,543,85.0,7541,1180,0.865
2026-04-18 04:22:46 PM,KXATPCHALLENGERMATCH-26APR19TRECAM-CAM,78,506,8,107,7,6618,6,116,5,194,91,58,92,150,93,84,94,378,95,25,84.5,7541,695,0.916
2026-04-18 04:22:46 PM,KXATPCHALLENGERMATCH-26APR19TRECAM-CAM,78,506,8,107,7,6618,6,116,5,194,91,58,92,150,93,84,94,365,95,25,84.5,7541,682,0.917
2026-04-18 04:22:46 PM,KXATPCHALLENGERMATCH-26APR19TRECAM-CAM,78,506,8,107,7,6618,6,116,5,194,91,58,92,150,93,52,94,365,95,25,84.5,7541,650,0.921
2026-04-18 04:22:46 PM,KXATPCHALLENGERMATCH-26APR19TRECAM-CAM,78,506,8,107,7,6618,6,116,5,194,91,58,92,150,93,32,94,365,95,25,84.5,7541,630,0.923
2026-04-18 04:22:46 PM,KXATPCHALLENGERMATCH-26APR19TRECAM-CAM,78,506,8,107,7,6618,6,116,5,194,91,58,93,32,94,365,95,25,96,543,84.5,7541,1023,0.881
2026-04-18 04:22:46 PM,KXATPCHALLENGERMATCH-26APR19TRECAM-CAM,78,506,8,107,7,6618,6,116,5,194,90,120,91,58,93,32,94,365,95,25,84.0,7541,600,0.926
2026-04-18 04:22:46 PM,KXATPCHALLENGERMATCH-26APR19TRECAM-CAM,78,506,8,107,7,6618,6,116,5,194,89,32,90,120,91,58,93,32,94,365,83.5,7541,607,0.926
2026-04-18 04:22:46 PM,KXATPCHALLENGERMATCH-26APR19TRECAM-CAM,78,506,8,107,7,6618,6,116,5,194,89,32,90,120,93,32,94,365,95,25,83.5,7541,574,0.929
2026-04-18 04:22:46 PM,KXATPCHALLENGERMATCH-26APR19TRECAM-CAM,78,506,8,107,7,6618,6,116,5,194,89,32,90,120,93,52,94,365,95,25,83.5,7541,594,0.927
2026-04-18 04:22:47 PM,KXATPCHALLENGERMATCH-26APR19TRECAM-CAM,78,506,8,107,7,6618,6,116,5,194,89,32,93,52,94,365,95,25,96,543,83.5,7541,1017,0.881
2026-04-18 04:22:47 PM,KXATPCHALLENGERMATCH-26APR19TRECAM-CAM,78,506,8,107,7,6618,6,116,5,194,89,32,93,84,94,365,95,25,96,543,83.5,7541,1049,0.878
2026-04-18 04:22:47 PM,KXATPCHALLENGERMATCH-26APR19TRECAM-CAM,78,506,8,107,7,6618,6,116,5,194,93,84,94,365,95,25,96,543,97,84,85.5,7541,1101,0.873
2026-04-18 04:22:47 PM,KXATPCHALLENGERMATCH-26APR19TRECAM-CAM,78,506,8,107,7,6618,6,116,5,194,93,84,94,378,95,25,96,543,97,84,85.5,7541,1114,0.871
2026-04-18 04:22:47 PM,KXATPCHALLENGERMATCH-26APR19TRECAM-CAM,78,506,8,107,7,6618,6,116,5,194,92,150,93,84,94,378,95,25,96,543,85.0,7541,1180,0.865
2026-04-18 04:22:47 PM,KXATPCHALLENGERMATCH-26APR19TRECAM-CAM,78,506,8,107,7,6618,6,116,5,194,91,58,92,150,93,84,94,378,95,25,84.5,7541,695,0.916
2026-04-18 04:22:47 PM,KXATPCHALLENGERMATCH-26APR19TRECAM-CAM,78,506,8,107,7,6618,6,116,5,194,91,58,92,150,93,84,94,365,95,25,84.5,7541,682,0.917
2026-04-18 04:22:47 PM,KXATPCHALLENGERMATCH-26APR19TRECAM-CAM,78,506,8,107,7,6618,6,116,5,194,91,58,92,150,93,52,94,365,95,25,84.5,7541,650,0.921
2026-04-18 04:22:47 PM,KXATPCHALLENGERMATCH-26APR19TRECAM-CAM,78,506,8,107,7,6618,6,116,5,194,91,58,92,150,93,32,94,365,95,25,84.5,7541,630,0.923
2026-04-18 04:22:48 PM,KXATPCHALLENGERMATCH-26APR19TRECAM-CAM,78,506,8,107,7,6618,6,116,5,194,91,58,93,32,94,365,95,25,96,543,84.5,7541,1023,0.881
2026-04-18 04:22:48 PM,KXATPCHALLENGERMATCH-26APR19TRECAM-CAM,78,506,8,107,7,6618,6,116,5,194,90,120,91,58,93,32,94,365,95,25,84.0,7541,600,0.926
2026-04-18 04:22:48 PM,KXATPCHALLENGERMATCH-26APR19TRECAM-CAM,78,506,8,107,7,6618,6,116,5,194,89,32,90,120,91,58,93,32,94,365,83.5,7541,607,0.926
2026-04-18 04:22:48 PM,KXATPCHALLENGERMATCH-26APR19TRECAM-CAM,78,506,8,107,7,6618,6,116,5,194,89,32,90,120,91,58,93,52,94,365,83.5,7541,627,0.923
2026-04-18 04:22:48 PM,KXATPCHALLENGERMATCH-26APR19TRECAM-CAM,78,506,8,107,7,6618,6,116,5,194,89,32,90,120,93,52,94,365,95,25,83.5,7541,594,0.927
2026-04-18 04:22:48 PM,KXATPCHALLENGERMATCH-26APR19TRECAM-CAM,78,506,8,107,7,6618,6,116,5,194,89,32,93,52,94,365,95,25,96,543,83.5,7541,1017,0.881
2026-04-18 04:22:48 PM,KXATPCHALLENGERMATCH-26APR19TRECAM-CAM,78,506,8,107,7,6618,6,116,5,194,93,52,94,365,95,25,96,543,97,84,85.5,7541,1069,0.876
2026-04-18 04:22:48 PM,KXATPCHALLENGERMATCH-26APR19TRECAM-CAM,78,506,8,107,7,6618,6,116,5,194,93,84,94,365,95,25,96,543,97,84,85.5,7541,1101,0.873
2026-04-18 04:22:48 PM,KXATPCHALLENGERMATCH-26APR19TRECAM-CAM,78,506,8,107,7,6618,6,116,5,194,93,84,94,378,95,25,96,543,97,84,85.5,7541,1114,0.871
2026-04-18 04:22:49 PM,KXATPCHALLENGERMATCH-26APR19TRECAM-CAM,78,506,8,107,7,6618,6,116,5,194,92,150,93,84,94,378,95,25,96,543,85.0,7541,1180,0.865
2026-04-18 04:22:49 PM,KXATPCHALLENGERMATCH-26APR19TRECAM-CAM,78,506,8,107,7,6618,6,116,5,194,91,58,92,150,93,84,94,378,95,25,84.5,7541,695,0.916
2026-04-18 04:22:49 PM,KXATPCHALLENGERMATCH-26APR19TRECAM-CAM,78,506,8,107,7,6618,6,116,5,194,91,58,92,150,93,84,94,365,95,25,84.5,7541,682,0.917
2026-04-18 04:22:49 PM,KXATPCHALLENGERMATCH-26APR19TRECAM-CAM,78,506,8,107,7,6618,6,116,5,194,91,58,92,150,93,52,94,365,95,25,84.5,7541,650,0.921
2026-04-18 04:22:49 PM,KXATPCHALLENGERMATCH-26APR19TRECAM-CAM,78,506,8,107,7,6618,6,116,5,194,91,58,92,150,93,32,94,365,95,25,84.5,7541,630,0.923
2026-04-18 04:22:49 PM,KXATPCHALLENGERMATCH-26APR19TRECAM-CAM,78,506,8,107,7,6618,6,116,5,194,91,58,93,32,94,365,95,25,96,543,84.5,7541,1023,0.881
2026-04-18 04:22:49 PM,KXATPCHALLENGERMATCH-26APR19TRECAM-CAM,78,506,8,107,7,6618,6,116,5,194,90,120,91,58,93,32,94,365,95,25,84.0,7541,600,0.926
2026-04-18 04:22:49 PM,KXATPCHALLENGERMATCH-26APR19TRECAM-CAM,78,506,8,107,7,6618,6,116,5,194,89,32,90,120,91,58,93,32,94,365,83.5,7541,607,0.926
2026-04-18 04:22:49 PM,KXATPCHALLENGERMATCH-26APR19TRECAM-CAM,78,506,8,107,7,6618,6,116,5,194,89,32,90,120,91,58,93,52,94,365,83.5,7541,627,0.923
2026-04-18 04:22:49 PM,KXATPCHALLENGERMATCH-26APR19TRECAM-CAM,78,506,8,107,7,6618,6,116,5,194,89,32,90,120,93,52,94,365,95,25,83.5,7541,594,0.927
2026-04-18 04:22:50 PM,KXATPCHALLENGERMATCH-26APR19TRECAM-CAM,78,506,8,107,7,6618,6,116,5,194,89,32,93,52,94,365,95,25,96,543,83.5,7541,1017,0.881
2026-04-18 04:22:50 PM,KXATPCHALLENGERMATCH-26APR19TRECAM-CAM,78,506,8,107,7,6618,6,116,5,194,89,32,93,84,94,365,95,25,96,543,83.5,7541,1049,0.878
2026-04-18 04:22:50 PM,KXATPCHALLENGERMATCH-26APR19TRECAM-CAM,78,506,8,107,7,6618,6,116,5,194,89,32,93,84,94,378,95,25,96,543,83.5,7541,1062,0.877
2026-04-18 04:22:50 PM,KXATPCHALLENGERMATCH-26APR19TRECAM-CAM,78,506,8,107,7,6618,6,116,5,194,93,84,94,378,95,25,96,543,97,84,85.5,7541,1114,0.871
2026-04-18 04:22:50 PM,KXATPCHALLENGERMATCH-26APR19TRECAM-CAM,78,506,8,107,7,6618,6,116,5,194,92,150,93,84,94,378,95,25,96,543,85.0,7541,1180,0.865
2026-04-18 04:22:50 PM,KXATPCHALLENGERMATCH-26APR19TRECAM-CAM,78,506,8,107,7,6618,6,116,5,194,91,58,92,150,93,84,94,378,95,25,84.5,7541,695,0.916
2026-04-18 04:22:50 PM,KXATPCHALLENGERMATCH-26APR19TRECAM-CAM,78,506,8,107,7,6618,6,116,5,194,91,58,92,150,93,84,94,365,95,25,84.5,7541,682,0.917
2026-04-18 04:22:50 PM,KXATPCHALLENGERMATCH-26APR19TRECAM-CAM,78,506,8,107,7,6618,6,116,5,194,91,58,92,150,93,52,94,365,95,25,84.5,7541,650,0.921
2026-04-18 04:22:50 PM,KXATPCHALLENGERMATCH-26APR19TRECAM-CAM,78,506,8,107,7,6618,6,116,5,194,91,58,92,150,93,32,94,365,95,25,84.5,7541,630,0.923
2026-04-18 04:22:51 PM,KXATPCHALLENGERMATCH-26APR19TRECAM-CAM,78,506,8,107,7,6618,6,116,5,194,91,58,93,32,94,365,95,25,96,543,84.5,7541,1023,0.881
2026-04-18 04:22:51 PM,KXATPCHALLENGERMATCH-26APR19TRECAM-CAM,78,506,8,107,7,6618,6,116,5,194,90,120,91,58,93,32,94,365,95,25,84.0,7541,600,0.926
2026-04-18 04:22:51 PM,KXATPCHALLENGERMATCH-26APR19TRECAM-CAM,78,506,8,107,7,6618,6,116,5,194,89,32,90,120,91,58,93,32,94,365,83.5,7541,607,0.926
2026-04-18 04:22:51 PM,KXATPCHALLENGERMATCH-26APR19TRECAM-CAM,78,506,8,107,7,6618,6,116,5,194,89,32,90,120,93,32,94,365,95,25,83.5,7541,574,0.929
2026-04-18 04:22:51 PM,KXATPCHALLENGERMATCH-26APR19TRECAM-CAM,78,506,8,107,7,6618,6,116,5,194,89,32,90,120,93,52,94,365,95,25,83.5,7541,594,0.927
2026-04-18 04:22:51 PM,KXATPCHALLENGERMATCH-26APR19TRECAM-CAM,78,506,8,107,7,6618,6,116,5,194,89,32,93,52,94,365,95,25,96,543,83.5,7541,1017,0.881
2026-04-18 04:22:51 PM,KXATPCHALLENGERMATCH-26APR19TRECAM-CAM,78,506,8,107,7,6618,6,116,5,194,89,32,93,84,94,365,95,25,96,543,83.5,7541,1049,0.878
2026-04-18 04:22:51 PM,KXATPCHALLENGERMATCH-26APR19TRECAM-CAM,78,506,8,107,7,6618,6,116,5,194,89,32,93,84,94,378,95,25,96,543,83.5,7541,1062,0.877
2026-04-18 04:22:51 PM,KXATPCHALLENGERMATCH-26APR19TRECAM-CAM,78,506,8,107,7,6618,6,116,5,194,93,84,94,378,95,25,96,543,97,84,85.5,7541,1114,0.871
2026-04-18 04:22:52 PM,KXATPCHALLENGERMATCH-26APR19TRECAM-CAM,78,506,8,107,7,6618,6,116,5,194,92,150,93,84,94,378,95,25,96,543,85.0,7541,1180,0.865
2026-04-18 04:22:52 PM,KXATPCHALLENGERMATCH-26APR19TRECAM-CAM,78,506,8,107,7,6618,6,116,5,194,92,150,93,84,94,365,95,25,96,543,85.0,7541,1167,0.866
2026-04-18 04:22:52 PM,KXATPCHALLENGERMATCH-26APR19TRECAM-CAM,78,506,8,107,7,6618,6,116,5,194,92,150,93,52,94,365,95,25,96,543,85.0,7541,1135,0.869
2026-04-18 04:22:52 PM,KXATPCHALLENGERMATCH-26APR19TRECAM-CAM,78,506,8,107,7,6618,6,116,5,194,92,150,93,32,94,365,95,25,96,543,85.0,7541,1115,0.871
2026-04-18 04:22:52 PM,KXATPCHALLENGERMATCH-26APR19TRECAM-CAM,78,506,8,107,7,6618,6,116,5,194,91,58,92,150,93,32,94,365,95,25,84.5,7541,630,0.923
2026-04-18 04:22:52 PM,KXATPCHALLENGERMATCH-26APR19TRECAM-CAM,78,506,8,107,7,6618,6,116,5,194,91,58,93,32,94,365,95,25,96,543,84.5,7541,1023,0.881
2026-04-18 04:22:52 PM,KXATPCHALLENGERMATCH-26APR19TRECAM-CAM,78,506,8,107,7,6618,6,116,5,194,90,120,91,58,93,32,94,365,95,25,84.0,7541,600,0.926
2026-04-18 04:22:52 PM,KXATPCHALLENGERMATCH-26APR19TRECAM-CAM,78,506,8,107,7,6618,6,116,5,194,89,32,90,120,91,58,93,32,94,365,83.5,7541,607,0.926
2026-04-18 04:22:52 PM,KXATPCHALLENGERMATCH-26APR19TRECAM-CAM,78,506,8,107,7,6618,6,116,5,194,89,32,90,120,93,32,94,365,95,25,83.5,7541,574,0.929
2026-04-18 04:22:52 PM,KXATPCHALLENGERMATCH-26APR19TRECAM-CAM,78,506,8,107,7,6618,6,116,5,194,89,32,90,120,93,52,94,365,95,25,83.5,7541,594,0.927
2026-04-18 04:22:53 PM,KXATPCHALLENGERMATCH-26APR19TRECAM-CAM,78,506,8,107,7,6618,6,116,5,194,89,32,93,52,94,365,95,25,96,543,83.5,7541,1017,0.881
2026-04-18 04:22:53 PM,KXATPCHALLENGERMATCH-26APR19TRECAM-CAM,78,506,8,107,7,6618,6,116,5,194,89,32,93,84,94,365,95,25,96,543,83.5,7541,1049,0.878
2026-04-18 04:22:53 PM,KXATPCHALLENGERMATCH-26APR19TRECAM-CAM,78,506,8,107,7,6618,6,116,5,194,89,32,93,84,94,378,95,25,96,543,83.5,7541,1062,0.877
2026-04-18 04:22:53 PM,KXATPCHALLENGERMATCH-26APR19TRECAM-CAM,78,506,8,107,7,6618,6,116,5,194,93,84,94,378,95,25,96,543,97,84,85.5,7541,1114,0.871
2026-04-18 04:22:54 PM,KXATPCHALLENGERMATCH-26APR19TRECAM-CAM,78,506,8,107,7,6618,6,116,5,194,92,150,93,84,94,378,95,25,96,543,85.0,7541,1180,0.865
2026-04-18 04:22:54 PM,KXATPCHALLENGERMATCH-26APR19TRECAM-CAM,78,506,8,107,7,6618,6,116,5,194,91,58,92,150,93,84,94,378,95,25,84.5,7541,695,0.916
2026-04-18 04:22:54 PM,KXATPCHALLENGERMATCH-26APR19TRECAM-CAM,78,506,8,107,7,6618,6,116,5,194,91,58,92,150,93,84,94,365,95,25,84.5,7541,682,0.917
2026-04-18 04:22:54 PM,KXATPCHALLENGERMATCH-26APR19TRECAM-CAM,78,506,8,107,7,6618,6,116,5,194,91,58,92,150,93,52,94,365,95,25,84.5,7541,650,0.921
2026-04-18 04:22:54 PM,KXATPCHALLENGERMATCH-26APR19TRECAM-CAM,78,506,8,107,7,6618,6,116,5,194,91,58,92,150,93,32,94,365,95,25,84.5,7541,630,0.923
2026-04-18 04:22:54 PM,KXATPCHALLENGERMATCH-26APR19TRECAM-CAM,78,506,8,107,7,6618,6,116,5,194,91,58,93,32,94,365,95,25,96,543,84.5,7541,1023,0.881
2026-04-18 04:22:54 PM,KXATPCHALLENGERMATCH-26APR19TRECAM-CAM,78,506,8,107,7,6618,6,116,5,194,90,120,91,58,93,32,94,365,95,25,84.0,7541,600,0.926
2026-04-18 04:22:55 PM,KXATPCHALLENGERMATCH-26APR19TRECAM-CAM,78,506,8,107,7,6618,6,116,5,194,89,32,90,120,91,58,93,32,94,365,83.5,7541,607,0.926
2026-04-18 04:22:55 PM,KXATPCHALLENGERMATCH-26APR19TRECAM-CAM,78,506,8,107,7,6618,6,116,5,194,89,32,90,120,91,58,93,52,94,365,83.5,7541,627,0.923
2026-04-18 04:22:55 PM,KXATPCHALLENGERMATCH-26APR19TRECAM-CAM,78,506,8,107,7,6618,6,116,5,194,89,32,90,120,93,52,94,365,95,25,83.5,7541,594,0.927
2026-04-18 04:22:55 PM,KXATPCHALLENGERMATCH-26APR19TRECAM-CAM,78,506,8,107,7,6618,6,116,5,194,89,32,93,52,94,365,95,25,96,543,83.5,7541,1017,0.881
2026-04-18 04:22:55 PM,KXATPCHALLENGERMATCH-26APR19TRECAM-CAM,78,506,8,107,7,6618,6,116,5,194,93,52,94,365,95,25,96,543,97,84,85.5,7541,1069,0.876
2026-04-18 04:22:55 PM,KXATPCHALLENGERMATCH-26APR19TRECAM-CAM,78,506,8,107,7,6618,6,116,5,194,93,84,94,365,95,25,96,543,97,84,85.5,7541,1101,0.873
2026-04-18 04:22:55 PM,KXATPCHALLENGERMATCH-26APR19TRECAM-CAM,78,506,8,107,7,6618,6,116,5,194,93,84,94,378,95,25,96,543,97,84,85.5,7541,1114,0.871
2026-04-18 04:22:56 PM,KXATPCHALLENGERMATCH-26APR19TRECAM-CAM,78,506,8,107,7,6618,6,116,5,194,92,150,93,84,94,378,95,25,96,543,85.0,7541,1180,0.865
2026-04-18 04:22:56 PM,KXATPCHALLENGERMATCH-26APR19TRECAM-CAM,78,506,8,107,7,6618,6,116,5,194,91,58,92,150,93,84,94,378,95,25,84.5,7541,695,0.916
2026-04-18 04:22:56 PM,KXATPCHALLENGERMATCH-26APR19TRECAM-CAM,78,506,8,107,7,6618,6,116,5,194,91,58,92,150,93,84,94,365,95,25,84.5,7541,682,0.917
2026-04-18 04:22:56 PM,KXATPCHALLENGERMATCH-26APR19TRECAM-CAM,78,506,8,107,7,6618,6,116,5,194,91,58,92,150,93,52,94,365,95,25,84.5,7541,650,0.921
2026-04-18 04:22:56 PM,KXATPCHALLENGERMATCH-26APR19TRECAM-CAM,78,506,8,107,7,6618,6,116,5,194,91,58,92,150,93,32,94,365,95,25,84.5,7541,630,0.923
2026-04-18 04:22:56 PM,KXATPCHALLENGERMATCH-26APR19TRECAM-CAM,78,506,8,107,7,6618,6,116,5,194,91,58,93,32,94,365,95,25,96,543,84.5,7541,1023,0.881
2026-04-18 04:22:56 PM,KXATPCHALLENGERMATCH-26APR19TRECAM-CAM,78,506,8,107,7,6618,6,116,5,194,90,120,91,58,93,32,94,365,95,25,84.0,7541,600,0.926
2026-04-18 04:22:56 PM,KXATPCHALLENGERMATCH-26APR19TRECAM-CAM,78,506,8,107,7,6618,6,116,5,194,89,32,90,120,91,58,93,32,94,365,83.5,7541,607,0.926
2026-04-18 04:22:56 PM,KXATPCHALLENGERMATCH-26APR19TRECAM-CAM,78,506,8,107,7,6618,6,116,5,194,89,32,90,120,91,58,93,52,94,365,83.5,7541,627,0.923
2026-04-18 04:22:56 PM,KXATPCHALLENGERMATCH-26APR19TRECAM-CAM,78,506,8,107,7,6618,6,116,5,194,89,32,90,120,93,52,94,365,95,25,83.5,7541,594,0.927
2026-04-18 04:22:56 PM,KXATPCHALLENGERMATCH-26APR19TRECAM-CAM,78,506,8,107,7,6618,6,116,5,194,89,32,93,52,94,365,95,25,96,543,83.5,7541,1017,0.881
2026-04-18 04:22:57 PM,KXATPCHALLENGERMATCH-26APR19TRECAM-CAM,78,506,8,107,7,6618,6,116,5,194,89,32,93,84,94,365,95,25,96,543,83.5,7541,1049,0.878
2026-04-18 04:22:57 PM,KXATPCHALLENGERMATCH-26APR19TRECAM-CAM,78,506,8,107,7,6618,6,116,5,194,89,32,93,84,94,378,95,25,96,543,83.5,7541,1062,0.877
2026-04-18 04:22:57 PM,KXATPCHALLENGERMATCH-26APR19TRECAM-CAM,78,506,8,107,7,6618,6,116,5,194,93,84,94,378,95,25,96,543,97,84,85.5,7541,1114,0.871
2026-04-18 04:22:57 PM,KXATPCHALLENGERMATCH-26APR19TRECAM-CAM,78,506,8,107,7,6618,6,116,5,194,92,150,93,84,94,378,95,25,96,543,85.0,7541,1180,0.865
2026-04-18 04:22:57 PM,KXATPCHALLENGERMATCH-26APR19TRECAM-CAM,78,506,8,107,7,6618,6,116,5,194,91,58,92,150,93,84,94,378,95,25,84.5,7541,695,0.916
2026-04-18 04:22:57 PM,KXATPCHALLENGERMATCH-26APR19TRECAM-CAM,78,506,8,107,7,6618,6,116,5,194,91,58,92,150,93,84,94,365,95,25,84.5,7541,682,0.917
2026-04-18 04:22:57 PM,KXATPCHALLENGERMATCH-26APR19TRECAM-CAM,78,506,8,107,7,6618,6,116,5,194,91,58,92,150,93,52,94,365,95,25,84.5,7541,650,0.921
2026-04-18 04:22:57 PM,KXATPCHALLENGERMATCH-26APR19TRECAM-CAM,78,506,8,107,7,6618,6,116,5,194,91,58,92,150,93,32,94,365,95,25,84.5,7541,630,0.923
2026-04-18 04:22:57 PM,KXATPCHALLENGERMATCH-26APR19TRECAM-CAM,78,506,8,107,7,6618,6,116,5,194,91,58,93,32,94,365,95,25,96,543,84.5,7541,1023,0.881
2026-04-18 04:22:57 PM,KXATPCHALLENGERMATCH-26APR19TRECAM-CAM,78,506,8,107,7,6618,6,116,5,194,90,120,91,58,93,32,94,365,95,25,84.0,7541,600,0.926
2026-04-18 04:22:58 PM,KXATPCHALLENGERMATCH-26APR19TRECAM-CAM,78,506,8,107,7,6618,6,116,5,194,89,32,90,120,91,58,93,32,94,365,83.5,7541,607,0.926
2026-04-18 04:22:58 PM,KXATPCHALLENGERMATCH-26APR19TRECAM-CAM,78,506,8,107,7,6618,6,116,5,194,89,32,90,120,91,58,93,52,94,365,83.5,7541,627,0.923
2026-04-18 04:22:58 PM,KXATPCHALLENGERMATCH-26APR19TRECAM-CAM,78,506,8,107,7,6618,6,116,5,194,89,32,90,120,93,52,94,365,95,25,83.5,7541,594,0.927
2026-04-18 04:22:58 PM,KXATPCHALLENGERMATCH-26APR19TRECAM-CAM,78,506,8,107,7,6618,6,116,5,194,89,32,93,52,94,365,95,25,96,543,83.5,7541,1017,0.881
2026-04-18 04:22:58 PM,KXATPCHALLENGERMATCH-26APR19TRECAM-CAM,78,506,8,107,7,6618,6,116,5,194,89,32,93,84,94,365,95,25,96,543,83.5,7541,1049,0.878
2026-04-18 04:22:58 PM,KXATPCHALLENGERMATCH-26APR19TRECAM-CAM,78,506,8,107,7,6618,6,116,5,194,93,84,94,365,95,25,96,543,97,84,85.5,7541,1101,0.873
2026-04-18 04:22:58 PM,KXATPCHALLENGERMATCH-26APR19TRECAM-CAM,78,506,8,107,7,6618,6,116,5,194,93,84,94,378,95,25,96,543,97,84,85.5,7541,1114,0.871
2026-04-18 04:23:00 PM,KXATPCHALLENGERMATCH-26APR19TRECAM-CAM,78,506,8,107,7,6618,6,116,5,194,92,150,93,84,94,378,95,25,96,543,85.0,7541,1180,0.865
2026-04-18 04:23:00 PM,KXATPCHALLENGERMATCH-26APR19TRECAM-CAM,78,506,8,107,7,6618,6,116,5,194,92,150,93,84,94,365,95,25,96,543,85.0,7541,1167,0.866
2026-04-18 04:23:00 PM,KXATPCHALLENGERMATCH-26APR19TRECAM-CAM,78,506,8,107,7,6618,6,116,5,194,92,150,93,52,94,365,95,25,96,543,85.0,7541,1135,0.869
2026-04-18 04:23:00 PM,KXATPCHALLENGERMATCH-26APR19TRECAM-CAM,78,506,8,107,7,6618,6,116,5,194,92,150,93,32,94,365,95,25,96,543,85.0,7541,1115,0.871
2026-04-18 04:23:00 PM,KXATPCHALLENGERMATCH-26APR19TRECAM-CAM,78,506,8,107,7,6618,6,116,5,194,91,58,92,150,93,32,94,365,95,25,84.5,7541,630,0.923
2026-04-18 04:23:00 PM,KXATPCHALLENGERMATCH-26APR19TRECAM-CAM,78,506,8,107,7,6618,6,116,5,194,91,58,93,32,94,365,95,25,96,543,84.5,7541,1023,0.881
2026-04-18 04:23:00 PM,KXATPCHALLENGERMATCH-26APR19TRECAM-CAM,78,506,8,107,7,6618,6,116,5,194,90,120,91,58,93,32,94,365,95,25,84.0,7541,600,0.926
2026-04-18 04:23:00 PM,KXATPCHALLENGERMATCH-26APR19TRECAM-CAM,78,506,8,107,7,6618,6,116,5,194,90,120,93,32,94,365,95,25,96,543,84.0,7541,1085,0.874
2026-04-18 04:25:31 PM,KXATPCHALLENGERMATCH-26APR19TRECAM-CAM,78,506,8,107,7,6618,6,116,5,194,90,120,93,32,94,365,95,26,96,543,84.0,7541,1086,0.874
2026-04-18 04:25:31 PM,KXATPCHALLENGERMATCH-26APR19TRECAM-CAM,78,506,8,107,7,6618,6,116,5,194,89,32,90,120,93,32,94,365,95,26,83.5,7541,575,0.929
2026-04-18 04:25:31 PM,KXATPCHALLENGERMATCH-26APR19TRECAM-CAM,78,506,8,107,7,6618,6,116,5,194,89,32,90,120,93,52,94,365,95,26,83.5,7541,595,0.927
2026-04-18 04:25:31 PM,KXATPCHALLENGERMATCH-26APR19TRECAM-CAM,78,506,8,107,7,6618,6,116,5,194,89,32,93,52,94,365,95,26,96,543,83.5,7541,1018,0.881
2026-04-18 04:25:31 PM,KXATPCHALLENGERMATCH-26APR19TRECAM-CAM,78,506,8,107,7,6618,6,116,5,194,93,52,94,365,95,26,96,543,97,84,85.5,7541,1070,0.876
2026-04-18 04:25:31 PM,KXATPCHALLENGERMATCH-26APR19TRECAM-CAM,78,506,8,107,7,6618,6,116,5,194,88,19,93,52,94,365,95,26,96,543,83.0,7541,1005,0.882
2026-04-18 04:25:31 PM,KXATPCHALLENGERMATCH-26APR19TRECAM-CAM,78,506,8,107,7,6618,6,116,5,194,88,19,92,150,93,52,94,365,95,26,83.0,7541,612,0.925
2026-04-18 04:25:31 PM,KXATPCHALLENGERMATCH-26APR19TRECAM-CAM,78,506,8,107,7,6618,6,116,5,194,88,19,93,52,94,365,95,26,96,543,83.0,7541,1005,0.882
2026-04-18 04:25:32 PM,KXATPCHALLENGERMATCH-26APR19TRECAM-CAM,78,506,8,107,7,6618,6,116,5,194,88,19,93,84,94,365,95,26,96,543,83.0,7541,1037,0.879
2026-04-18 04:25:32 PM,KXATPCHALLENGERMATCH-26APR19TRECAM-CAM,78,506,8,107,7,6618,6,116,5,194,93,84,94,365,95,26,96,543,97,84,85.5,7541,1102,0.872
2026-04-18 04:25:32 PM,KXATPCHALLENGERMATCH-26APR19TRECAM-CAM,78,506,8,107,7,6618,6,116,5,194,92,150,93,84,94,365,95,26,96,543,85.0,7541,1168,0.866
2026-04-18 04:25:32 PM,KXATPCHALLENGERMATCH-26APR19TRECAM-CAM,78,506,8,107,7,6618,6,116,5,194,91,58,92,150,93,84,94,365,95,26,84.5,7541,683,0.917
2026-04-18 04:25:32 PM,KXATPCHALLENGERMATCH-26APR19TRECAM-CAM,78,506,8,107,7,6618,6,116,5,194,91,58,92,150,93,52,94,365,95,26,84.5,7541,651,0.921
2026-04-18 04:25:32 PM,KXATPCHALLENGERMATCH-26APR19TRECAM-CAM,78,506,8,107,7,6618,6,116,5,194,91,58,92,150,93,32,94,365,95,26,84.5,7541,631,0.923
2026-04-18 04:25:32 PM,KXATPCHALLENGERMATCH-26APR19TRECAM-CAM,78,506,8,107,7,6618,6,116,5,194,91,58,93,32,94,365,95,26,96,543,84.5,7541,1024,0.880
2026-04-18 04:25:32 PM,KXATPCHALLENGERMATCH-26APR19TRECAM-CAM,78,506,8,107,7,6618,6,116,5,194,90,120,91,58,93,32,94,365,95,26,84.0,7541,601,0.926
2026-04-18 04:25:33 PM,KXATPCHALLENGERMATCH-26APR19TRECAM-CAM,78,506,8,107,7,6618,6,116,5,194,89,32,90,120,91,58,93,32,94,365,83.5,7541,607,0.926
2026-04-18 04:25:33 PM,KXATPCHALLENGERMATCH-26APR19TRECAM-CAM,78,506,8,107,7,6618,6,116,5,194,89,32,90,120,91,58,93,52,94,365,83.5,7541,627,0.923
2026-04-18 04:25:33 PM,KXATPCHALLENGERMATCH-26APR19TRECAM-CAM,78,506,8,107,7,6618,6,116,5,194,89,32,90,120,93,52,94,365,95,26,83.5,7541,595,0.927
2026-04-18 04:25:33 PM,KXATPCHALLENGERMATCH-26APR19TRECAM-CAM,78,506,8,107,7,6618,6,116,5,194,89,32,93,52,94,365,95,26,96,543,83.5,7541,1018,0.881
2026-04-18 04:25:33 PM,KXATPCHALLENGERMATCH-26APR19TRECAM-CAM,78,506,8,107,7,6618,6,116,5,194,93,52,94,365,95,26,96,543,97,84,85.5,7541,1070,0.876
2026-04-18 04:25:33 PM,KXATPCHALLENGERMATCH-26APR19TRECAM-CAM,78,506,8,107,7,6618,6,116,5,194,88,19,93,52,94,365,95,26,96,543,83.0,7541,1005,0.882
2026-04-18 04:25:33 PM,KXATPCHALLENGERMATCH-26APR19TRECAM-CAM,78,506,8,107,7,6618,6,116,5,194,88,19,92,150,93,52,94,365,95,26,83.0,7541,612,0.925
2026-04-18 04:25:33 PM,KXATPCHALLENGERMATCH-26APR19TRECAM-CAM,78,506,8,107,7,6618,6,116,5,194,88,19,93,52,94,365,95,26,96,543,83.0,7541,1005,0.882
2026-04-18 04:25:34 PM,KXATPCHALLENGERMATCH-26APR19TRECAM-CAM,78,506,8,107,7,6618,6,116,5,194,88,19,93,84,94,365,95,26,96,543,83.0,7541,1037,0.879
2026-04-18 04:25:34 PM,KXATPCHALLENGERMATCH-26APR19TRECAM-CAM,78,506,8,107,7,6618,6,116,5,194,93,84,94,365,95,26,96,543,97,84,85.5,7541,1102,0.872
2026-04-18 04:25:34 PM,KXATPCHALLENGERMATCH-26APR19TRECAM-CAM,78,506,8,107,7,6618,6,116,5,194,93,84,94,378,95,26,96,543,97,84,85.5,7541,1115,0.871
2026-04-18 04:25:34 PM,KXATPCHALLENGERMATCH-26APR19TRECAM-CAM,78,506,8,107,7,6618,6,116,5,194,92,150,93,84,94,378,95,26,96,543,85.0,7541,1181,0.865
2026-04-18 04:25:34 PM,KXATPCHALLENGERMATCH-26APR19TRECAM-CAM,78,506,8,107,7,6618,6,116,5,194,91,58,92,150,93,84,94,378,95,26,84.5,7541,696,0.916
2026-04-18 04:25:34 PM,KXATPCHALLENGERMATCH-26APR19TRECAM-CAM,78,506,8,107,7,6618,6,116,5,194,91,58,92,150,93,84,94,365,95,26,84.5,7541,683,0.917
2026-04-18 04:25:34 PM,KXATPCHALLENGERMATCH-26APR19TRECAM-CAM,78,506,8,107,7,6618,6,116,5,194,91,58,92,150,93,52,94,365,95,26,84.5,7541,651,0.921
2026-04-18 04:25:34 PM,KXATPCHALLENGERMATCH-26APR19TRECAM-CAM,78,506,8,107,7,6618,6,116,5,194,91,58,92,150,93,32,94,365,95,26,84.5,7541,631,0.923
2026-04-18 04:25:35 PM,KXATPCHALLENGERMATCH-26APR19TRECAM-CAM,78,506,8,107,7,6618,6,116,5,194,91,58,93,32,94,365,95,26,96,543,84.5,7541,1024,0.880
2026-04-18 04:25:35 PM,KXATPCHALLENGERMATCH-26APR19TRECAM-CAM,78,506,8,107,7,6618,6,116,5,194,90,120,91,58,93,32,94,365,95,26,84.0,7541,601,0.926
2026-04-18 04:25:35 PM,KXATPCHALLENGERMATCH-26APR19TRECAM-CAM,78,506,8,107,7,6618,6,116,5,194,90,120,93,32,94,365,95,26,96,543,84.0,7541,1086,0.874
2026-04-18 04:25:35 PM,KXATPCHALLENGERMATCH-26APR19TRECAM-CAM,78,506,8,107,7,6618,6,116,5,194,89,32,90,120,93,32,94,365,95,26,83.5,7541,575,0.929
2026-04-18 04:25:35 PM,KXATPCHALLENGERMATCH-26APR19TRECAM-CAM,78,506,8,107,7,6618,6,116,5,194,89,32,93,32,94,365,95,26,96,543,83.5,7541,998,0.883
2026-04-18 04:25:35 PM,KXATPCHALLENGERMATCH-26APR19TRECAM-CAM,78,506,8,107,7,6618,6,116,5,194,89,32,93,84,94,365,95,26,96,543,83.5,7541,1050,0.878
2026-04-18 04:25:35 PM,KXATPCHALLENGERMATCH-26APR19TRECAM-CAM,78,506,8,107,7,6618,6,116,5,194,93,84,94,365,95,26,96,543,97,84,85.5,7541,1102,0.872
2026-04-18 04:25:36 PM,KXATPCHALLENGERMATCH-26APR19TRECAM-CAM,78,506,8,107,7,6618,6,116,5,194,92,150,93,84,94,365,95,26,96,543,85.0,7541,1168,0.866
2026-04-18 04:25:36 PM,KXATPCHALLENGERMATCH-26APR19TRECAM-CAM,78,506,8,107,7,6618,6,116,5,194,92,150,93,52,94,365,95,26,96,543,85.0,7541,1136,0.869
2026-04-18 04:25:36 PM,KXATPCHALLENGERMATCH-26APR19TRECAM-CAM,78,506,8,107,7,6618,6,116,5,194,92,150,94,365,95,26,96,543,97,84,85.0,7541,1168,0.866
2026-04-18 04:25:36 PM,KXATPCHALLENGERMATCH-26APR19TRECAM-CAM,78,506,8,107,7,6618,6,116,5,194,91,58,92,150,94,365,95,26,96,543,84.5,7541,1142,0.868
2026-04-18 04:25:36 PM,KXATPCHALLENGERMATCH-26APR19TRECAM-CAM,78,506,8,107,7,6618,6,116,5,194,91,58,94,365,95,26,96,543,97,84,84.5,7541,1076,0.875
2026-04-18 04:25:36 PM,KXATPCHALLENGERMATCH-26APR19TRECAM-CAM,78,506,8,107,7,6618,6,116,5,194,90,120,91,58,94,365,95,26,96,543,84.0,7541,1112,0.871
2026-04-18 04:25:36 PM,KXATPCHALLENGERMATCH-26APR19TRECAM-CAM,78,506,8,107,7,6618,6,116,5,194,89,32,90,120,91,58,94,365,95,26,83.5,7541,601,0.926
2026-04-18 04:25:36 PM,KXATPCHALLENGERMATCH-26APR19TRECAM-CAM,78,506,8,107,7,6618,6,116,5,194,89,32,90,120,91,58,93,52,94,365,83.5,7541,627,0.923
2026-04-18 04:25:36 PM,KXATPCHALLENGERMATCH-26APR19TRECAM-CAM,78,506,8,107,7,6618,6,116,5,194,89,32,90,120,93,52,94,365,95,26,83.5,7541,595,0.927
2026-04-18 04:25:36 PM,KXATPCHALLENGERMATCH-26APR19TRECAM-CAM,78,506,8,107,7,6618,6,116,5,194,89,32,93,52,94,365,95,26,96,543,83.5,7541,1018,0.881
2026-04-18 04:25:37 PM,KXATPCHALLENGERMATCH-26APR19TRECAM-CAM,78,506,8,107,7,6618,6,116,5,194,93,52,94,365,95,26,96,543,97,84,85.5,7541,1070,0.876
2026-04-18 04:25:37 PM,KXATPCHALLENGERMATCH-26APR19TRECAM-CAM,78,506,8,107,7,6618,6,116,5,194,93,84,94,365,95,26,96,543,97,84,85.5,7541,1102,0.872
2026-04-18 04:25:37 PM,KXATPCHALLENGERMATCH-26APR19TRECAM-CAM,78,506,8,107,7,6618,6,116,5,194,93,84,94,378,95,26,96,543,97,84,85.5,7541,1115,0.871
2026-04-18 04:25:37 PM,KXATPCHALLENGERMATCH-26APR19TRECAM-CAM,78,506,8,107,7,6618,6,116,5,194,92,150,93,84,94,378,95,26,96,543,85.0,7541,1181,0.865
2026-04-18 04:25:37 PM,KXATPCHALLENGERMATCH-26APR19TRECAM-CAM,78,506,8,107,7,6618,6,116,5,194,91,58,92,150,93,84,94,378,95,26,84.5,7541,696,0.916
2026-04-18 04:25:37 PM,KXATPCHALLENGERMATCH-26APR19TRECAM-CAM,78,506,8,107,7,6618,6,116,5,194,91,58,92,150,93,84,94,365,95,26,84.5,7541,683,0.917
2026-04-18 04:25:37 PM,KXATPCHALLENGERMATCH-26APR19TRECAM-CAM,78,506,8,107,7,6618,6,116,5,194,91,58,92,150,93,32,94,365,95,26,84.5,7541,631,0.923
2026-04-18 04:25:37 PM,KXATPCHALLENGERMATCH-26APR19TRECAM-CAM,78,506,8,107,7,6618,6,116,5,194,91,58,93,32,94,365,95,26,96,543,84.5,7541,1024,0.880
2026-04-18 04:25:37 PM,KXATPCHALLENGERMATCH-26APR19TRECAM-CAM,78,506,8,107,7,6618,6,116,5,194,90,120,91,58,93,32,94,365,95,26,84.0,7541,601,0.926
2026-04-18 04:25:38 PM,KXATPCHALLENGERMATCH-26APR19TRECAM-CAM,78,506,8,107,7,6618,6,116,5,194,89,32,90,120,91,58,93,32,94,365,83.5,7541,607,0.926
2026-04-18 04:25:38 PM,KXATPCHALLENGERMATCH-26APR19TRECAM-CAM,78,506,8,107,7,6618,6,116,5,194,89,32,90,120,91,58,93,52,94,365,83.5,7541,627,0.923
2026-04-18 04:25:38 PM,KXATPCHALLENGERMATCH-26APR19TRECAM-CAM,78,506,8,107,7,6618,6,116,5,194,89,32,90,120,93,52,94,365,95,26,83.5,7541,595,0.927
2026-04-18 04:25:38 PM,KXATPCHALLENGERMATCH-26APR19TRECAM-CAM,78,506,8,107,7,6618,6,116,5,194,89,32,93,52,94,365,95,26,96,543,83.5,7541,1018,0.881
2026-04-18 04:25:38 PM,KXATPCHALLENGERMATCH-26APR19TRECAM-CAM,78,506,8,107,7,6618,6,116,5,194,89,32,93,84,94,365,95,26,96,543,83.5,7541,1050,0.878
2026-04-18 04:25:38 PM,KXATPCHALLENGERMATCH-26APR19TRECAM-CAM,78,506,8,107,7,6618,6,116,5,194,93,84,94,365,95,26,96,543,97,84,85.5,7541,1102,0.872
2026-04-18 04:25:38 PM,KXATPCHALLENGERMATCH-26APR19TRECAM-CAM,78,506,8,107,7,6618,6,116,5,194,92,150,93,84,94,365,95,26,96,543,85.0,7541,1168,0.866
2026-04-18 04:25:39 PM,KXATPCHALLENGERMATCH-26APR19TRECAM-CAM,78,506,8,107,7,6618,6,116,5,194,91,58,92,150,93,84,94,365,95,26,84.5,7541,683,0.917
2026-04-18 04:25:39 PM,KXATPCHALLENGERMATCH-26APR19TRECAM-CAM,78,506,8,107,7,6618,6,116,5,194,91,58,92,150,93,52,94,365,95,26,84.5,7541,651,0.921
2026-04-18 04:25:39 PM,KXATPCHALLENGERMATCH-26APR19TRECAM-CAM,78,506,8,107,7,6618,6,116,5,194,91,58,92,150,93,32,94,365,95,26,84.5,7541,631,0.923
2026-04-18 04:25:39 PM,KXATPCHALLENGERMATCH-26APR19TRECAM-CAM,78,506,8,107,7,6618,6,116,5,194,91,58,93,32,94,365,95,26,96,543,84.5,7541,1024,0.880
2026-04-18 04:25:39 PM,KXATPCHALLENGERMATCH-26APR19TRECAM-CAM,78,506,8,107,7,6618,6,116,5,194,90,120,91,58,93,32,94,365,95,26,84.0,7541,601,0.926
2026-04-18 04:25:39 PM,KXATPCHALLENGERMATCH-26APR19TRECAM-CAM,78,506,8,107,7,6618,6,116,5,194,89,32,90,120,91,58,93,32,94,365,83.5,7541,607,0.926
2026-04-18 04:25:39 PM,KXATPCHALLENGERMATCH-26APR19TRECAM-CAM,78,506,8,107,7,6618,6,116,5,194,89,32,90,120,93,32,94,365,95,26,83.5,7541,575,0.929
2026-04-18 04:25:40 PM,KXATPCHALLENGERMATCH-26APR19TRECAM-CAM,78,506,8,107,7,6618,6,116,5,194,89,32,93,32,94,365,95,26,96,543,83.5,7541,998,0.883
2026-04-18 04:25:40 PM,KXATPCHALLENGERMATCH-26APR19TRECAM-CAM,78,506,8,107,7,6618,6,116,5,194,89,32,93,84,94,365,95,26,96,543,83.5,7541,1050,0.878
2026-04-18 04:25:40 PM,KXATPCHALLENGERMATCH-26APR19TRECAM-CAM,78,506,8,107,7,6618,6,116,5,194,89,32,93,84,94,378,95,26,96,543,83.5,7541,1063,0.876
2026-04-18 04:25:40 PM,KXATPCHALLENGERMATCH-26APR19TRECAM-CAM,78,506,8,107,7,6618,6,116,5,194,93,84,94,378,95,26,96,543,97,84,85.5,7541,1115,0.871
2026-04-18 04:25:40 PM,KXATPCHALLENGERMATCH-26APR19TRECAM-CAM,78,506,8,107,7,6618,6,116,5,194,92,150,93,84,94,378,95,26,96,543,85.0,7541,1181,0.865
2026-04-18 04:25:40 PM,KXATPCHALLENGERMATCH-26APR19TRECAM-CAM,78,506,8,107,7,6618,6,116,5,194,91,58,92,150,93,84,94,378,95,26,84.5,7541,696,0.916
2026-04-18 04:25:40 PM,KXATPCHALLENGERMATCH-26APR19TRECAM-CAM,78,506,8,107,7,6618,6,116,5,194,91,58,92,150,93,84,94,365,95,26,84.5,7541,683,0.917
2026-04-18 04:25:40 PM,KXATPCHALLENGERMATCH-26APR19TRECAM-CAM,78,506,8,107,7,6618,6,116,5,194,91,58,92,150,93,52,94,365,95,26,84.5,7541,651,0.921
2026-04-18 04:25:40 PM,KXATPCHALLENGERMATCH-26APR19TRECAM-CAM,78,506,8,107,7,6618,6,116,5,194,91,58,92,150,94,365,95,26,96,543,84.5,7541,1142,0.868
2026-04-18 04:25:40 PM,KXATPCHALLENGERMATCH-26APR19TRECAM-CAM,78,506,8,107,7,6618,6,116,5,194,91,58,94,365,95,26,96,543,97,84,84.5,7541,1076,0.875
2026-04-18 04:25:40 PM,KXATPCHALLENGERMATCH-26APR19TRECAM-CAM,78,506,8,107,7,6618,6,116,5,194,90,120,91,58,94,365,95,26,96,543,84.0,7541,1112,0.871
2026-04-18 04:25:41 PM,KXATPCHALLENGERMATCH-26APR19TRECAM-CAM,78,506,8,107,7,6618,6,116,5,194,89,32,90,120,91,58,94,365,95,26,83.5,7541,601,0.926
2026-04-18 04:25:41 PM,KXATPCHALLENGERMATCH-26APR19TRECAM-CAM,78,506,8,107,7,6618,6,116,5,194,89,32,90,120,91,58,93,52,94,365,83.5,7541,627,0.923
2026-04-18 04:25:41 PM,KXATPCHALLENGERMATCH-26APR19TRECAM-CAM,78,506,8,107,7,6618,6,116,5,194,89,32,90,120,93,52,94,365,95,26,83.5,7541,595,0.927
2026-04-18 04:25:41 PM,KXATPCHALLENGERMATCH-26APR19TRECAM-CAM,78,506,8,107,7,6618,6,116,5,194,89,32,93,52,94,365,95,26,96,543,83.5,7541,1018,0.881
2026-04-18 04:25:41 PM,KXATPCHALLENGERMATCH-26APR19TRECAM-CAM,78,506,8,107,7,6618,6,116,5,194,93,52,94,365,95,26,96,543,97,84,85.5,7541,1070,0.876
2026-04-18 04:25:41 PM,KXATPCHALLENGERMATCH-26APR19TRECAM-CAM,78,506,8,107,7,6618,6,116,5,194,93,84,94,365,95,26,96,543,97,84,85.5,7541,1102,0.872
2026-04-18 04:25:41 PM,KXATPCHALLENGERMATCH-26APR19TRECAM-CAM,78,506,8,107,7,6618,6,116,5,194,93,84,94,378,95,26,96,543,97,84,85.5,7541,1115,0.871
2026-04-18 04:25:41 PM,KXATPCHALLENGERMATCH-26APR19TRECAM-CAM,78,506,8,107,7,6618,6,116,5,194,92,150,93,84,94,378,95,26,96,543,85.0,7541,1181,0.865
2026-04-18 04:25:42 PM,KXATPCHALLENGERMATCH-26APR19TRECAM-CAM,78,506,8,107,7,6618,6,116,5,194,92,150,93,84,94,365,95,26,96,543,85.0,7541,1168,0.866
2026-04-18 04:25:42 PM,KXATPCHALLENGERMATCH-26APR19TRECAM-CAM,78,506,8,107,7,6618,6,116,5,194,92,150,93,32,94,365,95,26,96,543,85.0,7541,1116,0.871
2026-04-18 04:25:42 PM,KXATPCHALLENGERMATCH-26APR19TRECAM-CAM,78,506,8,107,7,6618,6,116,5,194,91,58,92,150,93,32,94,365,95,26,84.5,7541,631,0.923
2026-04-18 04:25:42 PM,KXATPCHALLENGERMATCH-26APR19TRECAM-CAM,78,506,8,107,7,6618,6,116,5,194,91,58,93,32,94,365,95,26,96,543,84.5,7541,1024,0.880
2026-04-18 04:25:42 PM,KXATPCHALLENGERMATCH-26APR19TRECAM-CAM,78,506,8,107,7,6618,6,116,5,194,90,120,91,58,93,32,94,365,95,26,84.0,7541,601,0.926
2026-04-18 04:25:42 PM,KXATPCHALLENGERMATCH-26APR19TRECAM-CAM,78,506,8,107,7,6618,6,116,5,194,89,32,90,120,91,58,93,32,94,365,83.5,7541,607,0.926
2026-04-18 04:25:42 PM,KXATPCHALLENGERMATCH-26APR19TRECAM-CAM,78,506,8,107,7,6618,6,116,5,194,89,32,90,120,91,58,93,52,94,365,83.5,7541,627,0.923
2026-04-18 04:25:42 PM,KXATPCHALLENGERMATCH-26APR19TRECAM-CAM,78,506,8,107,7,6618,6,116,5,194,89,32,90,120,93,52,94,365,95,26,83.5,7541,595,0.927
2026-04-18 04:25:42 PM,KXATPCHALLENGERMATCH-26APR19TRECAM-CAM,78,506,8,107,7,6618,6,116,5,194,89,32,93,52,94,365,95,26,96,543,83.5,7541,1018,0.881
2026-04-18 04:25:43 PM,KXATPCHALLENGERMATCH-26APR19TRECAM-CAM,78,506,8,107,7,6618,6,116,5,194,89,32,93,84,94,365,95,26,96,543,83.5,7541,1050,0.878
2026-04-18 04:25:43 PM,KXATPCHALLENGERMATCH-26APR19TRECAM-CAM,78,506,8,107,7,6618,6,116,5,194,89,32,93,84,94,378,95,26,96,543,83.5,7541,1063,0.876
2026-04-18 04:25:43 PM,KXATPCHALLENGERMATCH-26APR19TRECAM-CAM,78,506,8,107,7,6618,6,116,5,194,93,84,94,378,95,26,96,543,97,84,85.5,7541,1115,0.871
2026-04-18 04:25:43 PM,KXATPCHALLENGERMATCH-26APR19TRECAM-CAM,78,506,8,107,7,6618,6,116,5,194,92,150,93,84,94,378,95,26,96,543,85.0,7541,1181,0.865
2026-04-18 04:25:43 PM,KXATPCHALLENGERMATCH-26APR19TRECAM-CAM,78,506,8,107,7,6618,6,116,5,194,91,58,92,150,93,84,94,378,95,26,84.5,7541,696,0.916
2026-04-18 04:25:43 PM,KXATPCHALLENGERMATCH-26APR19TRECAM-CAM,78,506,8,107,7,6618,6,116,5,194,91,58,92,150,93,84,94,365,95,26,84.5,7541,683,0.917
2026-04-18 04:25:43 PM,KXATPCHALLENGERMATCH-26APR19TRECAM-CAM,78,506,8,107,7,6618,6,116,5,194,91,58,92,150,93,52,94,365,95,26,84.5,7541,651,0.921
2026-04-18 04:25:43 PM,KXATPCHALLENGERMATCH-26APR19TRECAM-CAM,78,506,8,107,7,6618,6,116,5,194,91,58,92,150,93,32,94,365,95,26,84.5,7541,631,0.923
2026-04-18 04:25:44 PM,KXATPCHALLENGERMATCH-26APR19TRECAM-CAM,78,506,8,107,7,6618,6,116,5,194,91,58,93,32,94,365,95,26,96,543,84.5,7541,1024,0.880
2026-04-18 04:25:44 PM,KXATPCHALLENGERMATCH-26APR19TRECAM-CAM,78,506,8,107,7,6618,6,116,5,194,90,120,91,58,93,32,94,365,95,26,84.0,7541,601,0.926
2026-04-18 04:25:44 PM,KXATPCHALLENGERMATCH-26APR19TRECAM-CAM,78,506,8,107,7,6618,6,116,5,194,90,120,93,32,94,365,95,26,96,543,84.0,7541,1086,0.874
2026-04-18 04:25:44 PM,KXATPCHALLENGERMATCH-26APR19TRECAM-CAM,78,506,8,107,7,6618,6,116,5,194,89,32,90,120,93,32,94,365,95,26,83.5,7541,575,0.929
2026-04-18 04:25:44 PM,KXATPCHALLENGERMATCH-26APR19TRECAM-CAM,78,506,8,107,7,6618,6,116,5,194,89,32,90,120,93,52,94,365,95,26,83.5,7541,595,0.927
2026-04-18 04:25:44 PM,KXATPCHALLENGERMATCH-26APR19TRECAM-CAM,78,506,8,107,7,6618,6,116,5,194,89,32,93,52,94,365,95,26,96,543,83.5,7541,1018,0.881
2026-04-18 04:25:44 PM,KXATPCHALLENGERMATCH-26APR19TRECAM-CAM,78,506,8,107,7,6618,6,116,5,194,89,32,93,84,94,365,95,26,96,543,83.5,7541,1050,0.878
2026-04-18 04:25:44 PM,KXATPCHALLENGERMATCH-26APR19TRECAM-CAM,78,506,8,107,7,6618,6,116,5,194,93,84,94,365,95,26,96,543,97,84,85.5,7541,1102,0.872
2026-04-18 04:25:44 PM,KXATPCHALLENGERMATCH-26APR19TRECAM-CAM,78,506,8,107,7,6618,6,116,5,194,93,84,94,378,95,26,96,543,97,84,85.5,7541,1115,0.871
2026-04-18 04:25:44 PM,KXATPCHALLENGERMATCH-26APR19TRECAM-CAM,78,506,8,107,7,6618,6,116,5,194,92,150,93,84,94,378,95,26,96,543,85.0,7541,1181,0.865
2026-04-18 04:25:45 PM,KXATPCHALLENGERMATCH-26APR19TRECAM-CAM,78,506,8,107,7,6618,6,116,5,194,92,150,93,84,94,365,95,26,96,543,85.0,7541,1168,0.866
2026-04-18 04:25:45 PM,KXATPCHALLENGERMATCH-26APR19TRECAM-CAM,78,506,8,107,7,6618,6,116,5,194,92,150,93,52,94,365,95,26,96,543,85.0,7541,1136,0.869
2026-04-18 04:25:45 PM,KXATPCHALLENGERMATCH-26APR19TRECAM-CAM,78,506,8,107,7,6618,6,116,5,194,92,150,93,32,94,365,95,26,96,543,85.0,7541,1116,0.871
2026-04-18 04:25:45 PM,KXATPCHALLENGERMATCH-26APR19TRECAM-CAM,78,506,8,107,7,6618,6,116,5,194,92,150,94,365,95,26,96,543,97,84,85.0,7541,1168,0.866
2026-04-18 04:25:45 PM,KXATPCHALLENGERMATCH-26APR19TRECAM-CAM,78,506,8,107,7,6618,6,116,5,194,91,58,92,150,94,365,95,26,96,543,84.5,7541,1142,0.868
2026-04-18 04:25:45 PM,KXATPCHALLENGERMATCH-26APR19TRECAM-CAM,78,506,8,107,7,6618,6,116,5,194,91,58,92,163,94,365,95,26,96,543,84.5,7541,1155,0.867
2026-04-18 04:25:45 PM,KXATPCHALLENGERMATCH-26APR19TRECAM-CAM,78,506,8,107,7,6618,6,116,5,194,91,58,92,13,94,365,95,26,96,543,84.5,7541,1005,0.882
2026-04-18 04:25:45 PM,KXATPCHALLENGERMATCH-26APR19TRECAM-CAM,78,506,8,107,7,6618,6,116,5,194,90,120,91,58,92,13,94,365,95,26,84.0,7541,582,0.928
2026-04-18 04:25:45 PM,KXATPCHALLENGERMATCH-26APR19TRECAM-CAM,78,506,8,107,7,6618,6,116,5,194,90,120,91,58,92,13,93,26,94,365,84.0,7541,582,0.928
2026-04-18 04:25:45 PM,KXATPCHALLENGERMATCH-26APR19TRECAM-CAM,78,506,8,107,7,6618,6,116,5,194,90,120,92,13,93,26,94,365,95,26,84.0,7541,550,0.932
2026-04-18 04:25:45 PM,KXATPCHALLENGERMATCH-26APR19TRECAM-CAM,78,506,8,107,7,6618,6,116,5,194,90,120,93,26,94,365,95,26,96,543,84.0,7541,1080,0.875
2026-04-18 04:25:46 PM,KXATPCHALLENGERMATCH-26APR19TRECAM-CAM,78,506,8,107,7,6618,6,116,5,194,89,32,90,120,93,26,94,365,95,26,83.5,7541,569,0.930
2026-04-18 04:25:46 PM,KXATPCHALLENGERMATCH-26APR19TRECAM-CAM,78,506,8,107,7,6618,6,116,5,194,89,32,90,120,93,52,94,365,95,26,83.5,7541,595,0.927
2026-04-18 04:25:46 PM,KXATPCHALLENGERMATCH-26APR19TRECAM-CAM,78,506,8,107,7,6618,6,116,5,194,89,32,93,52,94,365,95,26,96,543,83.5,7541,1018,0.881
2026-04-18 04:25:46 PM,KXATPCHALLENGERMATCH-26APR19TRECAM-CAM,78,506,8,107,7,6618,6,116,5,194,89,32,93,84,94,365,95,26,96,543,83.5,7541,1050,0.878
2026-04-18 04:25:46 PM,KXATPCHALLENGERMATCH-26APR19TRECAM-CAM,78,506,8,107,7,6618,6,116,5,194,93,84,94,365,95,26,96,543,97,84,85.5,7541,1102,0.872
2026-04-18 04:25:47 PM,KXATPCHALLENGERMATCH-26APR19TRECAM-CAM,78,506,8,107,7,6618,6,116,5,194,92,150,93,84,94,365,95,26,96,543,85.0,7541,1168,0.866
2026-04-18 04:25:47 PM,KXATPCHALLENGERMATCH-26APR19TRECAM-CAM,78,506,8,107,7,6618,6,116,5,194,91,58,92,150,93,84,94,365,95,26,84.5,7541,683,0.917
2026-04-18 04:25:47 PM,KXATPCHALLENGERMATCH-26APR19TRECAM-CAM,78,506,8,107,7,6618,6,116,5,194,91,58,92,150,93,58,94,365,95,26,84.5,7541,657,0.920
2026-04-18 04:25:47 PM,KXATPCHALLENGERMATCH-26APR19TRECAM-CAM,78,506,8,107,7,6618,6,116,5,194,91,58,92,150,93,32,94,365,95,26,84.5,7541,631,0.923
2026-04-18 04:25:47 PM,KXATPCHALLENGERMATCH-26APR19TRECAM-CAM,78,506,8,107,7,6618,6,116,5,194,91,58,93,32,94,365,95,26,96,543,84.5,7541,1024,0.880
2026-04-18 04:25:47 PM,KXATPCHALLENGERMATCH-26APR19TRECAM-CAM,78,506,8,107,7,6618,6,116,5,194,90,120,91,58,93,32,94,365,95,26,84.0,7541,601,0.926
2026-04-18 04:25:47 PM,KXATPCHALLENGERMATCH-26APR19TRECAM-CAM,78,506,8,107,7,6618,6,116,5,194,90,120,93,32,94,365,95,26,96,543,84.0,7541,1086,0.874
2026-04-18 04:25:47 PM,KXATPCHALLENGERMATCH-26APR19TRECAM-CAM,78,506,8,107,7,6618,6,116,5,194,89,32,90,120,93,32,94,365,95,26,83.5,7541,575,0.929
2026-04-18 04:25:47 PM,KXATPCHALLENGERMATCH-26APR19TRECAM-CAM,78,506,8,107,7,6618,6,116,5,194,89,32,90,133,93,32,94,365,95,26,83.5,7541,588,0.928
2026-04-18 04:25:47 PM,KXATPCHALLENGERMATCH-26APR19TRECAM-CAM,78,506,8,107,7,6618,6,116,5,194,89,32,90,133,94,365,95,26,96,543,83.5,7541,1099,0.873
2026-04-18 04:25:48 PM,KXATPCHALLENGERMATCH-26APR19TRECAM-CAM,78,506,8,107,7,6618,6,116,5,194,89,32,90,13,94,365,95,26,96,543,83.5,7541,979,0.885
2026-04-18 04:25:48 PM,KXATPCHALLENGERMATCH-26APR19TRECAM-CAM,78,506,8,107,7,6618,6,116,5,194,90,13,94,365,95,26,96,543,97,84,84.0,7541,1031,0.880
2026-04-18 04:25:48 PM,KXATPCHALLENGERMATCH-26APR19TRECAM-CAM,78,506,8,107,7,6618,6,116,5,194,94,365,95,26,96,543,97,84,98,245,86.0,7541,1263,0.857
2026-04-18 04:25:48 PM,KXATPCHALLENGERMATCH-26APR19TRECAM-CAM,78,506,8,107,7,6618,6,116,5,194,88,19,94,365,95,26,96,543,97,84,83.0,7541,1037,0.879
2026-04-18 04:25:48 PM,KXATPCHALLENGERMATCH-26APR19TRECAM-CAM,78,506,8,107,7,6618,6,116,5,194,88,19,89,13,94,365,95,26,96,543,83.0,7541,966,0.886
2026-04-18 04:25:48 PM,KXATPCHALLENGERMATCH-26APR19TRECAM-CAM,78,506,8,107,7,6618,6,116,5,194,88,19,89,13,93,84,94,365,95,26,83.0,7541,507,0.937
2026-04-18 04:25:48 PM,KXATPCHALLENGERMATCH-26APR19TRECAM-CAM,78,506,8,107,7,6618,6,116,5,194,88,19,89,13,93,84,94,378,95,26,83.0,7541,520,0.935
2026-04-18 04:25:48 PM,KXATPCHALLENGERMATCH-26APR19TRECAM-CAM,78,506,8,107,7,6618,6,116,5,194,89,13,93,84,94,378,95,26,96,543,83.5,7541,1044,0.878
2026-04-18 04:25:48 PM,KXATPCHALLENGERMATCH-26APR19TRECAM-CAM,78,506,8,107,7,6618,6,116,5,194,93,84,94,378,95,26,96,543,97,84,85.5,7541,1115,0.871
2026-04-18 04:25:51 PM,KXATPCHALLENGERMATCH-26APR19TRECAM-CAM,78,506,8,107,7,6618,6,116,5,194,92,150,93,84,94,378,95,26,96,543,85.0,7541,1181,0.865
2026-04-18 04:25:51 PM,KXATPCHALLENGERMATCH-26APR19TRECAM-CAM,78,506,8,107,7,6618,6,116,5,194,92,150,93,84,94,365,95,26,96,543,85.0,7541,1168,0.866
2026-04-18 04:25:51 PM,KXATPCHALLENGERMATCH-26APR19TRECAM-CAM,78,506,8,107,7,6618,6,116,5,194,92,150,94,365,95,26,96,543,97,84,85.0,7541,1168,0.866
2026-04-18 04:25:51 PM,KXATPCHALLENGERMATCH-26APR19TRECAM-CAM,78,506,8,107,7,6618,6,116,5,194,91,58,92,150,94,365,95,26,96,543,84.5,7541,1142,0.868
2026-04-18 04:25:51 PM,KXATPCHALLENGERMATCH-26APR19TRECAM-CAM,78,506,8,107,7,6618,6,116,5,194,91,58,94,365,95,26,96,543,97,84,84.5,7541,1076,0.875
2026-04-18 04:25:51 PM,KXATPCHALLENGERMATCH-26APR19TRECAM-CAM,78,506,8,107,7,6618,6,116,5,194,90,120,91,58,94,365,95,26,96,543,84.0,7541,1112,0.871
2026-04-18 04:25:51 PM,KXATPCHALLENGERMATCH-26APR19TRECAM-CAM,78,506,8,107,7,6618,6,116,5,194,90,120,91,58,93,26,94,365,95,26,84.0,7541,595,0.927
2026-04-18 04:25:51 PM,KXATPCHALLENGERMATCH-26APR19TRECAM-CAM,78,506,8,107,7,6618,6,116,5,194,90,120,93,26,94,365,95,26,96,543,84.0,7541,1080,0.875
2026-04-18 04:33:59 PM,KXATPCHALLENGERMATCH-26APR19TRECAM-CAM,78,506,8,107,7,6618,6,116,5,194,89,32,90,120,93,26,94,365,95,26,83.5,7541,569,0.930
2026-04-18 04:33:59 PM,KXATPCHALLENGERMATCH-26APR19TRECAM-CAM,78,506,8,107,7,6618,6,116,5,194,89,32,90,120,93,52,94,365,95,26,83.5,7541,595,0.927
2026-04-18 04:33:59 PM,KXATPCHALLENGERMATCH-26APR19TRECAM-CAM,78,506,8,107,7,6618,6,116,5,194,89,32,93,52,94,365,95,26,96,543,83.5,7541,1018,0.881
2026-04-18 04:33:59 PM,KXATPCHALLENGERMATCH-26APR19TRECAM-CAM,78,506,8,107,7,6618,6,116,5,194,89,32,93,84,94,365,95,26,96,543,83.5,7541,1050,0.878
2026-04-18 04:33:59 PM,KXATPCHALLENGERMATCH-26APR19TRECAM-CAM,78,506,8,107,7,6618,6,116,5,194,89,32,93,84,94,378,95,26,96,543,83.5,7541,1063,0.876
2026-04-18 04:33:59 PM,KXATPCHALLENGERMATCH-26APR19TRECAM-CAM,78,506,8,107,7,6618,6,116,5,194,93,84,94,378,95,26,96,543,97,84,85.5,7541,1115,0.871
2026-04-18 04:33:59 PM,KXATPCHALLENGERMATCH-26APR19TRECAM-CAM,78,506,8,107,7,6618,6,116,5,194,92,150,93,84,94,378,95,26,96,543,85.0,7541,1181,0.865
2026-04-18 04:33:59 PM,KXATPCHALLENGERMATCH-26APR19TRECAM-CAM,78,506,8,107,7,6618,6,116,5,194,92,150,93,84,94,365,95,26,96,543,85.0,7541,1168,0.866
2026-04-18 04:33:59 PM,KXATPCHALLENGERMATCH-26APR19TRECAM-CAM,78,506,8,107,7,6618,6,116,5,194,92,150,93,58,94,365,95,26,96,543,85.0,7541,1142,0.868
2026-04-18 04:33:59 PM,KXATPCHALLENGERMATCH-26APR19TRECAM-CAM,78,506,8,107,7,6618,6,116,5,194,92,150,93,32,94,365,95,26,96,543,85.0,7541,1116,0.871
2026-04-18 04:34:00 PM,KXATPCHALLENGERMATCH-26APR19TRECAM-CAM,78,506,8,107,7,6618,6,116,5,194,92,150,94,365,95,26,96,543,97,84,85.0,7541,1168,0.866
2026-04-18 04:34:00 PM,KXATPCHALLENGERMATCH-26APR19TRECAM-CAM,78,506,8,107,7,6618,6,116,5,194,91,58,92,150,94,365,95,26,96,543,84.5,7541,1142,0.868
2026-04-18 04:34:00 PM,KXATPCHALLENGERMATCH-26APR19TRECAM-CAM,78,506,8,107,7,6618,6,116,5,194,91,58,92,163,94,365,95,26,96,543,84.5,7541,1155,0.867
2026-04-18 04:34:00 PM,KXATPCHALLENGERMATCH-26APR19TRECAM-CAM,78,506,8,107,7,6618,6,116,5,194,91,58,92,13,94,365,95,26,96,543,84.5,7541,1005,0.882
2026-04-18 04:34:00 PM,KXATPCHALLENGERMATCH-26APR19TRECAM-CAM,78,506,8,107,7,6618,6,116,5,194,90,120,91,58,92,13,94,365,95,26,84.0,7541,582,0.928
2026-04-18 04:34:00 PM,KXATPCHALLENGERMATCH-26APR19TRECAM-CAM,78,506,8,107,7,6618,6,116,5,194,90,120,92,13,94,365,95,26,96,543,84.0,7541,1067,0.876
2026-04-18 04:34:00 PM,KXATPCHALLENGERMATCH-26APR19TRECAM-CAM,78,506,8,107,7,6618,6,116,5,194,90,120,94,365,95,26,96,543,97,84,84.0,7541,1138,0.869
2026-04-18 04:34:00 PM,KXATPCHALLENGERMATCH-26APR19TRECAM-CAM,78,506,8,107,7,6618,6,116,5,194,89,32,90,120,94,365,95,26,96,543,83.5,7541,1086,0.874
2026-04-18 04:34:00 PM,KXATPCHALLENGERMATCH-26APR19TRECAM-CAM,78,506,8,107,7,6618,6,116,5,194,89,32,90,133,94,365,95,26,96,543,83.5,7541,1099,0.873
2026-04-18 04:34:00 PM,KXATPCHALLENGERMATCH-26APR19TRECAM-CAM,78,506,8,107,7,6618,6,116,5,194,89,32,90,13,94,365,95,26,96,543,83.5,7541,979,0.885
2026-04-18 04:34:01 PM,KXATPCHALLENGERMATCH-26APR19TRECAM-CAM,78,506,8,107,7,6618,6,116,5,194,90,13,94,365,95,26,96,543,97,84,84.0,7541,1031,0.880
2026-04-18 04:34:01 PM,KXATPCHALLENGERMATCH-26APR19TRECAM-CAM,78,506,8,107,7,6618,6,116,5,194,94,365,95,26,96,543,97,84,98,245,86.0,7541,1263,0.857
2026-04-18 04:34:01 PM,KXATPCHALLENGERMATCH-26APR19TRECAM-CAM,78,506,8,107,7,6618,6,116,5,194,93,84,94,365,95,26,96,543,97,84,85.5,7541,1102,0.872
2026-04-18 04:34:01 PM,KXATPCHALLENGERMATCH-26APR19TRECAM-CAM,78,506,8,107,7,6618,6,116,5,194,93,84,94,378,95,26,96,543,97,84,85.5,7541,1115,0.871
2026-04-18 04:34:01 PM,KXATPCHALLENGERMATCH-26APR19TRECAM-CAM,78,506,8,107,7,6618,6,116,5,194,92,150,93,84,94,378,95,26,96,543,85.0,7541,1181,0.865
2026-04-18 04:34:01 PM,KXATPCHALLENGERMATCH-26APR19TRECAM-CAM,78,506,8,107,7,6618,6,116,5,194,91,58,92,150,93,84,94,378,95,26,84.5,7541,696,0.916
2026-04-18 04:34:01 PM,KXATPCHALLENGERMATCH-26APR19TRECAM-CAM,78,506,8,107,7,6618,6,116,5,194,91,58,92,150,93,84,94,365,95,26,84.5,7541,683,0.917
2026-04-18 04:34:01 PM,KXATPCHALLENGERMATCH-26APR19TRECAM-CAM,78,506,8,107,7,6618,6,116,5,194,91,58,92,150,94,365,95,26,96,543,84.5,7541,1142,0.868
2026-04-18 04:34:01 PM,KXATPCHALLENGERMATCH-26APR19TRECAM-CAM,78,506,8,107,7,6618,6,116,5,194,91,58,94,365,95,26,96,543,97,84,84.5,7541,1076,0.875
2026-04-18 04:34:01 PM,KXATPCHALLENGERMATCH-26APR19TRECAM-CAM,78,506,8,107,7,6618,6,116,5,194,90,120,91,58,94,365,95,26,96,543,84.0,7541,1112,0.871
2026-04-18 04:34:02 PM,KXATPCHALLENGERMATCH-26APR19TRECAM-CAM,78,506,8,107,7,6618,6,116,5,194,89,32,90,120,91,58,94,365,95,26,83.5,7541,601,0.926
2026-04-18 04:34:02 PM,KXATPCHALLENGERMATCH-26APR19TRECAM-CAM,78,506,8,107,7,6618,6,116,5,194,89,32,90,120,91,58,93,52,94,365,83.5,7541,627,0.923
2026-04-18 04:34:02 PM,KXATPCHALLENGERMATCH-26APR19TRECAM-CAM,78,506,8,107,7,6618,6,116,5,194,89,32,90,120,93,52,94,365,95,26,83.5,7541,595,0.927
2026-04-18 04:34:02 PM,KXATPCHALLENGERMATCH-26APR19TRECAM-CAM,78,506,8,107,7,6618,6,116,5,194,89,32,93,52,94,365,95,26,96,543,83.5,7541,1018,0.881
2026-04-18 04:34:02 PM,KXATPCHALLENGERMATCH-26APR19TRECAM-CAM,78,506,8,107,7,6618,6,116,5,194,93,52,94,365,95,26,96,543,97,84,85.5,7541,1070,0.876
2026-04-18 04:34:02 PM,KXATPCHALLENGERMATCH-26APR19TRECAM-CAM,78,506,8,107,7,6618,6,116,5,194,93,84,94,365,95,26,96,543,97,84,85.5,7541,1102,0.872
2026-04-18 04:34:02 PM,KXATPCHALLENGERMATCH-26APR19TRECAM-CAM,78,506,8,107,7,6618,6,116,5,194,93,84,94,378,95,26,96,543,97,84,85.5,7541,1115,0.871
2026-04-18 04:34:02 PM,KXATPCHALLENGERMATCH-26APR19TRECAM-CAM,78,506,8,107,7,6618,6,116,5,194,92,150,93,84,94,378,95,26,96,543,85.0,7541,1181,0.865
2026-04-18 04:34:03 PM,KXATPCHALLENGERMATCH-26APR19TRECAM-CAM,78,506,8,107,7,6618,6,116,5,194,92,150,93,84,94,365,95,26,96,543,85.0,7541,1168,0.866
2026-04-18 04:34:03 PM,KXATPCHALLENGERMATCH-26APR19TRECAM-CAM,78,506,8,107,7,6618,6,116,5,194,92,150,93,32,94,365,95,26,96,543,85.0,7541,1116,0.871
2026-04-18 04:34:03 PM,KXATPCHALLENGERMATCH-26APR19TRECAM-CAM,78,506,8,107,7,6618,6,116,5,194,91,58,92,150,93,32,94,365,95,26,84.5,7541,631,0.923
2026-04-18 04:34:03 PM,KXATPCHALLENGERMATCH-26APR19TRECAM-CAM,78,506,8,107,7,6618,6,116,5,194,91,58,93,32,94,365,95,26,96,543,84.5,7541,1024,0.880
