ts_et,ticker,bid_1,bid_1_sz,bid_2,bid_2_sz,bid_3,bid_3_sz,bid_4,bid_4_sz,bid_5,bid_5_sz,ask_1,ask_1_sz,ask_2,ask_2_sz,ask_3,ask_3_sz,ask_4,ask_4_sz,ask_5,ask_5_sz,mid
2026-04-17 09:43:06 PM,KXATPMATCH-26APR18MOLSHE-MOL,28,2794,27,7621,26,8226,25,400,13,577,30,8733,31,9385,32,6828,33,826,34,5110,29.0
2026-04-17 09:43:56 PM,KXATPMATCH-26APR18MOLSHE-MOL,28,2794,27,7621,26,8226,25,400,13,577,30,8734,31,9385,32,6828,33,826,34,5110,29.0
2026-04-17 09:44:02 PM,KXATPMATCH-26APR18MOLSHE-MOL,28,2794,27,7621,26,8226,25,400,13,577,30,8733,31,9385,32,6828,33,826,34,5110,29.0
2026-04-17 09:44:02 PM,KXATPMATCH-26APR18MOLSHE-MOL,28,2794,27,7621,26,8226,25,400,13,577,29,1,30,8733,31,9385,32,6828,33,826,28.5
2026-04-17 09:44:02 PM,KXATPMATCH-26APR18MOLSHE-MOL,28,2784,27,7621,26,8226,25,400,13,577,29,1,30,8733,31,9385,32,6828,33,826,28.5
2026-04-17 09:44:02 PM,KXATPMATCH-26APR18MOLSHE-MOL,28,2780,27,7621,26,8226,25,400,13,577,29,1,30,8733,31,9385,32,6828,33,826,28.5
2026-04-17 09:44:02 PM,KXATPMATCH-26APR18MOLSHE-MOL,28,2780,27,7611,26,8226,25,400,13,577,29,1,30,8733,31,9385,32,6828,33,826,28.5
2026-04-17 09:44:02 PM,KXATPMATCH-26APR18MOLSHE-MOL,28,2780,27,7611,26,8226,25,400,13,577,29,1,30,8733,31,9385,32,6814,33,826,28.5
2026-04-17 09:44:02 PM,KXATPMATCH-26APR18MOLSHE-MOL,28,2780,27,7611,26,8226,25,400,13,577,29,1,30,8733,31,9371,32,6814,33,826,28.5
2026-04-17 09:44:02 PM,KXATPMATCH-26APR18MOLSHE-MOL,28,2780,27,7611,26,8226,25,400,13,577,29,153,30,8733,31,9371,32,6814,33,826,28.5
2026-04-17 09:44:02 PM,KXATPMATCH-26APR18MOLSHE-MOL,28,2530,27,7611,26,8226,25,400,13,577,29,153,30,8733,31,9371,32,6814,33,826,28.5
2026-04-17 09:44:02 PM,KXATPMATCH-26APR18MOLSHE-MOL,28,2530,27,7861,26,8226,25,400,13,577,29,153,30,8733,31,9371,32,6814,33,826,28.5
2026-04-17 09:44:02 PM,KXATPMATCH-26APR18MOLSHE-MOL,28,2530,27,7861,26,8226,25,400,13,577,29,153,30,8733,31,9121,32,6814,33,826,28.5
2026-04-17 09:44:02 PM,KXATPMATCH-26APR18MOLSHE-MOL,28,2530,27,7861,26,8226,25,400,13,577,29,153,30,8983,31,9121,32,6814,33,826,28.5
2026-04-17 09:46:28 PM,KXATPMATCH-26APR18MOLSHE-MOL,28,2530,27,7861,26,8226,25,400,13,577,29,152,30,8983,31,9121,32,6814,33,826,28.5
2026-04-17 09:46:28 PM,KXATPMATCH-26APR18MOLSHE-MOL,28,2530,27,7861,26,8226,25,400,13,577,30,8983,31,9121,32,6814,33,826,34,110,29.0
2026-04-17 09:46:28 PM,KXATPMATCH-26APR18MOLSHE-MOL,28,2530,27,7861,26,8226,25,400,13,577,30,8973,31,9121,32,6814,33,826,34,110,29.0
2026-04-17 09:46:28 PM,KXATPMATCH-26APR18MOLSHE-MOL,28,2545,27,7861,26,8226,25,400,13,577,30,8973,31,9121,32,6814,33,826,34,110,29.0
2026-04-17 09:46:28 PM,KXATPMATCH-26APR18MOLSHE-MOL,28,2545,27,7871,26,8226,25,400,13,577,30,8973,31,9121,32,6814,33,826,34,110,29.0
2026-04-17 09:46:28 PM,KXATPMATCH-26APR18MOLSHE-MOL,28,2545,27,7871,26,8226,25,400,13,577,30,8973,31,9136,32,6814,33,826,34,110,29.0
2026-04-17 09:46:28 PM,KXATPMATCH-26APR18MOLSHE-MOL,28,2545,27,7871,26,8226,25,400,13,577,30,8973,31,9136,32,6824,33,826,34,110,29.0
2026-04-17 09:46:28 PM,KXATPMATCH-26APR18MOLSHE-MOL,28,2545,27,7621,26,8226,25,400,13,577,30,8973,31,9136,32,6824,33,826,34,110,29.0
2026-04-17 09:46:28 PM,KXATPMATCH-26APR18MOLSHE-MOL,28,2795,27,7621,26,8226,25,400,13,577,30,8973,31,9136,32,6824,33,826,34,110,29.0
2026-04-17 09:46:28 PM,KXATPMATCH-26APR18MOLSHE-MOL,28,2795,27,7621,26,8226,25,400,13,577,30,8723,31,9136,32,6824,33,826,34,110,29.0
2026-04-17 09:46:28 PM,KXATPMATCH-26APR18MOLSHE-MOL,28,2795,27,7621,26,8226,25,400,13,577,30,8723,31,9386,32,6824,33,826,34,110,29.0
2026-04-17 09:46:28 PM,KXATPMATCH-26APR18MOLSHE-MOL,28,2800,27,7621,26,8226,25,400,13,577,30,8723,31,9386,32,6824,33,826,34,110,29.0
2026-04-17 09:46:28 PM,KXATPMATCH-26APR18MOLSHE-MOL,28,2800,27,7626,26,8226,25,400,13,577,30,8723,31,9386,32,6824,33,826,34,110,29.0
2026-04-17 09:51:35 PM,KXATPMATCH-26APR18MOLSHE-MOL,28,2800,27,7626,26,8226,25,400,13,577,30,10365,31,9386,32,6824,33,826,34,110,29.0
2026-04-17 09:51:35 PM,KXATPMATCH-26APR18MOLSHE-MOL,28,2604,27,7626,26,8226,25,400,13,577,30,10365,31,9386,32,6824,33,826,34,110,29.0
2026-04-17 09:51:35 PM,KXATPMATCH-26APR18MOLSHE-MOL,28,2604,27,7626,26,8226,25,400,13,577,30,10365,31,9386,32,6824,33,659,34,110,29.0
2026-04-17 09:51:36 PM,KXATPMATCH-26APR18MOLSHE-MOL,28,2604,27,7626,26,8226,25,400,13,577,30,10365,31,9386,32,6824,33,659,34,5110,29.0
2026-04-17 09:52:11 PM,KXATPMATCH-26APR18MOLSHE-MOL,28,2604,27,7626,26,8226,25,400,13,577,30,10315,31,9386,32,6824,33,659,34,5110,29.0
2026-04-17 09:52:11 PM,KXATPMATCH-26APR18MOLSHE-MOL,28,2629,27,7626,26,8226,25,400,13,577,30,10315,31,9386,32,6824,33,659,34,5110,29.0
2026-04-17 09:52:12 PM,KXATPMATCH-26APR18MOLSHE-MOL,28,2629,27,7651,26,8226,25,400,13,577,30,10315,31,9386,32,6824,33,659,34,5110,29.0
2026-04-17 09:53:08 PM,KXATPMATCH-26APR18MOLSHE-MOL,28,2629,27,7651,26,8226,25,400,13,577,30,10312,31,9386,32,6824,33,659,34,5110,29.0
2026-04-17 09:53:08 PM,KXATPMATCH-26APR18MOLSHE-MOL,28,2630,27,7651,26,8226,25,400,13,577,30,10312,31,9386,32,6824,33,659,34,5110,29.0
2026-04-17 09:53:08 PM,KXATPMATCH-26APR18MOLSHE-MOL,28,2630,27,7652,26,8226,25,400,13,577,30,10312,31,9386,32,6824,33,659,34,5110,29.0
2026-04-17 09:54:49 PM,KXATPMATCH-26APR18MOLSHE-MOL,28,2630,27,7652,26,8226,25,400,13,577,30,10317,31,9386,32,6824,33,659,34,5110,29.0
2026-04-17 10:00:09 PM,KXATPMATCH-26APR18MOLSHE-MOL,28,2630,27,7652,26,8226,25,400,13,577,30,10817,31,9386,32,6824,33,659,34,5110,29.0
2026-04-17 10:00:09 PM,KXATPMATCH-26APR18MOLSHE-MOL,28,2630,27,7652,26,8226,25,400,13,577,30,10317,31,9386,32,6824,33,659,34,5110,29.0
2026-04-17 10:00:10 PM,KXATPMATCH-26APR18MOLSHE-MOL,28,2730,27,7652,26,8226,25,400,13,577,30,10317,31,9386,32,6824,33,659,34,5110,29.0
2026-04-17 10:00:19 PM,KXATPMATCH-26APR18MOLSHE-MOL,28,2630,27,7652,26,8226,25,400,13,577,30,10317,31,9386,32,6824,33,659,34,5110,29.0
2026-04-17 10:00:44 PM,KXATPMATCH-26APR18MOLSHE-MOL,28,2630,27,7652,26,8226,25,400,13,577,30,10317,31,9386,32,6824,33,659,34,110,29.0
2026-04-17 10:08:47 PM,KXATPMATCH-26APR18MOLSHE-MOL,28,2630,27,7652,26,8226,25,400,13,577,30,10302,31,9386,32,6824,33,659,34,110,29.0
2026-04-17 10:08:48 PM,KXATPMATCH-26APR18MOLSHE-MOL,28,2637,27,7652,26,8226,25,400,13,577,30,10302,31,9386,32,6824,33,659,34,110,29.0
2026-04-17 10:08:48 PM,KXATPMATCH-26APR18MOLSHE-MOL,28,2637,27,7659,26,8226,25,400,13,577,30,10302,31,9386,32,6824,33,659,34,110,29.0
2026-04-17 10:16:54 PM,KXATPMATCH-26APR18MOLSHE-MOL,28,2637,27,7659,26,8226,25,400,13,577,30,10302,31,9386,32,6824,33,659,34,5110,29.0
2026-04-17 10:17:37 PM,KXATPMATCH-26APR18MOLSHE-MOL,28,2637,27,7659,26,8226,25,400,13,577,30,10224,31,9386,32,6824,33,659,34,5110,29.0
2026-04-17 10:17:38 PM,KXATPMATCH-26APR18MOLSHE-MOL,28,2676,27,7659,26,8226,25,400,13,577,30,10224,31,9386,32,6824,33,659,34,5110,29.0
2026-04-17 10:17:38 PM,KXATPMATCH-26APR18MOLSHE-MOL,28,2676,27,7698,26,8226,25,400,13,577,30,10224,31,9386,32,6824,33,659,34,5110,29.0
2026-04-17 10:22:54 PM,KXATPMATCH-26APR18MOLSHE-MOL,28,2676,27,7698,26,8226,25,400,13,577,30,10178,31,9386,32,6824,33,659,34,5110,29.0
2026-04-17 10:22:55 PM,KXATPMATCH-26APR18MOLSHE-MOL,28,2699,27,7698,26,8226,25,400,13,577,30,10178,31,9386,32,6824,33,659,34,5110,29.0
2026-04-17 10:22:55 PM,KXATPMATCH-26APR18MOLSHE-MOL,28,2699,27,7721,26,8226,25,400,13,577,30,10178,31,9386,32,6824,33,659,34,5110,29.0
2026-04-17 10:25:42 PM,KXATPMATCH-26APR18MOLSHE-MOL,28,2699,27,7721,26,8226,25,400,13,577,30,10178,31,9386,32,6824,33,8471,34,5110,29.0
2026-04-17 10:25:47 PM,KXATPMATCH-26APR18MOLSHE-MOL,28,2699,27,7721,26,8226,25,400,13,577,30,10178,31,9386,32,6824,33,659,34,5110,29.0
2026-04-17 10:25:50 PM,KXATPMATCH-26APR18MOLSHE-MOL,28,2699,27,7721,26,8226,25,400,13,577,30,10178,31,9386,32,6824,33,8471,34,5110,29.0
2026-04-17 10:25:57 PM,KXATPMATCH-26APR18MOLSHE-MOL,28,2699,27,7721,26,8226,25,400,13,577,30,10178,31,9386,32,6824,33,659,34,5110,29.0
2026-04-17 10:26:01 PM,KXATPMATCH-26APR18MOLSHE-MOL,28,2699,27,7721,26,8226,25,400,13,577,30,10178,31,9386,32,6824,33,8471,34,5110,29.0
2026-04-17 10:26:03 PM,KXATPMATCH-26APR18MOLSHE-MOL,28,2699,27,7721,26,8226,25,400,13,577,30,10178,31,9386,32,6824,33,659,34,5110,29.0
2026-04-17 10:26:04 PM,KXATPMATCH-26APR18MOLSHE-MOL,28,2699,27,7721,26,8226,25,400,13,577,30,10178,31,9386,32,6824,33,8021,34,5110,29.0
2026-04-17 10:26:06 PM,KXATPMATCH-26APR18MOLSHE-MOL,28,2576,27,7721,26,8226,25,400,13,577,30,10178,31,9386,32,6824,33,8021,34,5110,29.0
2026-04-17 10:26:06 PM,KXATPMATCH-26APR18MOLSHE-MOL,28,2326,27,7721,26,8226,25,400,13,577,30,10178,31,9386,32,6824,33,8021,34,5110,29.0
2026-04-17 10:26:06 PM,KXATPMATCH-26APR18MOLSHE-MOL,28,2326,27,7971,26,8226,25,400,13,577,30,10178,31,9386,32,6824,33,8021,34,5110,29.0
2026-04-17 10:26:06 PM,KXATPMATCH-26APR18MOLSHE-MOL,28,2326,27,7971,26,8226,25,400,13,577,30,10178,31,9136,32,6824,33,8021,34,5110,29.0
2026-04-17 10:26:06 PM,KXATPMATCH-26APR18MOLSHE-MOL,28,2326,27,7971,26,8226,25,400,13,577,30,10428,31,9136,32,6824,33,8021,34,5110,29.0
2026-04-17 10:26:10 PM,KXATPMATCH-26APR18MOLSHE-MOL,28,2326,27,7971,26,8226,25,400,13,577,30,10428,31,9136,32,6824,33,659,34,5110,29.0
2026-04-17 10:26:19 PM,KXATPMATCH-26APR18MOLSHE-MOL,28,2326,27,7971,26,8226,25,400,13,577,30,10428,31,9136,32,6824,33,8667,34,5110,29.0
2026-04-17 10:26:28 PM,KXATPMATCH-26APR18MOLSHE-MOL,28,2326,27,7971,26,8226,25,400,13,577,30,10428,31,9136,32,6824,33,659,34,5110,29.0
2026-04-17 10:26:29 PM,KXATPMATCH-26APR18MOLSHE-MOL,28,2326,27,7971,26,8226,25,400,13,577,30,10428,31,9136,32,6824,33,8667,34,5110,29.0
2026-04-17 10:26:33 PM,KXATPMATCH-26APR18MOLSHE-MOL,28,2326,27,7971,26,8226,25,400,13,577,30,10428,31,9136,32,6824,33,659,34,5110,29.0
2026-04-17 10:26:34 PM,KXATPMATCH-26APR18MOLSHE-MOL,28,2326,27,7971,26,8226,25,400,13,577,30,10428,31,9136,32,6824,33,8667,34,5110,29.0
2026-04-17 10:26:39 PM,KXATPMATCH-26APR18MOLSHE-MOL,28,2326,27,7971,26,8226,25,400,13,577,30,10428,31,9136,32,6824,33,659,34,5110,29.0
2026-04-17 10:26:47 PM,KXATPMATCH-26APR18MOLSHE-MOL,28,2326,27,7971,26,8226,25,400,13,577,30,10428,31,9136,32,6824,33,8463,34,5110,29.0
2026-04-17 10:27:02 PM,KXATPMATCH-26APR18MOLSHE-MOL,28,2326,27,7971,26,8226,25,400,13,577,30,10428,31,9136,32,6824,33,659,34,5110,29.0
2026-04-17 10:27:05 PM,KXATPMATCH-26APR18MOLSHE-MOL,28,2326,27,7971,26,8226,25,400,13,577,30,10428,31,9136,32,6824,33,8463,34,5110,29.0
2026-04-17 10:27:34 PM,KXATPMATCH-26APR18MOLSHE-MOL,28,2326,27,7971,26,8226,25,400,13,577,30,10428,31,9136,32,6824,33,659,34,5110,29.0
2026-04-17 10:27:35 PM,KXATPMATCH-26APR18MOLSHE-MOL,28,2326,27,7971,26,8226,25,400,13,577,30,10428,31,9136,32,6824,33,8054,34,5110,29.0
2026-04-17 10:27:35 PM,KXATPMATCH-26APR18MOLSHE-MOL,28,2326,27,7971,26,8226,25,400,13,577,30,10463,31,9136,32,6824,33,8054,34,5110,29.0
2026-04-17 10:27:41 PM,KXATPMATCH-26APR18MOLSHE-MOL,28,2326,27,7971,26,8226,25,400,13,577,30,10463,31,9136,32,6824,33,659,34,5110,29.0
2026-04-17 10:28:40 PM,KXATPMATCH-26APR18MOLSHE-MOL,28,2326,27,7971,26,8226,25,400,13,577,30,10432,31,9136,32,6824,33,659,34,5110,29.0
2026-04-17 10:28:41 PM,KXATPMATCH-26APR18MOLSHE-MOL,28,2341,27,7971,26,8226,25,400,13,577,30,10432,31,9136,32,6824,33,659,34,5110,29.0
2026-04-17 10:28:41 PM,KXATPMATCH-26APR18MOLSHE-MOL,28,2341,27,7986,26,8226,25,400,13,577,30,10432,31,9136,32,6824,33,659,34,5110,29.0
2026-04-17 10:28:45 PM,KXATPMATCH-26APR18MOLSHE-MOL,28,2341,27,7986,26,8226,25,400,13,577,30,10432,31,9136,32,6824,33,8430,34,5110,29.0
2026-04-17 10:28:49 PM,KXATPMATCH-26APR18MOLSHE-MOL,28,2341,27,7986,26,8226,25,400,13,577,30,10432,31,9136,32,6824,33,659,34,5110,29.0
2026-04-17 10:28:53 PM,KXATPMATCH-26APR18MOLSHE-MOL,28,2341,27,7986,26,8226,25,400,13,577,30,10432,31,9136,32,6824,33,8673,34,5110,29.0
2026-04-17 10:28:57 PM,KXATPMATCH-26APR18MOLSHE-MOL,28,2341,27,7986,26,8226,25,400,13,577,30,10432,31,9136,32,6824,33,659,34,5110,29.0
2026-04-17 10:28:58 PM,KXATPMATCH-26APR18MOLSHE-MOL,28,2341,27,7986,26,8226,25,400,13,577,30,10432,31,9136,32,6824,33,9539,34,5110,29.0
2026-04-17 10:29:01 PM,KXATPMATCH-26APR18MOLSHE-MOL,28,2341,27,7986,26,8226,25,400,13,577,30,10432,31,9136,32,6824,33,659,34,5110,29.0
2026-04-17 10:29:04 PM,KXATPMATCH-26APR18MOLSHE-MOL,28,2341,27,7986,26,8226,25,400,13,577,30,10432,31,9136,32,6824,33,9538,34,5110,29.0
2026-04-17 10:29:07 PM,KXATPMATCH-26APR18MOLSHE-MOL,28,2341,27,7986,26,8226,25,400,13,577,30,10432,31,9136,32,6824,33,659,34,5110,29.0
2026-04-17 10:29:31 PM,KXATPMATCH-26APR18MOLSHE-MOL,28,2341,27,7986,26,8226,25,400,13,577,30,10432,31,9136,32,6824,33,9593,34,5110,29.0
2026-04-17 10:29:34 PM,KXATPMATCH-26APR18MOLSHE-MOL,28,2341,27,7986,26,8226,25,400,13,577,30,10432,31,9136,32,6824,33,659,34,5110,29.0
2026-04-17 10:29:45 PM,KXATPMATCH-26APR18MOLSHE-MOL,28,2341,27,7986,26,8226,25,400,13,577,30,10432,31,9136,32,6824,33,9593,34,5110,29.0
2026-04-17 10:29:47 PM,KXATPMATCH-26APR18MOLSHE-MOL,28,2341,27,7986,26,8226,25,400,13,577,30,10432,31,9136,32,6824,33,659,34,5110,29.0
2026-04-17 10:29:51 PM,KXATPMATCH-26APR18MOLSHE-MOL,28,2341,27,7986,26,8226,25,400,13,577,30,10432,31,9136,32,6824,33,9593,34,5110,29.0
2026-04-17 10:29:56 PM,KXATPMATCH-26APR18MOLSHE-MOL,28,2341,27,7986,26,8226,25,400,13,577,30,10432,31,9136,32,6824,33,659,34,5110,29.0
2026-04-17 10:30:06 PM,KXATPMATCH-26APR18MOLSHE-MOL,28,2341,27,7986,26,8226,25,400,13,577,30,10432,31,9136,32,6824,33,8673,34,5110,29.0
2026-04-17 10:30:14 PM,KXATPMATCH-26APR18MOLSHE-MOL,28,2341,27,7986,26,8226,25,400,13,577,30,10432,31,9136,32,6824,33,659,34,5110,29.0
2026-04-17 10:30:23 PM,KXATPMATCH-26APR18MOLSHE-MOL,28,2341,27,7986,26,8226,25,400,13,577,30,10432,31,9136,32,6824,33,9232,34,5110,29.0
2026-04-17 10:30:25 PM,KXATPMATCH-26APR18MOLSHE-MOL,28,2341,27,7986,26,8226,25,400,13,577,30,10432,31,9136,32,6824,33,659,34,5110,29.0
2026-04-17 10:30:31 PM,KXATPMATCH-26APR18MOLSHE-MOL,28,2341,27,7986,26,8226,25,400,13,577,30,10432,31,9136,32,6824,33,9343,34,5110,29.0
2026-04-17 10:30:35 PM,KXATPMATCH-26APR18MOLSHE-MOL,28,2341,27,7986,26,8226,25,400,13,577,30,10432,31,9136,32,6824,33,659,34,5110,29.0
2026-04-17 10:30:41 PM,KXATPMATCH-26APR18MOLSHE-MOL,28,2331,27,7986,26,8226,25,400,13,577,30,10432,31,9136,32,6824,33,659,34,5110,29.0
2026-04-17 10:30:43 PM,KXATPMATCH-26APR18MOLSHE-MOL,28,2331,27,7986,26,8226,25,400,13,577,30,10432,31,9136,32,6824,33,9343,34,5110,29.0
2026-04-17 10:30:44 PM,KXATPMATCH-26APR18MOLSHE-MOL,28,2331,27,7986,26,8226,25,400,13,577,30,10432,31,9136,32,6824,33,659,34,5110,29.0
2026-04-17 10:30:47 PM,KXATPMATCH-26APR18MOLSHE-MOL,28,2331,27,7986,26,8226,25,400,13,577,30,10432,31,9136,32,6824,33,9312,34,5110,29.0
2026-04-17 10:30:49 PM,KXATPMATCH-26APR18MOLSHE-MOL,28,2331,27,7986,26,8226,25,400,13,577,30,10432,31,9136,32,6824,33,659,34,5110,29.0
2026-04-17 10:30:56 PM,KXATPMATCH-26APR18MOLSHE-MOL,28,2331,27,7986,26,8226,25,400,13,577,30,10432,31,9136,32,6824,33,8264,34,5110,29.0
2026-04-17 10:31:24 PM,KXATPMATCH-26APR18MOLSHE-MOL,28,2331,27,7986,26,8226,25,400,13,577,30,10397,31,9136,32,6824,33,8264,34,5110,29.0
2026-04-17 10:31:45 PM,KXATPMATCH-26APR18MOLSHE-MOL,28,2331,27,7986,26,8226,25,400,13,577,30,10397,31,9136,32,6824,33,659,34,5110,29.0
2026-04-17 10:32:10 PM,KXATPMATCH-26APR18MOLSHE-MOL,28,2331,27,7986,26,8226,25,400,13,577,30,10397,31,9136,32,6824,33,9769,34,5110,29.0
2026-04-17 10:32:13 PM,KXATPMATCH-26APR18MOLSHE-MOL,28,2331,27,7986,26,8226,25,400,13,577,30,10397,31,9136,32,6824,33,659,34,5110,29.0
2026-04-17 10:32:17 PM,KXATPMATCH-26APR18MOLSHE-MOL,28,2331,27,7986,26,8226,25,400,13,577,30,10397,31,9136,32,6824,33,10178,34,5110,29.0
2026-04-17 10:32:19 PM,KXATPMATCH-26APR18MOLSHE-MOL,28,2331,27,7986,26,8226,25,400,13,577,30,10397,31,9136,32,6824,33,659,34,5110,29.0
2026-04-17 10:32:26 PM,KXATPMATCH-26APR18MOLSHE-MOL,28,2331,27,7986,26,8226,25,400,13,577,30,10397,31,9136,32,6824,33,10217,34,5110,29.0
2026-04-17 10:32:30 PM,KXATPMATCH-26APR18MOLSHE-MOL,28,2331,27,7986,26,8226,25,400,13,577,30,10397,31,9136,32,6824,33,659,34,5110,29.0
2026-04-17 10:33:16 PM,KXATPMATCH-26APR18MOLSHE-MOL,28,2331,27,7986,26,8226,25,400,13,577,30,10397,31,9136,32,6824,33,9195,34,5110,29.0
2026-04-17 10:33:17 PM,KXATPMATCH-26APR18MOLSHE-MOL,28,2307,27,7986,26,8226,25,400,13,577,30,10397,31,9136,32,6824,33,9195,34,5110,29.0
2026-04-17 10:33:17 PM,KXATPMATCH-26APR18MOLSHE-MOL,28,2307,27,7986,26,8226,25,400,13,577,30,10417,31,9136,32,6824,33,9195,34,5110,29.0
2026-04-17 10:33:19 PM,KXATPMATCH-26APR18MOLSHE-MOL,28,2307,27,7986,26,8226,25,400,13,577,30,10417,31,9136,32,6824,33,659,34,5110,29.0
2026-04-17 10:33:20 PM,KXATPMATCH-26APR18MOLSHE-MOL,28,2307,27,7986,26,8226,25,400,13,577,30,10417,31,9136,32,6824,33,8775,34,5110,29.0
2026-04-17 10:33:23 PM,KXATPMATCH-26APR18MOLSHE-MOL,28,2307,27,7986,26,8226,25,400,13,577,30,10417,31,9136,32,6824,33,659,34,5110,29.0
2026-04-17 10:33:24 PM,KXATPMATCH-26APR18MOLSHE-MOL,28,2307,27,7986,26,8226,25,400,13,577,30,10417,31,9136,32,6824,33,8775,34,5110,29.0
2026-04-17 10:33:25 PM,KXATPMATCH-26APR18MOLSHE-MOL,28,2307,27,7986,26,8226,25,400,13,577,30,10417,31,9136,32,6824,33,659,34,5110,29.0
2026-04-17 10:33:27 PM,KXATPMATCH-26APR18MOLSHE-MOL,28,2307,27,7986,26,8226,25,400,13,577,30,10417,31,9136,32,6824,33,8775,34,5110,29.0
2026-04-17 10:33:29 PM,KXATPMATCH-26APR18MOLSHE-MOL,28,2307,27,7986,26,8226,25,400,13,577,30,10417,31,9136,32,6824,33,659,34,5110,29.0
2026-04-17 10:33:29 PM,KXATPMATCH-26APR18MOLSHE-MOL,28,2307,27,7986,26,8226,25,400,13,577,30,10417,31,9136,32,6824,33,7854,34,5110,29.0
2026-04-17 10:33:33 PM,KXATPMATCH-26APR18MOLSHE-MOL,28,2307,27,7986,26,8226,25,400,13,577,30,10417,31,9136,32,6824,33,659,34,5110,29.0
2026-04-17 10:33:34 PM,KXATPMATCH-26APR18MOLSHE-MOL,29,10,28,2307,27,7986,26,8226,25,400,30,10417,31,9136,32,6824,33,659,34,5110,29.5
2026-04-17 10:33:35 PM,KXATPMATCH-26APR18MOLSHE-MOL,29,10,28,2307,27,7986,26,8226,25,400,30,10417,31,9136,32,6824,33,7854,34,5110,29.5
2026-04-17 10:33:38 PM,KXATPMATCH-26APR18MOLSHE-MOL,29,10,28,2307,27,7986,26,8226,25,400,30,10417,31,9136,32,6824,33,659,34,5110,29.5
2026-04-17 10:33:45 PM,KXATPMATCH-26APR18MOLSHE-MOL,29,10,28,2307,27,7986,26,8226,25,400,30,10417,31,9136,32,6824,33,8223,34,5110,29.5
2026-04-17 10:33:47 PM,KXATPMATCH-26APR18MOLSHE-MOL,29,10,28,2307,27,7986,26,8226,25,400,30,10417,31,9136,32,6824,33,659,34,5110,29.5
2026-04-17 10:33:48 PM,KXATPMATCH-26APR18MOLSHE-MOL,28,2307,27,7986,26,8226,25,400,13,577,30,10417,31,9136,32,6824,33,659,34,5110,29.0
2026-04-17 10:33:52 PM,KXATPMATCH-26APR18MOLSHE-MOL,28,2307,27,7986,26,8226,25,400,13,577,30,10417,31,9136,32,6824,33,8427,34,5110,29.0
2026-04-17 10:34:14 PM,KXATPMATCH-26APR18MOLSHE-MOL,28,2307,27,7986,26,8226,25,400,13,577,30,10417,31,9136,32,6824,33,659,34,5110,29.0
2026-04-17 10:34:27 PM,KXATPMATCH-26APR18MOLSHE-MOL,28,2307,27,7986,26,8226,25,400,13,577,30,10402,31,9136,32,6824,33,659,34,5110,29.0
2026-04-17 10:34:27 PM,KXATPMATCH-26APR18MOLSHE-MOL,28,2307,27,7736,26,8226,25,400,13,577,30,10402,31,9136,32,6824,33,659,34,5110,29.0
2026-04-17 10:34:27 PM,KXATPMATCH-26APR18MOLSHE-MOL,28,2557,27,7736,26,8226,25,400,13,577,30,10402,31,9136,32,6824,33,659,34,5110,29.0
2026-04-17 10:34:27 PM,KXATPMATCH-26APR18MOLSHE-MOL,28,2557,27,7736,26,8226,25,400,13,577,30,10152,31,9136,32,6824,33,659,34,5110,29.0
2026-04-17 10:34:27 PM,KXATPMATCH-26APR18MOLSHE-MOL,28,2557,27,7736,26,8226,25,400,13,577,30,10152,31,9386,32,6824,33,659,34,5110,29.0
2026-04-17 10:34:27 PM,KXATPMATCH-26APR18MOLSHE-MOL,28,2564,27,7736,26,8226,25,400,13,577,30,10152,31,9386,32,6824,33,659,34,5110,29.0
2026-04-17 10:34:27 PM,KXATPMATCH-26APR18MOLSHE-MOL,28,2564,27,7743,26,8226,25,400,13,577,30,10152,31,9386,32,6824,33,659,34,5110,29.0
2026-04-17 10:34:35 PM,KXATPMATCH-26APR18MOLSHE-MOL,28,2564,27,7743,26,8226,25,400,13,577,30,10152,31,9386,32,6824,33,10786,34,5110,29.0
2026-04-17 10:35:23 PM,KXATPMATCH-26APR18MOLSHE-MOL,28,2564,27,7743,26,8226,25,400,13,577,30,10152,31,9386,32,6824,33,659,34,5110,29.0
2026-04-17 10:35:23 PM,KXATPMATCH-26APR18MOLSHE-MOL,28,2564,27,7743,26,8226,25,400,13,577,30,10152,31,9386,32,6824,33,9471,34,5110,29.0
2026-04-17 10:35:33 PM,KXATPMATCH-26APR18MOLSHE-MOL,28,2564,27,7743,26,8226,25,400,13,577,30,10152,31,9386,32,6824,33,659,34,5110,29.0
2026-04-17 10:35:33 PM,KXATPMATCH-26APR18MOLSHE-MOL,28,2564,27,7743,26,8226,25,400,13,577,30,10152,31,9386,32,6824,33,8476,34,5110,29.0
2026-04-17 10:36:11 PM,KXATPMATCH-26APR18MOLSHE-MOL,28,2564,27,7743,26,8226,25,400,13,577,30,10152,31,9386,32,6824,33,659,34,5110,29.0
2026-04-17 10:36:11 PM,KXATPMATCH-26APR18MOLSHE-MOL,28,2564,27,7743,26,8226,25,400,13,577,30,10152,31,9386,32,6824,33,8474,34,5110,29.0
2026-04-17 10:36:32 PM,KXATPMATCH-26APR18MOLSHE-MOL,28,2564,27,7743,26,8226,25,400,13,577,30,10152,31,9386,32,6824,33,659,34,5110,29.0
2026-04-17 10:36:33 PM,KXATPMATCH-26APR18MOLSHE-MOL,28,2564,27,7743,26,8226,25,400,13,577,30,10152,31,9386,32,6824,33,8474,34,5110,29.0
2026-04-17 10:36:59 PM,KXATPMATCH-26APR18MOLSHE-MOL,28,2564,27,7743,26,8226,25,400,13,577,30,10071,31,9386,32,6824,33,8474,34,5110,29.0
2026-04-17 10:37:00 PM,KXATPMATCH-26APR18MOLSHE-MOL,28,2604,27,7743,26,8226,25,400,13,577,30,10071,31,9386,32,6824,33,8474,34,5110,29.0
2026-04-17 10:37:00 PM,KXATPMATCH-26APR18MOLSHE-MOL,28,2604,27,7783,26,8226,25,400,13,577,30,10071,31,9386,32,6824,33,8474,34,5110,29.0
2026-04-17 10:37:30 PM,KXATPMATCH-26APR18MOLSHE-MOL,28,2542,27,7783,26,8226,25,400,13,577,30,10071,31,9386,32,6824,33,8474,34,5110,29.0
2026-04-17 10:37:30 PM,KXATPMATCH-26APR18MOLSHE-MOL,28,2542,27,7783,26,8226,25,400,13,577,30,10123,31,9386,32,6824,33,8474,34,5110,29.0
2026-04-17 10:38:21 PM,KXATPMATCH-26APR18MOLSHE-MOL,28,2542,27,7783,26,8226,25,400,13,577,30,9889,31,9386,32,6824,33,8474,34,5110,29.0
2026-04-17 10:38:22 PM,KXATPMATCH-26APR18MOLSHE-MOL,28,2659,27,7783,26,8226,25,400,13,577,30,9889,31,9386,32,6824,33,8474,34,5110,29.0
2026-04-17 10:38:22 PM,KXATPMATCH-26APR18MOLSHE-MOL,28,2659,27,7900,26,8226,25,400,13,577,30,9889,31,9386,32,6824,33,8474,34,5110,29.0
2026-04-17 10:38:24 PM,KXATPMATCH-26APR18MOLSHE-MOL,28,2659,27,7900,26,8226,25,400,13,577,30,9886,31,9386,32,6824,33,8474,34,5110,29.0
2026-04-17 10:38:24 PM,KXATPMATCH-26APR18MOLSHE-MOL,28,2660,27,7900,26,8226,25,400,13,577,30,9886,31,9386,32,6824,33,8474,34,5110,29.0
2026-04-17 10:38:24 PM,KXATPMATCH-26APR18MOLSHE-MOL,28,2660,27,7901,26,8226,25,400,13,577,30,9886,31,9386,32,6824,33,8474,34,5110,29.0
2026-04-17 10:41:51 PM,KXATPMATCH-26APR18MOLSHE-MOL,28,2640,27,7901,26,8226,25,400,13,577,30,9886,31,9386,32,6824,33,8474,34,5110,29.0
2026-04-17 10:42:19 PM,KXATPMATCH-26APR18MOLSHE-MOL,28,2640,27,7901,26,8226,25,400,13,577,30,9886,31,9386,32,6824,33,659,34,5110,29.0
2026-04-17 10:42:19 PM,KXATPMATCH-26APR18MOLSHE-MOL,28,2640,27,7901,26,8226,25,400,13,577,30,9886,31,9386,32,6824,33,8302,34,5110,29.0
2026-04-17 10:42:25 PM,KXATPMATCH-26APR18MOLSHE-MOL,28,2640,27,7873,26,8226,25,400,13,577,30,9886,31,9386,32,6824,33,8302,34,5110,29.0
2026-04-17 10:42:25 PM,KXATPMATCH-26APR18MOLSHE-MOL,28,2633,27,7873,26,8226,25,400,13,577,30,9886,31,9386,32,6824,33,8302,34,5110,29.0
2026-04-17 10:42:25 PM,KXATPMATCH-26APR18MOLSHE-MOL,28,2633,27,7873,26,8226,25,514,13,577,30,9886,31,9386,32,6824,33,8302,34,5110,29.0
2026-04-17 10:42:25 PM,KXATPMATCH-26APR18MOLSHE-MOL,28,2633,27,7873,26,8226,25,514,13,577,30,9932,31,9386,32,6824,33,8302,34,5110,29.0
2026-04-17 10:42:26 PM,KXATPMATCH-26APR18MOLSHE-MOL,28,2633,27,7873,26,8226,25,514,13,577,30,9932,31,9386,32,6824,33,8302,34,110,29.0
2026-04-17 10:42:54 PM,KXATPMATCH-26APR18MOLSHE-MOL,28,2633,27,7873,26,8226,25,514,13,577,30,9932,31,9386,32,6824,33,659,34,110,29.0
2026-04-17 10:45:37 PM,KXATPMATCH-26APR18MOLSHE-MOL,28,2633,27,7873,26,8226,25,514,13,577,30,9932,31,9386,32,6824,33,8476,34,110,29.0
2026-04-17 10:46:00 PM,KXATPMATCH-26APR18MOLSHE-MOL,28,2633,27,7860,26,8226,25,514,13,577,30,9932,31,9386,32,6824,33,8476,34,110,29.0
2026-04-17 10:48:43 PM,KXATPMATCH-26APR18MOLSHE-MOL,28,2633,27,7789,26,8226,25,514,13,577,30,9932,31,9386,32,6824,33,8476,34,110,29.0
2026-04-17 10:48:43 PM,KXATPMATCH-26APR18MOLSHE-MOL,28,2633,27,7789,26,8132,25,514,13,577,30,9932,31,9386,32,6824,33,8476,34,110,29.0
2026-04-17 10:48:43 PM,KXATPMATCH-26APR18MOLSHE-MOL,28,2633,27,7789,26,8132,25,514,24,117,30,9932,31,9386,32,6824,33,8476,34,110,29.0
2026-04-17 10:48:43 PM,KXATPMATCH-26APR18MOLSHE-MOL,28,2633,27,7789,26,8132,25,514,24,117,30,10075,31,9386,32,6824,33,8476,34,110,29.0
2026-04-17 10:50:41 PM,KXATPMATCH-26APR18MOLSHE-MOL,28,2633,27,7789,26,8132,25,514,24,117,30,10075,31,9386,32,6824,33,659,34,110,29.0
2026-04-17 10:50:41 PM,KXATPMATCH-26APR18MOLSHE-MOL,28,2633,27,7789,26,8116,25,514,24,117,30,10075,31,9386,32,6824,33,659,34,110,29.0
2026-04-17 10:51:02 PM,KXATPMATCH-26APR18MOLSHE-MOL,28,2633,27,7789,26,8116,25,514,24,117,30,10075,31,9386,32,6824,33,7850,34,110,29.0
2026-04-17 10:51:04 PM,KXATPMATCH-26APR18MOLSHE-MOL,28,2633,27,7789,26,8116,25,514,24,117,30,10075,31,9386,32,6824,33,659,34,110,29.0
2026-04-17 10:51:07 PM,KXATPMATCH-26APR18MOLSHE-MOL,28,2633,27,7789,26,8116,25,514,24,117,30,10075,31,9386,32,6824,33,7850,34,110,29.0
2026-04-17 10:51:12 PM,KXATPMATCH-26APR18MOLSHE-MOL,28,2633,27,7789,26,8116,25,514,24,117,30,10060,31,9386,32,6824,33,7850,34,110,29.0
2026-04-17 10:51:12 PM,KXATPMATCH-26APR18MOLSHE-MOL,28,2640,27,7789,26,8116,25,514,24,117,30,10060,31,9386,32,6824,33,7850,34,110,29.0
2026-04-17 10:51:12 PM,KXATPMATCH-26APR18MOLSHE-MOL,28,2640,27,7796,26,8116,25,514,24,117,30,10060,31,9386,32,6824,33,7850,34,110,29.0
2026-04-17 10:51:20 PM,KXATPMATCH-26APR18MOLSHE-MOL,28,2640,27,7796,26,8116,25,514,24,117,30,10060,31,9386,32,6824,33,659,34,110,29.0
2026-04-17 10:51:23 PM,KXATPMATCH-26APR18MOLSHE-MOL,28,2640,27,7796,26,8116,25,514,24,117,30,10060,31,9386,32,6824,33,8055,34,110,29.0
2026-04-17 10:51:24 PM,KXATPMATCH-26APR18MOLSHE-MOL,28,2640,27,7796,26,8116,25,514,24,117,30,10060,31,9386,32,6824,33,659,34,110,29.0
2026-04-17 10:51:28 PM,KXATPMATCH-26APR18MOLSHE-MOL,28,2640,27,7796,26,8116,25,514,24,117,30,10060,31,9386,32,6824,33,8259,34,110,29.0
2026-04-17 10:51:31 PM,KXATPMATCH-26APR18MOLSHE-MOL,28,2640,27,7796,26,8116,25,514,24,117,30,10060,31,9386,32,6824,33,659,34,110,29.0
2026-04-17 10:51:48 PM,KXATPMATCH-26APR18MOLSHE-MOL,28,2640,27,7796,26,8116,25,514,24,117,30,10060,31,9386,32,6824,33,660,34,110,29.0
2026-04-17 10:51:53 PM,KXATPMATCH-26APR18MOLSHE-MOL,28,2640,27,7796,26,8116,25,514,24,117,30,10060,31,9386,32,6824,33,8669,34,110,29.0
2026-04-17 10:51:55 PM,KXATPMATCH-26APR18MOLSHE-MOL,28,2640,27,7796,26,8116,25,514,24,117,30,10060,31,9386,32,6824,33,660,34,110,29.0
2026-04-17 10:51:57 PM,KXATPMATCH-26APR18MOLSHE-MOL,28,2640,27,7796,26,8116,25,514,24,117,30,10060,31,9386,32,6824,33,659,34,110,29.0
2026-04-17 10:51:57 PM,KXATPMATCH-26APR18MOLSHE-MOL,28,2640,27,7796,26,8116,25,514,24,117,30,10060,31,9386,32,6824,33,8678,34,110,29.0
2026-04-17 10:52:02 PM,KXATPMATCH-26APR18MOLSHE-MOL,28,2640,27,7796,26,8116,25,514,24,117,30,10060,31,9386,32,6824,33,659,34,110,29.0
2026-04-17 10:53:21 PM,KXATPMATCH-26APR18MOLSHE-MOL,28,2640,27,7796,26,8113,25,514,24,117,30,10060,31,9386,32,6824,33,659,34,110,29.0
2026-04-17 10:53:21 PM,KXATPMATCH-26APR18MOLSHE-MOL,28,2640,27,7796,26,8113,25,514,13,577,30,10060,31,9386,32,6824,33,659,34,110,29.0
2026-04-17 10:53:21 PM,KXATPMATCH-26APR18MOLSHE-MOL,28,2640,27,7796,26,8113,25,400,13,577,30,10060,31,9386,32,6824,33,659,34,110,29.0
2026-04-17 10:53:21 PM,KXATPMATCH-26APR18MOLSHE-MOL,28,2640,27,7796,26,8113,25,400,22,75,30,10060,31,9386,32,6824,33,659,34,110,29.0
2026-04-17 10:53:21 PM,KXATPMATCH-26APR18MOLSHE-MOL,28,2640,27,7796,26,8113,25,400,22,75,30,10360,31,9386,32,6824,33,659,34,110,29.0
2026-04-17 10:54:16 PM,KXATPMATCH-26APR18MOLSHE-MOL,28,2640,27,7796,26,8113,25,400,22,75,30,10360,31,9386,32,6824,33,8678,34,110,29.0
2026-04-17 10:54:34 PM,KXATPMATCH-26APR18MOLSHE-MOL,28,2640,27,7796,26,8113,25,400,22,59,30,10360,31,9386,32,6824,33,8678,34,110,29.0
2026-04-17 10:56:44 PM,KXATPMATCH-26APR18MOLSHE-MOL,28,2640,27,7796,26,8113,25,400,22,59,30,10360,31,9386,32,6824,33,659,34,110,29.0
2026-04-17 10:56:44 PM,KXATPMATCH-26APR18MOLSHE-MOL,28,2640,27,7796,26,8113,25,400,22,59,30,10360,31,9386,32,6824,33,7900,34,110,29.0
2026-04-17 10:58:43 PM,KXATPMATCH-26APR18MOLSHE-MOL,28,2640,27,7796,26,8113,25,400,22,59,30,10360,31,9386,32,6824,33,659,34,110,29.0
2026-04-17 10:58:44 PM,KXATPMATCH-26APR18MOLSHE-MOL,28,2640,27,7796,26,8113,25,400,22,59,30,10360,31,9386,32,6824,33,10292,34,110,29.0
2026-04-17 10:58:54 PM,KXATPMATCH-26APR18MOLSHE-MOL,28,2640,27,7796,26,8113,25,400,22,59,30,10360,31,9386,32,6824,33,659,34,110,29.0
2026-04-17 10:58:54 PM,KXATPMATCH-26APR18MOLSHE-MOL,28,2640,27,7796,26,8113,25,400,22,59,30,10360,31,9386,32,6824,33,8880,34,110,29.0
2026-04-17 10:59:08 PM,KXATPMATCH-26APR18MOLSHE-MOL,28,2640,27,7786,26,8113,25,400,22,59,30,10360,31,9386,32,6824,33,8880,34,110,29.0
2026-04-17 10:59:08 PM,KXATPMATCH-26APR18MOLSHE-MOL,28,2625,27,7786,26,8113,25,400,22,59,30,10360,31,9386,32,6824,33,8880,34,110,29.0
2026-04-17 10:59:08 PM,KXATPMATCH-26APR18MOLSHE-MOL,28,2625,27,7786,26,8113,25,400,22,59,30,10360,31,9386,32,6814,33,8880,34,110,29.0
2026-04-17 10:59:08 PM,KXATPMATCH-26APR18MOLSHE-MOL,28,2625,27,7786,26,8113,25,400,22,59,30,10360,31,9371,32,6814,33,8880,34,110,29.0
2026-04-17 10:59:08 PM,KXATPMATCH-26APR18MOLSHE-MOL,28,2640,27,7786,26,8113,25,400,22,59,30,10360,31,9371,32,6814,33,8880,34,110,29.0
2026-04-17 10:59:09 PM,KXATPMATCH-26APR18MOLSHE-MOL,28,2655,27,7786,26,8113,25,400,22,59,30,10360,31,9371,32,6814,33,8880,34,110,29.0
2026-04-17 10:59:09 PM,KXATPMATCH-26APR18MOLSHE-MOL,28,2640,27,7786,26,8113,25,400,22,59,30,10360,31,9371,32,6814,33,8880,34,110,29.0
2026-04-17 10:59:09 PM,KXATPMATCH-26APR18MOLSHE-MOL,28,2640,27,7797,26,8113,25,400,22,59,30,10360,31,9371,32,6814,33,8880,34,110,29.0
2026-04-17 10:59:09 PM,KXATPMATCH-26APR18MOLSHE-MOL,28,2640,27,7797,26,8113,25,400,22,59,30,10360,31,9386,32,6814,33,8880,34,110,29.0
2026-04-17 10:59:10 PM,KXATPMATCH-26APR18MOLSHE-MOL,28,2640,27,7797,26,8113,25,400,22,59,30,10360,31,9386,32,6825,33,8880,34,110,29.0
2026-04-17 10:59:57 PM,KXATPMATCH-26APR18MOLSHE-MOL,28,2640,27,7797,26,8113,25,400,22,59,30,10360,31,9386,32,6825,33,659,34,110,29.0
2026-04-17 10:59:57 PM,KXATPMATCH-26APR18MOLSHE-MOL,28,2640,27,7797,26,8113,25,400,22,59,30,10360,31,9386,32,6825,33,8717,34,110,29.0
2026-04-17 11:00:32 PM,KXATPMATCH-26APR18MOLSHE-MOL,28,2640,27,7797,26,8113,25,400,22,59,30,10342,31,9386,32,6825,33,8717,34,110,29.0
2026-04-17 11:00:32 PM,KXATPMATCH-26APR18MOLSHE-MOL,28,2649,27,7797,26,8113,25,400,22,59,30,10342,31,9386,32,6825,33,8717,34,110,29.0
2026-04-17 11:00:32 PM,KXATPMATCH-26APR18MOLSHE-MOL,28,2649,27,7806,26,8113,25,400,22,59,30,10342,31,9386,32,6825,33,8717,34,110,29.0
2026-04-17 11:01:41 PM,KXATPMATCH-26APR18MOLSHE-MOL,28,2649,27,7806,26,8113,25,400,22,59,30,10342,31,9386,32,6825,33,659,34,110,29.0
2026-04-17 11:01:41 PM,KXATPMATCH-26APR18MOLSHE-MOL,28,2649,27,7806,26,8113,25,400,22,59,30,10342,31,9386,32,6825,33,8675,34,110,29.0
2026-04-17 11:01:42 PM,KXATPMATCH-26APR18MOLSHE-MOL,28,2649,27,7806,26,8113,25,400,22,59,30,10342,31,9386,32,6825,33,659,34,110,29.0
2026-04-17 11:02:17 PM,KXATPMATCH-26APR18MOLSHE-MOL,28,2649,27,7806,26,8113,25,400,22,59,30,10342,31,9386,32,6825,33,8225,34,110,29.0
2026-04-17 11:02:28 PM,KXATPMATCH-26APR18MOLSHE-MOL,28,2649,27,7806,26,8113,25,400,22,59,30,10342,31,9386,32,6825,33,659,34,110,29.0
2026-04-17 11:02:32 PM,KXATPMATCH-26APR18MOLSHE-MOL,28,2649,27,7806,26,8113,25,400,22,59,30,10342,31,9386,32,6825,33,9367,34,110,29.0
2026-04-17 11:02:35 PM,KXATPMATCH-26APR18MOLSHE-MOL,28,2649,27,7806,26,8113,25,400,22,59,30,10342,31,9386,32,6825,33,659,34,110,29.0
2026-04-17 11:03:07 PM,KXATPMATCH-26APR18MOLSHE-MOL,28,2649,27,7806,26,8113,25,400,22,59,30,10342,31,9386,32,6825,33,9776,34,110,29.0
2026-04-17 11:03:12 PM,KXATPMATCH-26APR18MOLSHE-MOL,28,2649,27,7806,26,8113,25,400,22,59,30,10342,31,9386,32,6825,33,659,34,110,29.0
2026-04-17 11:03:12 PM,KXATPMATCH-26APR18MOLSHE-MOL,28,2649,27,7806,26,8113,25,400,22,59,30,10342,31,9386,32,6825,33,8839,34,110,29.0
2026-04-17 11:04:44 PM,KXATPMATCH-26APR18MOLSHE-MOL,28,2649,27,7806,26,8113,25,400,13,577,30,10342,31,9386,32,6825,33,8839,34,110,29.0
2026-04-17 11:04:44 PM,KXATPMATCH-26APR18MOLSHE-MOL,28,2649,27,7806,26,8113,25,400,13,577,30,10449,31,9386,32,6825,33,8839,34,110,29.0
2026-04-17 11:04:45 PM,KXATPMATCH-26APR18MOLSHE-MOL,28,2649,27,7806,26,8113,25,400,13,577,30,10539,31,9386,32,6825,33,8839,34,110,29.0
2026-04-17 11:04:45 PM,KXATPMATCH-26APR18MOLSHE-MOL,28,2640,27,7806,26,8113,25,400,13,577,30,10539,31,9386,32,6825,33,8839,34,110,29.0
2026-04-17 11:04:45 PM,KXATPMATCH-26APR18MOLSHE-MOL,28,2633,27,7806,26,8113,25,400,13,577,30,10539,31,9386,32,6825,33,8839,34,110,29.0
2026-04-17 11:04:45 PM,KXATPMATCH-26APR18MOLSHE-MOL,28,2632,27,7806,26,8113,25,400,13,577,30,10539,31,9386,32,6825,33,8839,34,110,29.0
2026-04-17 11:04:45 PM,KXATPMATCH-26APR18MOLSHE-MOL,28,2605,27,7806,26,8113,25,400,13,577,30,10539,31,9386,32,6825,33,8839,34,110,29.0
2026-04-17 11:04:45 PM,KXATPMATCH-26APR18MOLSHE-MOL,28,2605,27,7797,26,8113,25,400,13,577,30,10539,31,9386,32,6825,33,8839,34,110,29.0
2026-04-17 11:04:45 PM,KXATPMATCH-26APR18MOLSHE-MOL,28,2605,27,7790,26,8113,25,400,13,577,30,10539,31,9386,32,6825,33,8839,34,110,29.0
2026-04-17 11:04:45 PM,KXATPMATCH-26APR18MOLSHE-MOL,28,2605,27,7789,26,8113,25,400,13,577,30,10539,31,9386,32,6825,33,8839,34,110,29.0
2026-04-17 11:04:45 PM,KXATPMATCH-26APR18MOLSHE-MOL,28,2605,27,7762,26,8113,25,400,13,577,30,10539,31,9386,32,6825,33,8839,34,110,29.0
2026-04-17 11:07:23 PM,KXATPMATCH-26APR18MOLSHE-MOL,28,2605,27,7762,26,8113,25,400,13,577,30,10540,31,9386,32,6825,33,8839,34,110,29.0
2026-04-17 11:07:40 PM,KXATPMATCH-26APR18MOLSHE-MOL,28,2605,27,7762,26,8113,25,400,13,577,30,10606,31,9386,32,6825,33,8839,34,110,29.0
2026-04-17 11:07:40 PM,KXATPMATCH-26APR18MOLSHE-MOL,28,2572,27,7762,26,8113,25,400,13,577,30,10606,31,9386,32,6825,33,8839,34,110,29.0
2026-04-17 11:07:40 PM,KXATPMATCH-26APR18MOLSHE-MOL,28,2572,27,7729,26,8113,25,400,13,577,30,10606,31,9386,32,6825,33,8839,34,110,29.0
2026-04-17 11:07:41 PM,KXATPMATCH-26APR18MOLSHE-MOL,28,2572,27,7729,26,8113,25,400,13,577,30,10637,31,9386,32,6825,33,8839,34,110,29.0
2026-04-17 11:08:19 PM,KXATPMATCH-26APR18MOLSHE-MOL,28,2572,27,7729,26,8113,25,400,13,577,30,10606,31,9386,32,6825,33,8839,34,110,29.0
2026-04-17 11:08:19 PM,KXATPMATCH-26APR18MOLSHE-MOL,28,2572,27,7729,26,8113,25,400,13,577,30,10647,31,9386,32,6825,33,8839,34,110,29.0
2026-04-17 11:08:59 PM,KXATPMATCH-26APR18MOLSHE-MOL,28,2572,27,7729,26,8113,25,400,13,577,30,10647,31,9386,32,6825,33,659,34,110,29.0
2026-04-17 11:08:59 PM,KXATPMATCH-26APR18MOLSHE-MOL,28,2572,27,7729,26,8113,25,400,13,577,30,10647,31,9386,32,6825,33,8698,34,110,29.0
2026-04-17 11:10:09 PM,KXATPMATCH-26APR18MOLSHE-MOL,28,2572,27,7729,26,8113,25,400,13,577,30,10647,31,9386,32,6825,33,659,34,110,29.0
2026-04-17 11:10:09 PM,KXATPMATCH-26APR18MOLSHE-MOL,28,2572,27,7729,26,8113,25,400,13,577,30,10647,31,9386,32,6825,33,8490,34,110,29.0
2026-04-17 11:13:05 PM,KXATPMATCH-26APR18MOLSHE-MOL,28,2572,27,7729,26,8113,25,400,13,577,30,10606,31,9386,32,6825,33,8490,34,110,29.0
2026-04-17 11:13:05 PM,KXATPMATCH-26APR18MOLSHE-MOL,28,2572,27,7729,26,8113,25,400,13,577,30,10652,31,9386,32,6825,33,8490,34,110,29.0
2026-04-17 11:13:29 PM,KXATPMATCH-26APR18MOLSHE-MOL,28,2572,27,7729,26,8113,25,400,13,577,30,10652,31,9386,32,6825,33,659,34,110,29.0
2026-04-17 11:13:30 PM,KXATPMATCH-26APR18MOLSHE-MOL,28,2572,27,7729,26,8113,25,400,13,577,30,10652,31,9386,32,6825,33,7828,34,110,29.0
2026-04-17 11:14:37 PM,KXATPMATCH-26APR18MOLSHE-MOL,28,2572,27,7729,26,8113,25,400,13,577,30,10606,31,9386,32,6825,33,7828,34,110,29.0
2026-04-17 11:14:37 PM,KXATPMATCH-26APR18MOLSHE-MOL,28,2572,27,7729,26,8113,25,400,13,577,30,10692,31,9386,32,6825,33,7828,34,110,29.0
2026-04-17 11:15:32 PM,KXATPMATCH-26APR18MOLSHE-MOL,28,2572,27,7729,26,8113,25,400,13,577,30,10702,31,9386,32,6825,33,7828,34,110,29.0
2026-04-17 11:15:32 PM,KXATPMATCH-26APR18MOLSHE-MOL,28,2567,27,7729,26,8113,25,400,13,577,30,10702,31,9386,32,6825,33,7828,34,110,29.0
2026-04-17 11:15:32 PM,KXATPMATCH-26APR18MOLSHE-MOL,28,2567,27,7729,26,8113,25,400,13,577,30,10616,31,9386,32,6825,33,7828,34,110,29.0
2026-04-17 11:15:32 PM,KXATPMATCH-26APR18MOLSHE-MOL,28,2567,27,7729,26,8113,25,400,13,577,30,10743,31,9386,32,6825,33,7828,34,110,29.0
2026-04-17 11:15:32 PM,KXATPMATCH-26APR18MOLSHE-MOL,28,2567,27,7724,26,8113,25,400,13,577,30,10743,31,9386,32,6825,33,7828,34,110,29.0
2026-04-17 11:15:33 PM,KXATPMATCH-26APR18MOLSHE-MOL,28,2567,27,7724,26,8113,25,400,13,577,30,10793,31,9386,32,6825,33,7828,34,110,29.0
2026-04-17 11:15:33 PM,KXATPMATCH-26APR18MOLSHE-MOL,28,2542,27,7724,26,8113,25,400,13,577,30,10793,31,9386,32,6825,33,7828,34,110,29.0
2026-04-17 11:15:33 PM,KXATPMATCH-26APR18MOLSHE-MOL,28,2542,27,7699,26,8113,25,400,13,577,30,10793,31,9386,32,6825,33,7828,34,110,29.0
2026-04-17 11:15:47 PM,KXATPMATCH-26APR18MOLSHE-MOL,28,2542,27,7699,26,8113,25,400,13,577,30,10793,31,9386,32,6825,33,7828,34,5110,29.0
2026-04-17 11:15:48 PM,KXATPMATCH-26APR18MOLSHE-MOL,28,2542,27,7699,26,8113,25,400,13,577,30,9151,31,9386,32,6825,33,7828,34,5110,29.0
2026-04-17 11:15:48 PM,KXATPMATCH-26APR18MOLSHE-MOL,28,2542,27,7699,26,8113,25,400,13,577,30,9151,31,9283,32,6825,33,7828,34,5110,29.0
2026-04-17 11:15:48 PM,KXATPMATCH-26APR18MOLSHE-MOL,28,4331,27,7699,26,8113,25,400,13,577,30,9151,31,9283,32,6825,33,7828,34,5110,29.0
2026-04-17 11:15:48 PM,KXATPMATCH-26APR18MOLSHE-MOL,28,4331,27,7699,26,8113,25,400,13,577,30,9151,31,9283,32,6825,33,7829,34,5110,29.0
2026-04-17 11:15:51 PM,KXATPMATCH-26APR18MOLSHE-MOL,28,4331,27,7699,26,8113,25,400,13,577,30,9151,31,9283,32,6825,33,7829,34,110,29.0
2026-04-17 11:15:51 PM,KXATPMATCH-26APR18MOLSHE-MOL,28,4331,27,7699,26,8113,25,400,13,577,30,5111,31,9283,32,6825,33,7829,34,110,29.0
2026-04-17 11:15:51 PM,KXATPMATCH-26APR18MOLSHE-MOL,28,4331,27,7699,26,8113,25,400,13,577,30,5021,31,9283,32,6825,33,7829,34,110,29.0
2026-04-17 11:15:51 PM,KXATPMATCH-26APR18MOLSHE-MOL,28,4331,27,7699,26,8113,25,400,13,577,30,5020,31,9283,32,6825,33,7829,34,110,29.0
2026-04-17 11:15:51 PM,KXATPMATCH-26APR18MOLSHE-MOL,28,4331,27,7699,26,8113,25,400,13,577,30,4954,31,9283,32,6825,33,7829,34,110,29.0
2026-04-17 11:15:51 PM,KXATPMATCH-26APR18MOLSHE-MOL,28,4331,27,7699,26,8113,25,400,13,577,30,4944,31,9283,32,6825,33,7829,34,110,29.0
2026-04-17 11:15:51 PM,KXATPMATCH-26APR18MOLSHE-MOL,28,4331,27,7699,26,8113,25,400,13,577,30,4894,31,9283,32,6825,33,7829,34,110,29.0
2026-04-17 11:15:51 PM,KXATPMATCH-26APR18MOLSHE-MOL,28,4331,27,7699,26,8113,25,400,13,577,30,4894,31,11143,32,6825,33,7829,34,110,29.0
2026-04-17 11:15:51 PM,KXATPMATCH-26APR18MOLSHE-MOL,28,4331,27,7699,26,8113,25,400,13,577,30,4894,31,11143,32,6825,33,7828,34,110,29.0
2026-04-17 11:15:51 PM,KXATPMATCH-26APR18MOLSHE-MOL,28,4331,27,7699,26,8113,25,400,13,577,30,4894,31,11143,32,9225,33,7828,34,110,29.0
2026-04-17 11:16:34 PM,KXATPMATCH-26APR18MOLSHE-MOL,28,4331,27,7699,26,8113,25,400,13,577,30,4894,31,11143,32,9225,33,7828,34,5110,29.0
2026-04-17 11:16:34 PM,KXATPMATCH-26APR18MOLSHE-MOL,28,4331,27,7699,26,8365,25,400,13,577,30,4894,31,11143,32,9225,33,7828,34,5110,29.0
2026-04-17 11:16:35 PM,KXATPMATCH-26APR18MOLSHE-MOL,28,4331,27,7699,26,8305,25,400,13,577,30,4894,31,11143,32,9225,33,7828,34,5110,29.0
2026-04-17 11:16:35 PM,KXATPMATCH-26APR18MOLSHE-MOL,28,4331,27,7699,26,8053,25,400,13,577,30,4894,31,11143,32,9225,33,7828,34,5110,29.0
2026-04-17 11:16:36 PM,KXATPMATCH-26APR18MOLSHE-MOL,28,4331,27,7999,26,8053,25,400,13,577,30,4894,31,11143,32,9225,33,7828,34,5110,29.0
2026-04-17 11:16:48 PM,KXATPMATCH-26APR18MOLSHE-MOL,28,4331,27,7999,26,8053,25,400,13,577,30,4894,31,11143,32,9225,33,12828,34,5110,29.0
2026-04-17 11:17:45 PM,KXATPMATCH-26APR18MOLSHE-MOL,28,4331,27,7999,26,8053,25,400,13,577,30,4894,31,11127,32,9225,33,12828,34,5110,29.0
2026-04-17 11:19:10 PM,KXATPMATCH-26APR18MOLSHE-MOL,28,4331,27,7999,26,8053,25,400,13,577,30,4894,31,11127,32,9225,33,5659,34,5110,29.0
2026-04-17 11:19:24 PM,KXATPMATCH-26APR18MOLSHE-MOL,28,4331,27,7999,26,8053,25,400,13,577,30,4828,31,11127,32,9225,33,5659,34,5110,29.0
2026-04-17 11:19:27 PM,KXATPMATCH-26APR18MOLSHE-MOL,28,4331,27,7999,26,8053,25,400,13,577,30,3875,31,11127,32,9225,33,5659,34,5110,29.0
2026-04-17 11:19:28 PM,KXATPMATCH-26APR18MOLSHE-MOL,28,5559,27,7999,26,8053,25,400,13,577,30,3875,31,11127,32,9225,33,5659,34,5110,29.0
2026-04-17 11:19:28 PM,KXATPMATCH-26APR18MOLSHE-MOL,28,5559,27,7999,26,8053,25,400,13,577,30,3737,31,11127,32,9225,33,5659,34,5110,29.0
2026-04-17 11:31:45 PM,KXATPMATCH-26APR18MOLSHE-MOL,28,5574,27,7999,26,8053,25,400,13,577,30,3737,31,11127,32,9225,33,5659,34,5110,29.0
2026-04-17 11:32:05 PM,KXATPMATCH-26APR18MOLSHE-MOL,28,5574,27,7999,26,8053,25,5400,13,577,30,3737,31,11127,32,9225,33,5659,34,5110,29.0
2026-04-17 11:32:05 PM,KXATPMATCH-26APR18MOLSHE-MOL,28,5574,27,2999,26,8053,25,5400,13,577,30,3737,31,11127,32,9225,33,5659,34,5110,29.0
2026-04-17 11:32:25 PM,KXATPMATCH-26APR18MOLSHE-MOL,28,5574,27,2999,26,8053,25,5400,13,577,30,3737,31,11128,32,9225,33,5659,34,5110,29.0
2026-04-17 11:33:07 PM,KXATPMATCH-26APR18MOLSHE-MOL,28,5574,27,2999,26,8053,25,5400,13,577,30,3734,31,11128,32,9225,33,5659,34,5110,29.0
2026-04-17 11:33:23 PM,KXATPMATCH-26APR18MOLSHE-MOL,28,5559,27,2999,26,8053,25,5400,13,577,30,3734,31,11128,32,9225,33,5659,34,5110,29.0
2026-04-17 11:34:27 PM,KXATPMATCH-26APR18MOLSHE-MOL,28,5559,27,2999,26,8053,25,5400,13,577,30,3722,31,11128,32,9225,33,5659,34,5110,29.0
2026-04-17 11:34:28 PM,KXATPMATCH-26APR18MOLSHE-MOL,28,5559,27,2999,26,8053,25,5400,13,577,30,3661,31,11128,32,9225,33,5659,34,5110,29.0
2026-04-17 11:34:28 PM,KXATPMATCH-26APR18MOLSHE-MOL,28,5559,27,2999,26,8053,25,5400,13,577,30,3723,31,11128,32,9225,33,5659,34,5110,29.0
2026-04-17 11:36:45 PM,KXATPMATCH-26APR18MOLSHE-MOL,28,5559,27,2999,26,8053,25,5400,13,577,30,3723,31,11130,32,9225,33,5659,34,5110,29.0
2026-04-17 11:36:45 PM,KXATPMATCH-26APR18MOLSHE-MOL,28,5558,27,2999,26,8053,25,5400,13,577,30,3723,31,11130,32,9225,33,5659,34,5110,29.0
2026-04-17 11:36:45 PM,KXATPMATCH-26APR18MOLSHE-MOL,28,5558,27,2999,26,8053,25,5400,13,577,30,3723,31,11806,32,9225,33,5659,34,5110,29.0
2026-04-17 11:36:45 PM,KXATPMATCH-26APR18MOLSHE-MOL,28,5558,27,2999,26,8053,25,5400,13,577,30,3723,31,11806,32,9676,33,5659,34,5110,29.0
2026-04-17 11:36:45 PM,KXATPMATCH-26APR18MOLSHE-MOL,28,5558,27,2998,26,8053,25,5400,13,577,30,3723,31,11806,32,9676,33,5659,34,5110,29.0
2026-04-17 11:37:02 PM,KXATPMATCH-26APR18MOLSHE-MOL,28,5558,27,2998,26,8053,25,5400,13,577,30,3717,31,11806,32,9676,33,5659,34,5110,29.0
2026-04-17 11:40:39 PM,KXATPMATCH-26APR18MOLSHE-MOL,28,5573,27,2998,26,8053,25,5400,13,577,30,3717,31,11806,32,9676,33,5659,34,5110,29.0
2026-04-17 11:41:06 PM,KXATPMATCH-26APR18MOLSHE-MOL,28,5558,27,2998,26,8053,25,5400,13,577,30,3717,31,11806,32,9676,33,5659,34,5110,29.0
2026-04-17 11:42:07 PM,KXATPMATCH-26APR18MOLSHE-MOL,28,5558,27,2998,26,8053,25,5400,13,577,30,3702,31,11806,32,9676,33,5659,34,5110,29.0
2026-04-17 11:42:10 PM,KXATPMATCH-26APR18MOLSHE-MOL,28,5558,27,2998,26,8053,25,5400,13,577,30,3640,31,11806,32,9676,33,5659,34,5110,29.0
2026-04-17 11:42:10 PM,KXATPMATCH-26APR18MOLSHE-MOL,28,5558,27,2998,26,8053,25,5400,13,577,30,3703,31,11806,32,9676,33,5659,34,5110,29.0
2026-04-17 11:43:43 PM,KXATPMATCH-26APR18MOLSHE-MOL,28,5558,27,2998,26,8053,25,5400,13,577,30,3152,31,11806,32,9676,33,5659,34,5110,29.0
2026-04-17 11:43:43 PM,KXATPMATCH-26APR18MOLSHE-MOL,28,5558,27,2998,26,8053,25,5400,13,577,30,3086,31,11806,32,9676,33,5659,34,5110,29.0
2026-04-17 11:43:43 PM,KXATPMATCH-26APR18MOLSHE-MOL,28,5558,27,2998,26,8053,25,5400,13,577,30,2766,31,11806,32,9676,33,5659,34,5110,29.0
2026-04-17 11:43:43 PM,KXATPMATCH-26APR18MOLSHE-MOL,28,5558,27,2998,26,8053,25,5400,13,577,30,2766,31,11039,32,9676,33,5659,34,5110,29.0
2026-04-17 11:43:43 PM,KXATPMATCH-26APR18MOLSHE-MOL,28,5558,27,2998,26,8053,25,5400,13,577,30,2766,31,11038,32,9676,33,5659,34,5110,29.0
2026-04-17 11:43:43 PM,KXATPMATCH-26APR18MOLSHE-MOL,28,5558,27,2998,26,8053,25,5400,13,577,30,2766,31,11006,32,9676,33,5659,34,5110,29.0
2026-04-17 11:43:43 PM,KXATPMATCH-26APR18MOLSHE-MOL,28,5558,27,2998,26,8053,25,5400,13,577,30,2703,31,11006,32,9676,33,5659,34,5110,29.0
2026-04-17 11:43:45 PM,KXATPMATCH-26APR18MOLSHE-MOL,28,5558,27,2998,26,8053,25,5400,13,577,30,2766,31,11006,32,9676,33,5659,34,5110,29.0
2026-04-17 11:43:45 PM,KXATPMATCH-26APR18MOLSHE-MOL,28,5558,27,2998,26,8053,25,5400,13,577,30,2766,31,11806,32,9676,33,5659,34,5110,29.0
2026-04-17 11:47:40 PM,KXATPMATCH-26APR18MOLSHE-MOL,28,5558,27,2998,26,8053,25,5400,13,577,30,2766,31,11806,32,9676,33,659,34,5110,29.0
2026-04-17 11:47:40 PM,KXATPMATCH-26APR18MOLSHE-MOL,28,5558,27,7998,26,8053,25,5400,13,577,30,2766,31,11806,32,9676,33,659,34,5110,29.0
2026-04-17 11:47:40 PM,KXATPMATCH-26APR18MOLSHE-MOL,28,5558,27,7998,26,8053,25,5400,13,577,30,2766,31,11806,32,9676,33,659,34,110,29.0
2026-04-17 11:47:40 PM,KXATPMATCH-26APR18MOLSHE-MOL,28,5558,27,7998,26,8053,25,400,13,577,30,2766,31,11806,32,9676,33,659,34,110,29.0
2026-04-17 11:47:41 PM,KXATPMATCH-26APR18MOLSHE-MOL,28,5558,27,2998,26,8053,25,400,13,577,30,2766,31,11806,32,9676,33,659,34,110,29.0
2026-04-17 11:47:41 PM,KXATPMATCH-26APR18MOLSHE-MOL,28,5593,27,2998,26,8053,25,400,13,577,30,2766,31,11806,32,9676,33,659,34,110,29.0
2026-04-17 11:47:41 PM,KXATPMATCH-26APR18MOLSHE-MOL,28,5593,27,2998,26,8053,25,400,13,577,30,2801,31,11806,32,9676,33,659,34,110,29.0
2026-04-17 11:47:55 PM,KXATPMATCH-26APR18MOLSHE-MOL,28,5593,27,2998,26,8053,25,5400,13,577,30,2801,31,11806,32,9676,33,659,34,110,29.0
2026-04-17 11:48:10 PM,KXATPMATCH-26APR18MOLSHE-MOL,28,5593,27,2998,26,8053,25,5400,13,577,30,2801,31,11806,32,9676,33,659,34,5110,29.0
2026-04-17 11:48:40 PM,KXATPMATCH-26APR18MOLSHE-MOL,28,5593,27,2998,26,8053,25,5400,13,577,30,2801,31,11806,32,9676,33,5659,34,5110,29.0
2026-04-17 11:49:04 PM,KXATPMATCH-26APR18MOLSHE-MOL,28,5558,27,2998,26,8053,25,5400,13,577,30,2801,31,11806,32,9676,33,5659,34,5110,29.0
2026-04-17 11:49:04 PM,KXATPMATCH-26APR18MOLSHE-MOL,28,5558,27,2998,26,8053,25,5400,13,577,30,2766,31,11806,32,9676,33,5659,34,5110,29.0
2026-04-17 11:54:14 PM,KXATPMATCH-26APR18MOLSHE-MOL,28,5558,27,2998,26,8053,25,5400,13,577,30,2767,31,11806,32,9676,33,5659,34,5110,29.0
2026-04-17 11:56:02 PM,KXATPMATCH-26APR18MOLSHE-MOL,28,5558,27,2998,26,8053,25,5400,13,577,30,2767,31,11821,32,9676,33,5659,34,5110,29.0
2026-04-17 11:56:02 PM,KXATPMATCH-26APR18MOLSHE-MOL,28,5551,27,2998,26,8053,25,5400,13,577,30,2767,31,11821,32,9676,33,5659,34,5110,29.0
2026-04-17 11:56:02 PM,KXATPMATCH-26APR18MOLSHE-MOL,28,5551,27,2991,26,8053,25,5400,13,577,30,2767,31,11821,32,9676,33,5659,34,5110,29.0
2026-04-18 12:00:10 AM,KXATPMATCH-26APR18MOLSHE-MOL,28,5551,27,2991,26,8053,25,5400,13,577,30,2767,31,11821,32,10676,33,5659,34,5110,29.0
2026-04-18 12:00:10 AM,KXATPMATCH-26APR18MOLSHE-MOL,28,5551,27,2991,26,8053,25,5400,13,577,30,2767,31,11821,32,12676,33,5659,34,5110,29.0
2026-04-18 12:00:10 AM,KXATPMATCH-26APR18MOLSHE-MOL,28,5551,27,3991,26,8053,25,5400,13,577,30,2767,31,11821,32,12676,33,5659,34,5110,29.0
2026-04-18 12:00:10 AM,KXATPMATCH-26APR18MOLSHE-MOL,28,5551,27,3991,26,8053,25,5400,13,577,30,2767,31,11821,32,14676,33,5659,34,5110,29.0
2026-04-18 12:00:10 AM,KXATPMATCH-26APR18MOLSHE-MOL,28,5551,27,3991,26,8053,25,5400,13,577,30,2767,31,13821,32,14676,33,5659,34,5110,29.0
2026-04-18 12:00:10 AM,KXATPMATCH-26APR18MOLSHE-MOL,28,5551,27,3991,26,8053,25,5400,13,577,30,2767,31,15821,32,14676,33,5659,34,5110,29.0
2026-04-18 12:00:10 AM,KXATPMATCH-26APR18MOLSHE-MOL,28,5551,27,3991,26,8053,25,5400,13,577,30,2767,31,17821,32,14676,33,5659,34,5110,29.0
2026-04-18 12:00:10 AM,KXATPMATCH-26APR18MOLSHE-MOL,28,5551,27,3991,26,8053,25,5400,13,577,30,2767,31,19821,32,14676,33,5659,34,5110,29.0
2026-04-18 12:00:10 AM,KXATPMATCH-26APR18MOLSHE-MOL,28,5551,27,3991,26,8053,25,5400,13,577,30,2767,31,19821,32,16676,33,5659,34,5110,29.0
2026-04-18 12:00:10 AM,KXATPMATCH-26APR18MOLSHE-MOL,28,7551,27,3991,26,8053,25,5400,13,577,30,2767,31,19821,32,16676,33,5659,34,5110,29.0
2026-04-18 12:00:10 AM,KXATPMATCH-26APR18MOLSHE-MOL,28,7551,27,3991,26,8053,25,5400,13,577,30,2767,31,21821,32,16676,33,5659,34,5110,29.0
2026-04-18 12:00:10 AM,KXATPMATCH-26APR18MOLSHE-MOL,28,7551,27,3991,26,8053,25,5400,13,577,30,2767,31,21821,32,18676,33,5659,34,5110,29.0
2026-04-18 12:00:10 AM,KXATPMATCH-26APR18MOLSHE-MOL,28,7551,27,3991,26,8053,25,5400,13,577,30,2767,31,21821,32,19676,33,5659,34,5110,29.0
2026-04-18 12:00:12 AM,KXATPMATCH-26APR18MOLSHE-MOL,28,7551,27,3991,26,8053,25,5400,13,577,30,2767,31,21821,32,19676,33,5659,34,110,29.0
2026-04-18 12:00:12 AM,KXATPMATCH-26APR18MOLSHE-MOL,28,7551,27,3991,26,8053,25,5400,13,577,30,2767,31,21821,32,19676,33,659,34,110,29.0
2026-04-18 12:00:13 AM,KXATPMATCH-26APR18MOLSHE-MOL,28,7551,27,3691,26,8053,25,5400,13,577,30,2767,31,21821,32,19676,33,659,34,110,29.0
2026-04-18 12:00:13 AM,KXATPMATCH-26APR18MOLSHE-MOL,28,7551,27,3768,26,8053,25,5400,13,577,30,2767,31,21821,32,19676,33,659,34,110,29.0
2026-04-18 12:00:36 AM,KXATPMATCH-26APR18MOLSHE-MOL,28,7551,27,3691,26,8053,25,5400,13,577,30,2767,31,21821,32,19676,33,659,34,110,29.0
2026-04-18 12:01:05 AM,KXATPMATCH-26APR18MOLSHE-MOL,28,7551,27,3691,26,8056,25,5400,13,577,30,2767,31,21821,32,19676,33,659,34,110,29.0
2026-04-18 12:01:05 AM,KXATPMATCH-26APR18MOLSHE-MOL,28,7551,27,3691,26,8056,25,5400,13,577,30,2767,31,21821,32,19676,33,659,34,111,29.0
2026-04-18 12:01:05 AM,KXATPMATCH-26APR18MOLSHE-MOL,28,7551,27,3691,26,8056,25,5403,13,577,30,2767,31,21821,32,19676,33,659,34,111,29.0
2026-04-18 12:01:05 AM,KXATPMATCH-26APR18MOLSHE-MOL,28,7551,27,3691,26,8056,25,5403,13,577,30,2767,31,21821,32,19676,33,659,34,5111,29.0
2026-04-18 12:01:10 AM,KXATPMATCH-26APR18MOLSHE-MOL,28,7551,27,3691,26,8056,25,5403,13,577,30,2767,31,21821,32,19676,33,5659,34,5111,29.0
2026-04-18 12:04:18 AM,KXATPMATCH-26APR18MOLSHE-MOL,28,7551,27,3991,26,8056,25,5403,13,577,30,2767,31,21821,32,19676,33,5659,34,5111,29.0
2026-04-18 12:08:27 AM,KXATPMATCH-26APR18MOLSHE-MOL,28,7551,27,3991,26,8056,25,5403,22,2,30,2767,31,21821,32,19676,33,5659,34,5111,29.0
2026-04-18 12:08:40 AM,KXATPMATCH-26APR18MOLSHE-MOL,28,7551,27,3991,26,8056,25,5403,13,577,30,2767,31,21821,32,19676,33,5659,34,5111,29.0
2026-04-18 12:09:13 AM,KXATPMATCH-26APR18MOLSHE-MOL,28,7551,27,3991,26,8056,25,5403,13,577,30,2766,31,21821,32,19676,33,5659,34,5111,29.0
2026-04-18 12:10:10 AM,KXATPMATCH-26APR18MOLSHE-MOL,28,7551,27,3991,26,8056,25,5403,13,1307,30,2766,31,21821,32,19676,33,5659,34,5111,29.0
2026-04-18 12:10:10 AM,KXATPMATCH-26APR18MOLSHE-MOL,28,7551,27,3991,26,8056,25,5403,14,469,30,2766,31,21821,32,19676,33,5659,34,5111,29.0
2026-04-18 12:10:38 AM,KXATPMATCH-26APR18MOLSHE-MOL,28,7551,27,3991,26,8056,25,5403,14,469,30,2751,31,21821,32,19676,33,5659,34,5111,29.0
2026-04-18 12:10:47 AM,KXATPMATCH-26APR18MOLSHE-MOL,28,7551,27,3991,26,8056,25,5403,14,469,30,2593,31,21821,32,19676,33,5659,34,5111,29.0
2026-04-18 12:11:25 AM,KXATPMATCH-26APR18MOLSHE-MOL,28,7551,27,3991,26,8056,25,5403,14,469,30,2587,31,21821,32,19676,33,5659,34,5111,29.0
2026-04-18 12:13:39 AM,KXATPMATCH-26APR18MOLSHE-MOL,28,7586,27,3991,26,8056,25,5403,14,469,30,2587,31,21821,32,19676,33,5659,34,5111,29.0
2026-04-18 12:17:34 AM,KXATPMATCH-26APR18MOLSHE-MOL,28,7551,27,3991,26,8056,25,5403,14,469,30,2587,31,21821,32,19676,33,5659,34,5111,29.0
2026-04-18 12:21:12 AM,KXATPMATCH-26APR18MOLSHE-MOL,28,7551,27,3991,26,8056,25,5403,14,469,30,2557,31,21821,32,19676,33,5659,34,5111,29.0
2026-04-18 12:25:37 AM,KXATPMATCH-26APR18MOLSHE-MOL,28,7551,27,3991,26,8056,25,5403,14,469,30,2557,31,21821,32,19676,33,5538,34,5111,29.0
2026-04-18 12:25:37 AM,KXATPMATCH-26APR18MOLSHE-MOL,28,7551,27,3991,26,8056,25,5403,14,469,30,2557,31,21821,32,19676,33,538,34,5111,29.0
2026-04-18 12:25:37 AM,KXATPMATCH-26APR18MOLSHE-MOL,28,7551,27,8991,26,8056,25,5403,14,469,30,2557,31,21821,32,19676,33,538,34,5111,29.0
2026-04-18 12:25:37 AM,KXATPMATCH-26APR18MOLSHE-MOL,28,7551,27,8991,26,8056,25,403,14,469,30,2557,31,21821,32,19676,33,538,34,5111,29.0
2026-04-18 12:25:37 AM,KXATPMATCH-26APR18MOLSHE-MOL,28,7551,27,8991,26,8056,25,403,14,469,30,2557,31,21821,32,19676,33,538,34,111,29.0
2026-04-18 12:25:37 AM,KXATPMATCH-26APR18MOLSHE-MOL,28,7551,27,8991,26,8056,25,403,14,469,30,2557,31,21821,32,19676,33,538,34,233,29.0
2026-04-18 12:25:38 AM,KXATPMATCH-26APR18MOLSHE-MOL,28,7551,27,8991,26,8056,25,403,14,469,30,2553,31,21821,32,19676,33,538,34,233,29.0
2026-04-18 12:25:44 AM,KXATPMATCH-26APR18MOLSHE-MOL,28,7551,27,8991,26,8056,25,403,14,469,30,2553,31,21821,32,19676,33,538,34,5233,29.0
2026-04-18 12:25:50 AM,KXATPMATCH-26APR18MOLSHE-MOL,28,7551,27,8991,26,8056,25,5403,14,469,30,2553,31,21821,32,19676,33,538,34,5233,29.0
2026-04-18 12:25:50 AM,KXATPMATCH-26APR18MOLSHE-MOL,28,7551,27,3991,26,8056,25,5403,14,469,30,2553,31,21821,32,19676,33,538,34,5233,29.0
2026-04-18 12:25:51 AM,KXATPMATCH-26APR18MOLSHE-MOL,28,7551,27,3991,26,8056,25,5403,14,469,30,2553,31,21821,32,19676,33,659,34,5233,29.0
2026-04-18 12:25:51 AM,KXATPMATCH-26APR18MOLSHE-MOL,28,7551,27,3991,26,8056,25,5403,14,469,30,2553,31,21821,32,19676,33,659,34,5111,29.0
2026-04-18 12:25:51 AM,KXATPMATCH-26APR18MOLSHE-MOL,28,7551,27,3991,26,8056,25,5403,14,469,30,2553,31,21821,32,19676,33,659,34,111,29.0
2026-04-18 12:25:53 AM,KXATPMATCH-26APR18MOLSHE-MOL,28,7551,27,3991,26,8056,25,5403,14,469,30,2553,31,21821,32,24676,33,659,34,111,29.0
2026-04-18 12:25:53 AM,KXATPMATCH-26APR18MOLSHE-MOL,28,7551,27,3991,26,8056,25,5403,14,469,30,2553,31,21821,32,24676,33,5659,34,111,29.0
2026-04-18 12:26:31 AM,KXATPMATCH-26APR18MOLSHE-MOL,28,7551,27,3991,26,8056,25,5403,14,469,30,2554,31,21821,32,24676,33,5659,34,111,29.0
2026-04-18 12:29:08 AM,KXATPMATCH-26APR18MOLSHE-MOL,28,7551,27,3991,26,8056,25,5403,14,469,30,2646,31,21821,32,24676,33,5659,34,111,29.0
2026-04-18 12:29:09 AM,KXATPMATCH-26APR18MOLSHE-MOL,28,7551,27,3991,26,8056,25,5403,14,469,30,2646,31,21899,32,24676,33,5659,34,111,29.0
2026-04-18 12:29:09 AM,KXATPMATCH-26APR18MOLSHE-MOL,28,7535,27,3991,26,8056,25,5403,14,469,30,2646,31,21899,32,24676,33,5659,34,111,29.0
2026-04-18 12:29:09 AM,KXATPMATCH-26APR18MOLSHE-MOL,28,7513,27,3991,26,8056,25,5403,14,469,30,2646,31,21899,32,24676,33,5659,34,111,29.0
2026-04-18 12:29:09 AM,KXATPMATCH-26APR18MOLSHE-MOL,28,7513,27,3975,26,8056,25,5403,14,469,30,2646,31,21899,32,24676,33,5659,34,111,29.0
2026-04-18 12:29:09 AM,KXATPMATCH-26APR18MOLSHE-MOL,28,7513,27,3953,26,8056,25,5403,14,469,30,2646,31,21899,32,24676,33,5659,34,111,29.0
2026-04-18 12:29:09 AM,KXATPMATCH-26APR18MOLSHE-MOL,28,7513,27,3953,26,8056,25,5403,14,469,30,2646,31,21945,32,24676,33,5659,34,111,29.0
2026-04-18 12:29:09 AM,KXATPMATCH-26APR18MOLSHE-MOL,28,7495,27,3953,26,8056,25,5403,14,469,30,2646,31,21945,32,24676,33,5659,34,111,29.0
2026-04-18 12:29:09 AM,KXATPMATCH-26APR18MOLSHE-MOL,28,7491,27,3953,26,8056,25,5403,14,469,30,2646,31,21945,32,24676,33,5659,34,111,29.0
2026-04-18 12:29:10 AM,KXATPMATCH-26APR18MOLSHE-MOL,28,7491,27,3935,26,8056,25,5403,14,469,30,2646,31,21945,32,24676,33,5659,34,111,29.0
2026-04-18 12:29:10 AM,KXATPMATCH-26APR18MOLSHE-MOL,28,7491,27,3931,26,8056,25,5403,14,469,30,2646,31,21945,32,24676,33,5659,34,111,29.0
2026-04-18 12:29:10 AM,KXATPMATCH-26APR18MOLSHE-MOL,28,7491,27,3931,26,8056,25,5403,14,469,30,2646,31,21976,32,24676,33,5659,34,111,29.0
2026-04-18 12:29:10 AM,KXATPMATCH-26APR18MOLSHE-MOL,28,7489,27,3931,26,8056,25,5403,14,469,30,2646,31,21976,32,24676,33,5659,34,111,29.0
2026-04-18 12:29:10 AM,KXATPMATCH-26APR18MOLSHE-MOL,28,7477,27,3931,26,8056,25,5403,14,469,30,2646,31,21976,32,24676,33,5659,34,111,29.0
2026-04-18 12:29:10 AM,KXATPMATCH-26APR18MOLSHE-MOL,28,7477,27,3929,26,8056,25,5403,14,469,30,2646,31,21976,32,24676,33,5659,34,111,29.0
2026-04-18 12:29:10 AM,KXATPMATCH-26APR18MOLSHE-MOL,28,7477,27,3917,26,8056,25,5403,14,469,30,2646,31,21976,32,24676,33,5659,34,111,29.0
2026-04-18 12:29:11 AM,KXATPMATCH-26APR18MOLSHE-MOL,28,7477,27,3917,26,8056,25,5403,14,469,30,2646,31,21991,32,24676,33,5659,34,111,29.0
2026-04-18 12:29:11 AM,KXATPMATCH-26APR18MOLSHE-MOL,28,7475,27,3917,26,8056,25,5403,14,469,30,2646,31,21991,32,24676,33,5659,34,111,29.0
2026-04-18 12:29:11 AM,KXATPMATCH-26APR18MOLSHE-MOL,28,7471,27,3917,26,8056,25,5403,14,469,30,2646,31,21991,32,24676,33,5659,34,111,29.0
2026-04-18 12:29:11 AM,KXATPMATCH-26APR18MOLSHE-MOL,28,7471,27,3915,26,8056,25,5403,14,469,30,2646,31,21991,32,24676,33,5659,34,111,29.0
2026-04-18 12:29:11 AM,KXATPMATCH-26APR18MOLSHE-MOL,28,7471,27,3911,26,8056,25,5403,14,469,30,2646,31,21991,32,24676,33,5659,34,111,29.0
2026-04-18 12:29:11 AM,KXATPMATCH-26APR18MOLSHE-MOL,28,7471,27,3911,26,8056,25,5403,14,469,30,2646,31,21991,32,22276,33,5659,34,111,29.0
2026-04-18 12:29:11 AM,KXATPMATCH-26APR18MOLSHE-MOL,28,7471,27,3911,26,8056,25,5403,14,469,30,7175,31,21991,32,22276,33,5659,34,111,29.0
2026-04-18 12:29:11 AM,KXATPMATCH-26APR18MOLSHE-MOL,28,7471,27,3911,26,8056,25,5403,14,469,30,7175,31,21976,32,22276,33,5659,34,111,29.0
2026-04-18 12:29:11 AM,KXATPMATCH-26APR18MOLSHE-MOL,28,7471,27,3911,26,8056,25,5403,14,469,30,7175,31,21945,32,22276,33,5659,34,111,29.0
2026-04-18 12:29:11 AM,KXATPMATCH-26APR18MOLSHE-MOL,28,7471,27,3911,26,8056,25,5403,14,469,30,7175,31,21945,32,21825,33,5659,34,111,29.0
2026-04-18 12:29:11 AM,KXATPMATCH-26APR18MOLSHE-MOL,28,7471,27,3911,26,8056,25,5403,14,469,30,7175,31,21899,32,21825,33,5659,34,111,29.0
2026-04-18 12:29:11 AM,KXATPMATCH-26APR18MOLSHE-MOL,28,7471,27,3911,26,8056,25,5403,14,469,30,7175,31,21223,32,21825,33,5659,34,111,29.0
2026-04-18 12:29:12 AM,KXATPMATCH-26APR18MOLSHE-MOL,28,7471,27,3911,26,8056,25,5403,14,469,30,7175,31,21145,32,21825,33,5659,34,111,29.0
2026-04-18 12:29:12 AM,KXATPMATCH-26APR18MOLSHE-MOL,28,7471,27,3911,26,8056,25,5403,14,469,30,7175,31,21130,32,21825,33,5659,34,111,29.0
2026-04-18 12:29:12 AM,KXATPMATCH-26APR18MOLSHE-MOL,28,7471,27,3911,26,8056,25,5403,14,469,30,7175,31,21128,32,21825,33,5659,34,111,29.0
2026-04-18 12:29:12 AM,KXATPMATCH-26APR18MOLSHE-MOL,28,7471,27,3911,26,8056,25,5403,14,469,30,8569,31,21128,32,21825,33,5659,34,111,29.0
2026-04-18 12:29:12 AM,KXATPMATCH-26APR18MOLSHE-MOL,28,7471,27,3911,26,8056,25,5403,14,469,30,8569,31,21127,32,21825,33,5659,34,111,29.0
2026-04-18 12:29:12 AM,KXATPMATCH-26APR18MOLSHE-MOL,28,7471,27,3911,26,8056,25,5403,14,469,30,8569,31,19267,32,21825,33,5659,34,111,29.0
2026-04-18 12:29:12 AM,KXATPMATCH-26APR18MOLSHE-MOL,28,7453,27,3911,26,8056,25,5403,14,469,30,8569,31,19267,32,21825,33,5659,34,111,29.0
2026-04-18 12:29:12 AM,KXATPMATCH-26APR18MOLSHE-MOL,28,7431,27,3911,26,8056,25,5403,14,469,30,8569,31,19267,32,21825,33,5659,34,111,29.0
2026-04-18 12:29:12 AM,KXATPMATCH-26APR18MOLSHE-MOL,28,7431,27,3893,26,8056,25,5403,14,469,30,8569,31,19267,32,21825,33,5659,34,111,29.0
2026-04-18 12:29:12 AM,KXATPMATCH-26APR18MOLSHE-MOL,28,7431,27,3871,26,8056,25,5403,14,469,30,8569,31,19267,32,21825,33,5659,34,111,29.0
2026-04-18 12:29:13 AM,KXATPMATCH-26APR18MOLSHE-MOL,28,7431,27,3871,26,8056,25,5403,14,469,30,8803,31,19267,32,21825,33,5659,34,111,29.0
2026-04-18 12:29:13 AM,KXATPMATCH-26APR18MOLSHE-MOL,28,7415,27,3871,26,8056,25,5403,14,469,30,8803,31,19267,32,21825,33,5659,34,111,29.0
2026-04-18 12:29:13 AM,KXATPMATCH-26APR18MOLSHE-MOL,28,7408,27,3871,26,8056,25,5403,14,469,30,8803,31,19267,32,21825,33,5659,34,111,29.0
2026-04-18 12:29:13 AM,KXATPMATCH-26APR18MOLSHE-MOL,28,7407,27,3871,26,8056,25,5403,14,469,30,8803,31,19267,32,21825,33,5659,34,111,29.0
2026-04-18 12:29:13 AM,KXATPMATCH-26APR18MOLSHE-MOL,28,7382,27,3871,26,8056,25,5403,14,469,30,8803,31,19267,32,21825,33,5659,34,111,29.0
2026-04-18 12:29:13 AM,KXATPMATCH-26APR18MOLSHE-MOL,28,7377,27,3871,26,8056,25,5403,14,469,30,8803,31,19267,32,21825,33,5659,34,111,29.0
2026-04-18 12:29:13 AM,KXATPMATCH-26APR18MOLSHE-MOL,28,7317,27,3871,26,8056,25,5403,14,469,30,8803,31,19267,32,21825,33,5659,34,111,29.0
2026-04-18 12:29:13 AM,KXATPMATCH-26APR18MOLSHE-MOL,28,7317,27,3855,26,8056,25,5403,14,469,30,8803,31,19267,32,21825,33,5659,34,111,29.0
2026-04-18 12:29:13 AM,KXATPMATCH-26APR18MOLSHE-MOL,28,7317,27,3848,26,8056,25,5403,14,469,30,8803,31,19267,32,21825,33,5659,34,111,29.0
2026-04-18 12:29:13 AM,KXATPMATCH-26APR18MOLSHE-MOL,28,7317,27,3847,26,8056,25,5403,14,469,30,8803,31,19267,32,21825,33,5659,34,111,29.0
2026-04-18 12:29:13 AM,KXATPMATCH-26APR18MOLSHE-MOL,28,7317,27,3822,26,8056,25,5403,14,469,30,8803,31,19267,32,21825,33,5659,34,111,29.0
2026-04-18 12:29:13 AM,KXATPMATCH-26APR18MOLSHE-MOL,28,7317,27,3817,26,8056,25,5403,14,469,30,8803,31,19267,32,21825,33,5659,34,111,29.0
2026-04-18 12:29:13 AM,KXATPMATCH-26APR18MOLSHE-MOL,28,7317,27,3757,26,8056,25,5403,14,469,30,8803,31,19267,32,21825,33,5659,34,111,29.0
2026-04-18 12:29:13 AM,KXATPMATCH-26APR18MOLSHE-MOL,28,7317,27,3757,26,8056,25,5403,14,469,30,8806,31,19267,32,21825,33,5659,34,111,29.0
2026-04-18 12:29:13 AM,KXATPMATCH-26APR18MOLSHE-MOL,28,7316,27,3757,26,8056,25,5403,14,469,30,8806,31,19267,32,21825,33,5659,34,111,29.0
2026-04-18 12:29:14 AM,KXATPMATCH-26APR18MOLSHE-MOL,28,7316,27,3756,26,8056,25,5403,14,469,30,8806,31,19267,32,21825,33,5659,34,111,29.0
2026-04-18 12:29:14 AM,KXATPMATCH-26APR18MOLSHE-MOL,28,7316,27,3756,26,8056,25,5403,14,469,30,8821,31,19267,32,21825,33,5659,34,111,29.0
2026-04-18 12:29:14 AM,KXATPMATCH-26APR18MOLSHE-MOL,28,7309,27,3756,26,8056,25,5403,14,469,30,8821,31,19267,32,21825,33,5659,34,111,29.0
2026-04-18 12:29:14 AM,KXATPMATCH-26APR18MOLSHE-MOL,28,7309,27,3749,26,8056,25,5403,14,469,30,8821,31,19267,32,21825,33,5659,34,111,29.0
2026-04-18 12:29:14 AM,KXATPMATCH-26APR18MOLSHE-MOL,28,7309,27,3749,26,8056,25,5403,14,469,30,8839,31,19267,32,21825,33,5659,34,111,29.0
2026-04-18 12:29:14 AM,KXATPMATCH-26APR18MOLSHE-MOL,28,7300,27,3749,26,8056,25,5403,14,469,30,8839,31,19267,32,21825,33,5659,34,111,29.0
2026-04-18 12:29:14 AM,KXATPMATCH-26APR18MOLSHE-MOL,28,7300,27,3740,26,8056,25,5403,14,469,30,8839,31,19267,32,21825,33,5659,34,111,29.0
2026-04-18 12:29:33 AM,KXATPMATCH-26APR18MOLSHE-MOL,28,7235,27,3740,26,8056,25,5403,14,469,30,8839,31,19267,32,21825,33,5659,34,111,29.0
2026-04-18 12:29:33 AM,KXATPMATCH-26APR18MOLSHE-MOL,28,6985,27,3740,26,8056,25,5403,14,469,30,8839,31,19267,32,21825,33,5659,34,111,29.0
2026-04-18 12:29:33 AM,KXATPMATCH-26APR18MOLSHE-MOL,28,6985,27,3990,26,8056,25,5403,14,469,30,8839,31,19267,32,21825,33,5659,34,111,29.0
2026-04-18 12:29:33 AM,KXATPMATCH-26APR18MOLSHE-MOL,28,6985,27,3990,26,8056,25,5403,14,469,30,8839,31,19017,32,21825,33,5659,34,111,29.0
2026-04-18 12:29:33 AM,KXATPMATCH-26APR18MOLSHE-MOL,28,6985,27,3990,26,8056,25,5403,14,469,30,9089,31,19017,32,21825,33,5659,34,111,29.0
2026-04-18 12:32:49 AM,KXATPMATCH-26APR18MOLSHE-MOL,28,6985,27,3990,26,8056,25,5403,14,469,30,9089,31,21156,32,21825,33,5659,34,111,29.0
2026-04-18 12:32:49 AM,KXATPMATCH-26APR18MOLSHE-MOL,28,6985,27,3990,26,8056,25,5403,14,469,30,9089,31,21156,32,20653,33,5659,34,111,29.0
2026-04-18 12:32:49 AM,KXATPMATCH-26APR18MOLSHE-MOL,28,6985,27,3990,26,8056,25,5403,14,469,30,9089,31,21156,32,19694,33,5659,34,111,29.0
2026-04-18 12:32:58 AM,KXATPMATCH-26APR18MOLSHE-MOL,28,6985,27,3990,26,8056,25,5403,14,469,30,9089,31,21156,32,21833,33,5659,34,111,29.0
2026-04-18 12:32:58 AM,KXATPMATCH-26APR18MOLSHE-MOL,28,6985,27,3990,26,8056,25,5403,14,469,30,9089,31,19017,32,21833,33,5659,34,111,29.0
2026-04-18 12:33:47 AM,KXATPMATCH-26APR18MOLSHE-MOL,28,6985,27,3990,26,8056,25,5403,14,469,30,7625,31,19017,32,21833,33,5659,34,111,29.0
2026-04-18 12:33:47 AM,KXATPMATCH-26APR18MOLSHE-MOL,28,6985,27,3990,26,8056,25,5403,14,469,30,7505,31,19017,32,21833,33,5659,34,111,29.0
2026-04-18 12:33:47 AM,KXATPMATCH-26APR18MOLSHE-MOL,28,6985,27,3990,26,8056,25,5403,14,469,30,7458,31,19017,32,21833,33,5659,34,111,29.0
2026-04-18 12:33:47 AM,KXATPMATCH-26APR18MOLSHE-MOL,28,6985,27,3990,26,8056,25,5403,14,469,30,7427,31,19017,32,21833,33,5659,34,111,29.0
2026-04-18 12:33:47 AM,KXATPMATCH-26APR18MOLSHE-MOL,28,6985,27,3990,26,8056,25,5403,14,469,30,7331,31,19017,32,21833,33,5659,34,111,29.0
2026-04-18 12:33:47 AM,KXATPMATCH-26APR18MOLSHE-MOL,28,6985,27,3990,26,8056,25,5403,14,469,30,7280,31,19017,32,21833,33,5659,34,111,29.0
2026-04-18 12:33:47 AM,KXATPMATCH-26APR18MOLSHE-MOL,28,6985,27,3990,26,8056,25,5403,14,469,30,7275,31,19017,32,21833,33,5659,34,111,29.0
2026-04-18 12:33:47 AM,KXATPMATCH-26APR18MOLSHE-MOL,28,6985,27,3990,26,8056,25,5403,14,469,30,7255,31,19017,32,21833,33,5659,34,111,29.0
2026-04-18 12:33:47 AM,KXATPMATCH-26APR18MOLSHE-MOL,28,6985,27,3990,26,8056,25,5403,14,469,30,7203,31,19017,32,21833,33,5659,34,111,29.0
2026-04-18 12:33:47 AM,KXATPMATCH-26APR18MOLSHE-MOL,28,6985,27,3990,26,8056,25,5403,14,469,30,7157,31,19017,32,21833,33,5659,34,111,29.0
2026-04-18 12:33:47 AM,KXATPMATCH-26APR18MOLSHE-MOL,28,6985,27,3990,26,8056,25,5403,14,469,30,7014,31,19017,32,21833,33,5659,34,111,29.0
2026-04-18 12:33:47 AM,KXATPMATCH-26APR18MOLSHE-MOL,28,6985,27,3990,26,8056,25,5403,14,469,30,6714,31,19017,32,21833,33,5659,34,111,29.0
2026-04-18 12:33:47 AM,KXATPMATCH-26APR18MOLSHE-MOL,28,6985,27,3990,26,8056,25,5403,14,469,30,6607,31,19017,32,21833,33,5659,34,111,29.0
2026-04-18 12:33:47 AM,KXATPMATCH-26APR18MOLSHE-MOL,28,6985,27,3990,26,8056,25,5403,14,469,30,6544,31,19017,32,21833,33,5659,34,111,29.0
2026-04-18 12:33:47 AM,KXATPMATCH-26APR18MOLSHE-MOL,28,6985,27,3990,26,8056,25,5403,14,469,30,6543,31,19017,32,21833,33,5659,34,111,29.0
2026-04-18 12:33:47 AM,KXATPMATCH-26APR18MOLSHE-MOL,28,6985,27,3990,26,8056,25,5403,14,469,30,6451,31,19017,32,21833,33,5659,34,111,29.0
2026-04-18 12:33:47 AM,KXATPMATCH-26APR18MOLSHE-MOL,28,6985,27,3990,26,8056,25,5403,14,469,30,5965,31,19017,32,21833,33,5659,34,111,29.0
2026-04-18 12:33:48 AM,KXATPMATCH-26APR18MOLSHE-MOL,28,6985,27,3740,26,8056,25,5403,14,469,30,5965,31,19017,32,21833,33,5659,34,111,29.0
2026-04-18 12:33:48 AM,KXATPMATCH-26APR18MOLSHE-MOL,28,7235,27,3740,26,8056,25,5403,14,469,30,5965,31,19017,32,21833,33,5659,34,111,29.0
2026-04-18 12:33:48 AM,KXATPMATCH-26APR18MOLSHE-MOL,28,7235,27,3740,26,8056,25,5403,14,469,30,5715,31,19017,32,21833,33,5659,34,111,29.0
2026-04-18 12:33:48 AM,KXATPMATCH-26APR18MOLSHE-MOL,28,7235,27,3740,26,8056,25,5403,14,469,30,5715,31,19267,32,21833,33,5659,34,111,29.0
2026-04-18 12:33:48 AM,KXATPMATCH-26APR18MOLSHE-MOL,28,7235,27,3740,26,8056,25,5403,14,469,30,6692,31,19267,32,21833,33,5659,34,111,29.0
2026-04-18 12:33:48 AM,KXATPMATCH-26APR18MOLSHE-MOL,28,7235,27,3740,26,8056,25,5403,14,469,30,2649,31,19267,32,21833,33,5659,34,111,29.0
2026-04-18 12:33:48 AM,KXATPMATCH-26APR18MOLSHE-MOL,28,7235,27,3740,26,8056,25,5403,14,469,30,2415,31,19267,32,21833,33,5659,34,111,29.0
2026-04-18 12:33:48 AM,KXATPMATCH-26APR18MOLSHE-MOL,28,7235,27,3740,26,8056,25,5403,14,469,30,2412,31,19267,32,21833,33,5659,34,111,29.0
2026-04-18 12:33:48 AM,KXATPMATCH-26APR18MOLSHE-MOL,28,7235,27,3740,26,8056,25,5403,14,469,30,2397,31,19267,32,21833,33,5659,34,111,29.0
2026-04-18 12:33:48 AM,KXATPMATCH-26APR18MOLSHE-MOL,28,7235,27,3740,26,8056,25,5403,14,469,30,2379,31,19267,32,21833,33,5659,34,111,29.0
2026-04-18 12:33:48 AM,KXATPMATCH-26APR18MOLSHE-MOL,28,7235,27,3740,26,8056,25,5403,14,469,30,2379,31,21180,32,21833,33,5659,34,111,29.0
2026-04-18 12:33:48 AM,KXATPMATCH-26APR18MOLSHE-MOL,28,7235,27,3740,26,8056,25,5403,14,469,30,2379,31,21180,32,24233,33,5659,34,111,29.0
2026-04-18 12:33:48 AM,KXATPMATCH-26APR18MOLSHE-MOL,28,7478,27,3740,26,8056,25,5403,14,469,30,2379,31,21180,32,24233,33,5659,34,111,29.0
2026-04-18 12:33:48 AM,KXATPMATCH-26APR18MOLSHE-MOL,28,7478,27,3983,26,8056,25,5403,14,469,30,2379,31,21180,32,24233,33,5659,34,111,29.0
2026-04-18 12:34:18 AM,KXATPMATCH-26APR18MOLSHE-MOL,28,7645,27,3983,26,8056,25,5403,14,469,30,2379,31,21180,32,24233,33,5659,34,111,29.0
2026-04-18 12:34:18 AM,KXATPMATCH-26APR18MOLSHE-MOL,28,7645,27,4094,26,8056,25,5403,14,469,30,2379,31,21180,32,24233,33,5659,34,111,29.0
2026-04-18 12:34:18 AM,KXATPMATCH-26APR18MOLSHE-MOL,28,7645,27,4094,26,8169,25,5403,14,469,30,2379,31,21180,32,24233,33,5659,34,111,29.0
2026-04-18 12:35:19 AM,KXATPMATCH-26APR18MOLSHE-MOL,28,7644,27,4094,26,8169,25,5403,14,469,30,2379,31,21180,32,24233,33,5659,34,111,29.0
2026-04-18 12:35:19 AM,KXATPMATCH-26APR18MOLSHE-MOL,28,7644,27,4094,26,8169,25,5403,14,469,30,2499,31,21180,32,24233,33,5659,34,111,29.0
2026-04-18 12:36:07 AM,KXATPMATCH-26APR18MOLSHE-MOL,28,7644,27,4094,26,8169,25,5403,14,469,30,2499,31,21180,32,22094,33,5659,34,111,29.0
2026-04-18 12:36:08 AM,KXATPMATCH-26APR18MOLSHE-MOL,28,7644,27,4094,26,8169,25,5403,14,469,30,2499,31,21180,32,24233,33,5659,34,111,29.0
2026-04-18 12:37:01 AM,KXATPMATCH-26APR18MOLSHE-MOL,28,7644,27,4094,26,8169,25,5403,14,469,30,2182,31,21180,32,24233,33,5659,34,111,29.0
2026-04-18 12:37:51 AM,KXATPMATCH-26APR18MOLSHE-MOL,28,7679,27,4094,26,8169,25,5403,14,469,30,2182,31,21180,32,24233,33,5659,34,111,29.0
2026-04-18 12:40:31 AM,KXATPMATCH-26APR18MOLSHE-MOL,28,7679,27,4094,26,8169,25,5403,14,469,30,1546,31,21180,32,24233,33,5659,34,111,29.0
2026-04-18 12:42:32 AM,KXATPMATCH-26APR18MOLSHE-MOL,28,7679,27,4094,26,8169,25,5403,14,469,30,1229,31,21180,32,24233,33,5659,34,111,29.0
2026-04-18 12:44:17 AM,KXATPMATCH-26APR18MOLSHE-MOL,28,7679,27,4094,26,8169,25,5403,14,469,30,1106,31,21180,32,24233,33,5659,34,111,29.0
2026-04-18 12:44:17 AM,KXATPMATCH-26APR18MOLSHE-MOL,28,7679,27,4094,26,8169,25,5403,14,469,30,1071,31,21180,32,24233,33,5659,34,111,29.0
2026-04-18 12:47:17 AM,KXATPMATCH-26APR18MOLSHE-MOL,28,7679,27,4094,26,8169,25,5403,14,469,30,436,31,21180,32,24233,33,5659,34,111,29.0
2026-04-18 12:47:22 AM,KXATPMATCH-26APR18MOLSHE-MOL,28,7679,27,4094,26,8169,25,5403,14,469,30,436,31,19180,32,24233,33,5659,34,111,29.0
2026-04-18 12:47:22 AM,KXATPMATCH-26APR18MOLSHE-MOL,28,7679,27,4094,26,8169,25,5403,14,469,30,436,31,19180,32,23233,33,5659,34,111,29.0
2026-04-18 12:47:22 AM,KXATPMATCH-26APR18MOLSHE-MOL,28,7679,27,4094,26,8169,25,5403,14,469,30,436,31,19180,32,21233,33,5659,34,111,29.0
2026-04-18 12:47:22 AM,KXATPMATCH-26APR18MOLSHE-MOL,28,7679,27,4094,26,8169,25,5403,14,469,30,436,31,17180,32,21233,33,5659,34,111,29.0
2026-04-18 12:47:22 AM,KXATPMATCH-26APR18MOLSHE-MOL,28,7679,27,3094,26,8169,25,5403,14,469,30,436,31,17180,32,21233,33,5659,34,111,29.0
2026-04-18 12:47:22 AM,KXATPMATCH-26APR18MOLSHE-MOL,28,7679,27,3094,26,8169,25,5403,14,469,30,436,31,15180,32,21233,33,5659,34,111,29.0
2026-04-18 12:47:22 AM,KXATPMATCH-26APR18MOLSHE-MOL,28,7679,27,3094,26,8169,25,5403,14,469,30,436,31,13180,32,21233,33,5659,34,111,29.0
2026-04-18 12:47:22 AM,KXATPMATCH-26APR18MOLSHE-MOL,28,7679,27,3094,26,8169,25,5403,14,469,30,436,31,11180,32,21233,33,5659,34,111,29.0
2026-04-18 12:47:22 AM,KXATPMATCH-26APR18MOLSHE-MOL,28,5679,27,3094,26,8169,25,5403,14,469,30,436,31,11180,32,21233,33,5659,34,111,29.0
2026-04-18 12:47:22 AM,KXATPMATCH-26APR18MOLSHE-MOL,28,5679,27,3094,26,8169,25,5403,14,469,30,436,31,11180,32,19233,33,5659,34,111,29.0
2026-04-18 12:47:22 AM,KXATPMATCH-26APR18MOLSHE-MOL,28,5679,27,3094,26,8169,25,5403,14,469,30,436,31,11180,32,17233,33,5659,34,111,29.0
2026-04-18 12:47:22 AM,KXATPMATCH-26APR18MOLSHE-MOL,28,5679,27,3094,26,8169,25,5403,14,469,30,436,31,11180,32,15233,33,5659,34,111,29.0
2026-04-18 12:47:22 AM,KXATPMATCH-26APR18MOLSHE-MOL,28,5679,27,3094,26,8169,25,5403,14,469,30,436,31,11180,32,14233,33,5659,34,111,29.0
2026-04-18 12:47:22 AM,KXATPMATCH-26APR18MOLSHE-MOL,28,5679,27,3094,26,8169,25,5403,14,469,30,436,31,11215,32,14233,33,5659,34,111,29.0
2026-04-18 12:47:22 AM,KXATPMATCH-26APR18MOLSHE-MOL,28,5679,27,3094,26,8169,25,5403,13,1407,30,436,31,11215,32,14233,33,5659,34,111,29.0
2026-04-18 12:47:22 AM,KXATPMATCH-26APR18MOLSHE-MOL,28,5679,27,3094,26,8169,25,5403,13,677,30,436,31,11215,32,14233,33,5659,34,111,29.0
2026-04-18 12:47:23 AM,KXATPMATCH-26APR18MOLSHE-MOL,28,5679,27,3094,26,8169,25,5403,13,677,30,436,31,11215,32,14234,33,5659,34,111,29.0
2026-04-18 12:48:19 AM,KXATPMATCH-26APR18MOLSHE-MOL,28,5679,27,3094,26,8169,25,5403,13,677,30,436,31,11215,32,12095,33,5659,34,111,29.0
2026-04-18 12:48:22 AM,KXATPMATCH-26APR18MOLSHE-MOL,28,5679,27,3094,26,8169,25,5403,13,677,30,436,31,11215,32,14234,33,5659,34,111,29.0
2026-04-18 12:48:28 AM,KXATPMATCH-26APR18MOLSHE-MOL,28,5679,27,3094,26,8169,25,5403,13,677,30,432,31,11215,32,14234,33,5659,34,111,29.0
2026-04-18 12:50:29 AM,KXATPMATCH-26APR18MOLSHE-MOL,28,5679,27,3094,26,8169,25,5403,13,677,30,407,31,11215,32,14234,33,5659,34,111,29.0
2026-04-18 12:51:32 AM,KXATPMATCH-26APR18MOLSHE-MOL,28,5679,27,3094,26,8169,25,5403,13,677,30,407,31,11215,32,17844,33,5659,34,111,29.0
2026-04-18 12:52:28 AM,KXATPMATCH-26APR18MOLSHE-MOL,28,5679,27,3094,26,8169,25,5403,13,677,30,407,31,11215,32,14234,33,5659,34,111,29.0
2026-04-18 12:53:17 AM,KXATPMATCH-26APR18MOLSHE-MOL,28,5679,27,3094,26,8169,25,5403,13,577,30,407,31,11215,32,14234,33,5659,34,111,29.0
2026-04-18 12:53:44 AM,KXATPMATCH-26APR18MOLSHE-MOL,28,5679,27,3094,26,8169,25,5403,13,577,30,131,31,11215,32,14234,33,5659,34,111,29.0
2026-04-18 12:53:44 AM,KXATPMATCH-26APR18MOLSHE-MOL,28,5679,27,3094,26,8169,25,5403,13,577,30,11,31,11215,32,14234,33,5659,34,111,29.0
2026-04-18 12:53:44 AM,KXATPMATCH-26APR18MOLSHE-MOL,28,5679,27,3094,26,8169,25,5403,13,577,30,11,31,11115,32,14234,33,5659,34,111,29.0
2026-04-18 12:53:44 AM,KXATPMATCH-26APR18MOLSHE-MOL,28,5679,27,3094,26,8169,25,5403,13,577,30,11,31,10677,32,14234,33,5659,34,111,29.0
2026-04-18 12:53:44 AM,KXATPMATCH-26APR18MOLSHE-MOL,28,5679,27,3094,26,8169,25,5403,13,577,30,111,31,10677,32,14234,33,5659,34,111,29.0
2026-04-18 12:53:45 AM,KXATPMATCH-26APR18MOLSHE-MOL,28,5679,27,3094,26,8169,25,5403,13,577,30,111,31,10677,32,14233,33,5659,34,111,29.0
2026-04-18 12:53:45 AM,KXATPMATCH-26APR18MOLSHE-MOL,28,5679,27,3094,26,8169,25,5403,13,577,30,111,31,10642,32,14233,33,5659,34,111,29.0
2026-04-18 12:53:45 AM,KXATPMATCH-26APR18MOLSHE-MOL,28,5679,27,3094,26,8169,25,5403,13,577,30,111,31,10642,32,14234,33,5659,34,111,29.0
2026-04-18 12:53:45 AM,KXATPMATCH-26APR18MOLSHE-MOL,28,5679,27,3094,26,8169,25,5403,13,577,30,111,31,10642,32,14234,33,6187,34,111,29.0
2026-04-18 12:53:45 AM,KXATPMATCH-26APR18MOLSHE-MOL,28,5679,27,3094,26,8169,25,5403,13,577,30,111,31,10677,32,14234,33,6187,34,111,29.0
2026-04-18 12:53:45 AM,KXATPMATCH-26APR18MOLSHE-MOL,28,5679,27,3094,26,8169,25,5403,13,577,30,111,31,10677,32,14233,33,6187,34,111,29.0
2026-04-18 12:53:45 AM,KXATPMATCH-26APR18MOLSHE-MOL,28,5898,27,3094,26,8169,25,5403,13,577,30,111,31,10677,32,14233,33,6187,34,111,29.0
2026-04-18 12:53:45 AM,KXATPMATCH-26APR18MOLSHE-MOL,28,5898,27,3313,26,8169,25,5403,13,577,30,111,31,10677,32,14233,33,6187,34,111,29.0
2026-04-18 12:54:02 AM,KXATPMATCH-26APR18MOLSHE-MOL,28,5898,27,3313,26,8169,25,5403,13,577,30,141,31,10677,32,14233,33,6187,34,111,29.0
2026-04-18 12:54:22 AM,KXATPMATCH-26APR18MOLSHE-MOL,28,5898,27,3313,26,8169,25,5403,13,577,30,82,31,10677,32,14233,33,6187,34,111,29.0
2026-04-18 12:54:22 AM,KXATPMATCH-26APR18MOLSHE-MOL,28,5898,27,3313,26,8169,25,5403,13,577,30,52,31,10677,32,14233,33,6187,34,111,29.0
2026-04-18 12:54:30 AM,KXATPMATCH-26APR18MOLSHE-MOL,28,5898,27,3313,26,8169,25,5403,13,577,30,82,31,10677,32,14233,33,6187,34,111,29.0
2026-04-18 12:56:52 AM,KXATPMATCH-26APR18MOLSHE-MOL,28,5898,27,3313,26,8169,25,5403,13,577,30,82,31,12816,32,14233,33,6187,34,111,29.0
2026-04-18 12:56:53 AM,KXATPMATCH-26APR18MOLSHE-MOL,28,5898,27,3313,26,8169,25,5403,13,577,30,82,31,12816,32,12094,33,6187,34,111,29.0
2026-04-18 12:57:22 AM,KXATPMATCH-26APR18MOLSHE-MOL,28,4670,27,3313,26,8169,25,5403,13,577,30,82,31,12816,32,12094,33,6187,34,111,29.0
2026-04-18 12:57:22 AM,KXATPMATCH-26APR18MOLSHE-MOL,28,4670,27,3313,26,8169,25,5403,13,577,30,1088,31,12816,32,12094,33,6187,34,111,29.0
2026-04-18 12:57:22 AM,KXATPMATCH-26APR18MOLSHE-MOL,28,4670,27,3313,26,8169,25,5403,13,577,30,1088,31,12781,32,12094,33,6187,34,111,29.0
2026-04-18 12:57:22 AM,KXATPMATCH-26APR18MOLSHE-MOL,28,4670,27,3313,26,8169,25,5403,13,577,30,1123,31,12781,32,12094,33,6187,34,111,29.0
2026-04-18 12:59:07 AM,KXATPMATCH-26APR18MOLSHE-MOL,28,4670,27,3313,26,8169,25,5403,13,577,30,1093,31,12781,32,12094,33,6187,34,111,29.0
2026-04-18 12:59:52 AM,KXATPMATCH-26APR18MOLSHE-MOL,28,4670,27,3313,26,8169,25,5403,13,577,30,1093,31,11981,32,12094,33,6187,34,111,29.0
2026-04-18 12:59:53 AM,KXATPMATCH-26APR18MOLSHE-MOL,28,4670,27,3313,26,8169,25,5403,13,577,30,1638,31,11981,32,12094,33,6187,34,111,29.0
2026-04-18 12:59:53 AM,KXATPMATCH-26APR18MOLSHE-MOL,28,4670,27,3313,26,8169,25,5403,13,577,30,1638,31,12781,32,12094,33,6187,34,111,29.0
2026-04-18 01:00:00 AM,KXATPMATCH-26APR18MOLSHE-MOL,28,4670,27,3313,26,8169,25,5403,13,577,30,1638,31,12781,32,12114,33,6187,34,111,29.0
2026-04-18 01:00:00 AM,KXATPMATCH-26APR18MOLSHE-MOL,28,4670,27,3313,26,8169,25,5403,13,577,30,1638,31,12781,32,12134,33,6187,34,111,29.0
2026-04-18 01:00:18 AM,KXATPMATCH-26APR18MOLSHE-MOL,28,4670,27,3313,26,8169,25,5403,13,577,30,1597,31,12781,32,12134,33,6187,34,111,29.0
2026-04-18 01:00:18 AM,KXATPMATCH-26APR18MOLSHE-MOL,28,4670,27,3313,26,8169,25,5403,13,577,30,1578,31,12781,32,12134,33,6187,34,111,29.0
2026-04-18 01:00:18 AM,KXATPMATCH-26APR18MOLSHE-MOL,28,4670,27,3313,26,8169,25,5403,13,577,30,1543,31,12781,32,12134,33,6187,34,111,29.0
2026-04-18 01:00:18 AM,KXATPMATCH-26APR18MOLSHE-MOL,28,4670,27,3313,26,8169,25,5403,13,577,30,1663,31,12781,32,12134,33,6187,34,111,29.0
2026-04-18 01:00:20 AM,KXATPMATCH-26APR18MOLSHE-MOL,28,4670,27,3313,26,8169,25,5403,13,577,30,1698,31,12781,32,12134,33,6187,34,111,29.0
2026-04-18 01:01:54 AM,KXATPMATCH-26APR18MOLSHE-MOL,28,4670,27,3313,26,8169,25,5403,13,577,30,1683,31,12781,32,12134,33,6187,34,111,29.0
2026-04-18 01:01:54 AM,KXATPMATCH-26APR18MOLSHE-MOL,28,4670,27,3313,26,8169,25,5403,13,577,30,1648,31,12781,32,12134,33,6187,34,111,29.0
2026-04-18 01:01:56 AM,KXATPMATCH-26APR18MOLSHE-MOL,28,4670,27,3313,26,8169,25,5403,13,577,30,1683,31,12781,32,12134,33,6187,34,111,29.0
2026-04-18 01:02:25 AM,KXATPMATCH-26APR18MOLSHE-MOL,28,4635,27,3313,26,8169,25,5403,13,577,30,1683,31,12781,32,12134,33,6187,34,111,29.0
2026-04-18 01:02:25 AM,KXATPMATCH-26APR18MOLSHE-MOL,28,4635,27,3313,26,8169,25,5403,13,577,30,1648,31,12781,32,12134,33,6187,34,111,29.0
2026-04-18 01:02:31 AM,KXATPMATCH-26APR18MOLSHE-MOL,28,4635,27,3323,26,8169,25,5403,13,577,30,1648,31,12781,32,12134,33,6187,34,111,29.0
2026-04-18 01:02:31 AM,KXATPMATCH-26APR18MOLSHE-MOL,28,4635,27,3333,26,8169,25,5403,13,577,30,1648,31,12781,32,12134,33,6187,34,111,29.0
2026-04-18 01:02:31 AM,KXATPMATCH-26APR18MOLSHE-MOL,28,4635,27,3333,26,8169,25,5403,13,577,30,1648,31,12781,32,12144,33,6187,34,111,29.0
2026-04-18 01:02:31 AM,KXATPMATCH-26APR18MOLSHE-MOL,28,4635,27,3333,26,8169,25,5403,13,577,30,1648,31,12781,32,12154,33,6187,34,111,29.0
2026-04-18 01:04:03 AM,KXATPMATCH-26APR18MOLSHE-MOL,28,4635,27,3333,26,8169,25,5403,13,577,30,1649,31,12781,32,12154,33,6187,34,111,29.0
2026-04-18 01:08:02 AM,KXATPMATCH-26APR18MOLSHE-MOL,28,4635,27,3333,26,8169,25,5403,13,577,30,1646,31,12781,32,12154,33,6187,34,111,29.0
2026-04-18 01:09:24 AM,KXATPMATCH-26APR18MOLSHE-MOL,28,4635,27,3333,26,8169,25,5403,13,577,30,1647,31,12781,32,12154,33,6187,34,111,29.0
2026-04-18 01:11:50 AM,KXATPMATCH-26APR18MOLSHE-MOL,28,4635,27,3322,26,8169,25,5403,13,577,30,1647,31,12781,32,12154,33,6187,34,111,29.0
2026-04-18 01:11:50 AM,KXATPMATCH-26APR18MOLSHE-MOL,28,4620,27,3322,26,8169,25,5403,13,577,30,1647,31,12781,32,12154,33,6187,34,111,29.0
2026-04-18 01:11:50 AM,KXATPMATCH-26APR18MOLSHE-MOL,28,4620,27,3322,26,8169,25,5403,13,577,30,1647,31,12781,32,12143,33,6187,34,111,29.0
2026-04-18 01:11:50 AM,KXATPMATCH-26APR18MOLSHE-MOL,28,4620,27,3322,26,8169,25,5403,13,577,30,1647,31,12766,32,12143,33,6187,34,111,29.0
2026-04-18 01:11:50 AM,KXATPMATCH-26APR18MOLSHE-MOL,28,4636,27,3322,26,8169,25,5403,13,577,30,1647,31,12766,32,12143,33,6187,34,111,29.0
2026-04-18 01:11:50 AM,KXATPMATCH-26APR18MOLSHE-MOL,28,4636,27,3333,26,8169,25,5403,13,577,30,1647,31,12766,32,12143,33,6187,34,111,29.0
2026-04-18 01:11:50 AM,KXATPMATCH-26APR18MOLSHE-MOL,28,4636,27,3333,26,8169,25,5403,13,577,30,1647,31,12782,32,12143,33,6187,34,111,29.0
2026-04-18 01:11:50 AM,KXATPMATCH-26APR18MOLSHE-MOL,28,4636,27,3333,26,8169,25,5403,13,577,30,1647,31,12782,32,12154,33,6187,34,111,29.0
2026-04-18 01:12:06 AM,KXATPMATCH-26APR18MOLSHE-MOL,28,4626,27,3324,26,8169,25,5403,13,577,30,1636,31,12782,32,12153,33,6187,34,111,29.0
2026-04-18 01:12:24 AM,KXATPMATCH-26APR18MOLSHE-MOL,28,4656,27,3324,26,8169,25,5403,13,577,30,1636,31,12782,32,12153,33,6187,34,111,29.0
2026-04-18 01:13:03 AM,KXATPMATCH-26APR18MOLSHE-MOL,28,4626,27,3324,26,8169,25,5403,13,577,30,1636,31,12782,32,12153,33,6187,34,111,29.0
2026-04-18 01:13:03 AM,KXATPMATCH-26APR18MOLSHE-MOL,29,30,28,4626,27,3324,26,8169,25,5403,30,1636,31,12782,32,12153,33,6187,34,111,29.5
2026-04-18 01:14:05 AM,KXATPMATCH-26APR18MOLSHE-MOL,29,30,28,4170,27,3324,26,8169,25,5403,30,1636,31,12782,32,12153,33,6187,34,111,29.5
2026-04-18 01:14:59 AM,KXATPMATCH-26APR18MOLSHE-MOL,29,30,28,4160,27,3324,26,8169,25,5403,30,1636,31,12782,32,12153,33,6187,34,111,29.5
2026-04-18 01:17:29 AM,KXATPMATCH-26APR18MOLSHE-MOL,29,30,28,4160,27,3324,26,8169,25,5403,30,1636,31,12782,32,12153,33,6187,34,111,29.5
2026-04-18 01:18:14 AM,KXATPMATCH-26APR18MOLSHE-MOL,29,30,28,4160,27,3324,26,8169,25,5403,30,1636,31,12782,32,14292,33,6187,34,111,29.5
2026-04-18 01:18:14 AM,KXATPMATCH-26APR18MOLSHE-MOL,29,30,28,4160,27,3324,26,8169,25,5403,30,1636,31,10643,32,14292,33,6187,34,111,29.5
2026-04-18 01:18:15 AM,KXATPMATCH-26APR18MOLSHE-MOL,29,30,28,4160,27,3324,26,8169,25,5403,30,1633,31,10643,32,14292,33,6187,34,111,29.5
2026-04-18 01:18:16 AM,KXATPMATCH-26APR18MOLSHE-MOL,29,30,28,4160,27,3024,26,8169,25,5403,30,1633,31,10643,32,14292,33,6187,34,111,29.5
2026-04-18 01:18:16 AM,KXATPMATCH-26APR18MOLSHE-MOL,29,30,28,4160,27,3044,26,8169,25,5403,30,1633,31,10643,32,14292,33,6187,34,111,29.5
2026-04-18 01:19:03 AM,KXATPMATCH-26APR18MOLSHE-MOL,29,30,28,4160,27,3044,26,8169,25,5403,30,1632,31,10643,32,14292,33,6187,34,111,29.5
2026-04-18 01:19:47 AM,KXATPMATCH-26APR18MOLSHE-MOL,29,30,28,4160,27,3044,26,8169,25,5403,30,1632,31,10643,32,12153,33,6187,34,111,29.5
2026-04-18 01:19:48 AM,KXATPMATCH-26APR18MOLSHE-MOL,29,30,28,4160,27,3044,26,8169,25,5403,30,1632,31,10643,32,14292,33,6187,34,111,29.5
2026-04-18 01:19:49 AM,KXATPMATCH-26APR18MOLSHE-MOL,29,30,28,4160,27,3044,26,8169,25,5403,30,1632,31,10643,32,12153,33,6187,34,111,29.5
2026-04-18 01:20:02 AM,KXATPMATCH-26APR18MOLSHE-MOL,29,30,28,4160,27,3044,26,8169,25,5403,30,1632,31,10643,32,14292,33,6187,34,111,29.5
2026-04-18 01:20:02 AM,KXATPMATCH-26APR18MOLSHE-MOL,29,30,28,4160,27,3044,26,8169,25,5403,30,1632,31,10643,32,12153,33,6187,34,111,29.5
2026-04-18 01:20:14 AM,KXATPMATCH-26APR18MOLSHE-MOL,29,30,28,4160,27,3044,26,8169,25,5403,30,1632,31,10643,32,14292,33,6187,34,111,29.5
2026-04-18 01:20:17 AM,KXATPMATCH-26APR18MOLSHE-MOL,29,30,28,4160,27,3044,26,8169,25,5403,30,1632,31,10643,32,12153,33,6187,34,111,29.5
2026-04-18 01:20:22 AM,KXATPMATCH-26APR18MOLSHE-MOL,29,30,28,4160,27,3044,26,8169,25,5403,30,1632,31,10643,32,14292,33,6187,34,111,29.5
2026-04-18 01:20:27 AM,KXATPMATCH-26APR18MOLSHE-MOL,29,30,28,4160,27,3044,26,8169,25,5403,30,1632,31,10643,32,9292,33,6187,34,111,29.5
2026-04-18 01:20:27 AM,KXATPMATCH-26APR18MOLSHE-MOL,29,30,28,4160,27,3044,26,8169,25,5403,30,1632,31,10643,32,9292,33,1187,34,111,29.5
2026-04-18 01:20:28 AM,KXATPMATCH-26APR18MOLSHE-MOL,29,30,28,4160,27,3044,26,8169,25,5403,30,1632,31,10643,32,11321,33,1187,34,111,29.5
2026-04-18 01:20:37 AM,KXATPMATCH-26APR18MOLSHE-MOL,29,30,28,4160,27,3044,26,8169,25,5403,30,1632,31,10643,32,11321,33,1187,34,5111,29.5
2026-04-18 01:20:38 AM,KXATPMATCH-26APR18MOLSHE-MOL,29,30,28,4160,27,3044,26,8169,25,5403,30,1632,31,10643,32,9182,33,1187,34,5111,29.5
2026-04-18 01:20:40 AM,KXATPMATCH-26APR18MOLSHE-MOL,29,30,28,4160,27,3044,26,8169,25,5403,30,1632,31,10643,32,9182,33,6187,34,5111,29.5
2026-04-18 01:20:40 AM,KXATPMATCH-26APR18MOLSHE-MOL,29,30,28,4160,27,3044,26,8169,25,5403,30,1632,31,10643,32,11321,33,6187,34,5111,29.5
2026-04-18 01:20:40 AM,KXATPMATCH-26APR18MOLSHE-MOL,29,30,28,4160,27,3044,26,8169,25,5403,30,1632,31,10643,32,11321,33,6187,34,111,29.5
2026-04-18 01:20:43 AM,KXATPMATCH-26APR18MOLSHE-MOL,29,30,28,4160,27,3044,26,8169,25,5403,30,1632,31,10643,32,9182,33,6187,34,111,29.5
2026-04-18 01:20:43 AM,KXATPMATCH-26APR18MOLSHE-MOL,29,30,28,4160,27,3044,26,8169,25,5403,30,1632,31,10643,32,14182,33,6187,34,111,29.5
2026-04-18 01:20:48 AM,KXATPMATCH-26APR18MOLSHE-MOL,29,30,28,4160,27,3044,26,8169,25,5403,30,1632,31,10643,32,16321,33,6187,34,111,29.5
2026-04-18 01:20:57 AM,KXATPMATCH-26APR18MOLSHE-MOL,29,30,28,4160,27,3044,26,8169,25,5403,30,1632,31,12782,32,16321,33,6187,34,111,29.5
2026-04-18 01:20:57 AM,KXATPMATCH-26APR18MOLSHE-MOL,29,30,28,4160,27,3044,26,8169,25,5403,30,1632,31,12782,32,14182,33,6187,34,111,29.5
2026-04-18 01:21:02 AM,KXATPMATCH-26APR18MOLSHE-MOL,29,30,28,4160,27,3044,26,8169,25,5403,30,1632,31,12782,32,14183,33,6187,34,111,29.5
2026-04-18 01:21:10 AM,KXATPMATCH-26APR18MOLSHE-MOL,29,30,28,4160,27,3044,26,8169,25,5403,30,1632,31,12782,32,16322,33,6187,34,111,29.5
2026-04-18 01:21:10 AM,KXATPMATCH-26APR18MOLSHE-MOL,29,30,28,4160,27,3044,26,8169,25,5403,30,1632,31,10643,32,16322,33,6187,34,111,29.5
2026-04-18 01:21:11 AM,KXATPMATCH-26APR18MOLSHE-MOL,29,30,28,4160,27,3044,26,8169,25,5403,30,1632,31,10643,32,11322,33,6187,34,111,29.5
2026-04-18 01:21:11 AM,KXATPMATCH-26APR18MOLSHE-MOL,29,30,28,4160,27,3044,26,8169,25,5403,30,1632,31,10643,32,11322,33,1187,34,111,29.5
2026-04-18 01:21:14 AM,KXATPMATCH-26APR18MOLSHE-MOL,29,30,28,4160,27,3044,26,8169,25,5403,30,1632,31,10643,32,9183,33,1187,34,111,29.5
2026-04-18 01:21:20 AM,KXATPMATCH-26APR18MOLSHE-MOL,29,30,28,4160,27,3044,26,8169,25,5403,30,1632,31,10643,32,11322,33,1187,34,111,29.5
2026-04-18 01:21:20 AM,KXATPMATCH-26APR18MOLSHE-MOL,29,30,28,4160,27,3044,26,8169,25,5403,30,1632,31,10643,32,16322,33,1187,34,111,29.5
2026-04-18 01:21:20 AM,KXATPMATCH-26APR18MOLSHE-MOL,29,30,28,4160,27,3044,26,8169,25,5403,30,1632,31,10643,32,16322,33,6187,34,111,29.5
2026-04-18 01:21:33 AM,KXATPMATCH-26APR18MOLSHE-MOL,29,30,28,4160,27,3044,26,8169,25,5403,30,1632,31,12782,32,16322,33,6187,34,111,29.5
2026-04-18 01:21:33 AM,KXATPMATCH-26APR18MOLSHE-MOL,29,30,28,4160,27,3044,26,8169,25,5403,30,1632,31,12782,32,14183,33,6187,34,111,29.5
2026-04-18 01:21:41 AM,KXATPMATCH-26APR18MOLSHE-MOL,29,30,28,4211,27,3044,26,8169,25,5403,30,1632,31,12782,32,14183,33,6187,34,111,29.5
2026-04-18 01:21:41 AM,KXATPMATCH-26APR18MOLSHE-MOL,29,30,28,4211,27,3024,26,8169,25,5403,30,1632,31,12782,32,14183,33,6187,34,111,29.5
2026-04-18 01:21:41 AM,KXATPMATCH-26APR18MOLSHE-MOL,29,30,28,4211,27,3024,26,8169,25,5403,30,1632,31,12782,32,16322,33,6187,34,111,29.5
2026-04-18 01:21:42 AM,KXATPMATCH-26APR18MOLSHE-MOL,29,30,28,4211,27,3024,26,8169,25,5403,30,1632,31,10643,32,16322,33,6187,34,111,29.5
2026-04-18 01:21:42 AM,KXATPMATCH-26APR18MOLSHE-MOL,29,30,28,4211,27,3024,26,8169,25,5403,30,1632,31,10643,32,14293,33,6187,34,111,29.5
2026-04-18 01:21:42 AM,KXATPMATCH-26APR18MOLSHE-MOL,29,30,28,4211,27,3024,26,8169,25,5403,30,1632,31,10643,32,15954,33,6187,34,111,29.5
2026-04-18 01:21:50 AM,KXATPMATCH-26APR18MOLSHE-MOL,29,30,28,4211,27,3024,26,8169,25,5403,30,1632,31,12782,32,15954,33,6187,34,111,29.5
2026-04-18 01:21:50 AM,KXATPMATCH-26APR18MOLSHE-MOL,29,30,28,4211,27,3024,26,8169,25,5403,30,1632,31,12782,32,13815,33,6187,34,111,29.5
2026-04-18 01:21:51 AM,KXATPMATCH-26APR18MOLSHE-MOL,29,30,28,4211,27,3024,26,8169,25,5403,30,1632,31,10643,32,13815,33,6187,34,111,29.5
2026-04-18 01:21:59 AM,KXATPMATCH-26APR18MOLSHE-MOL,29,30,28,4211,27,3024,26,8169,25,5403,30,1632,31,12782,32,13815,33,6187,34,111,29.5
2026-04-18 01:22:07 AM,KXATPMATCH-26APR18MOLSHE-MOL,29,30,28,4211,27,3024,26,8169,25,5403,30,1632,31,17729,32,13815,33,6187,34,111,29.5
2026-04-18 01:22:16 AM,KXATPMATCH-26APR18MOLSHE-MOL,29,30,28,4211,27,3024,26,8169,25,5403,30,1632,31,17729,32,13814,33,6187,34,111,29.5
2026-04-18 01:24:24 AM,KXATPMATCH-26APR18MOLSHE-MOL,29,30,28,4211,27,3024,26,8169,25,5403,30,1631,31,17729,32,13814,33,6187,34,111,29.5
2026-04-18 01:24:33 AM,KXATPMATCH-26APR18MOLSHE-MOL,29,30,28,4211,27,3024,26,8169,25,5403,30,1628,31,17729,32,13814,33,6187,34,111,29.5
2026-04-18 01:27:13 AM,KXATPMATCH-26APR18MOLSHE-MOL,29,30,28,4211,27,3024,26,8169,25,5403,30,1628,31,12782,32,13814,33,6187,34,111,29.5
2026-04-18 01:27:14 AM,KXATPMATCH-26APR18MOLSHE-MOL,29,30,28,4211,27,3024,26,8169,25,5403,30,1628,31,17731,32,13814,33,6187,34,111,29.5
2026-04-18 01:27:14 AM,KXATPMATCH-26APR18MOLSHE-MOL,29,30,28,4160,27,3024,26,8169,25,5403,30,1628,31,17731,32,13814,33,6187,34,111,29.5
2026-04-18 01:27:14 AM,KXATPMATCH-26APR18MOLSHE-MOL,29,30,28,4160,27,3077,26,8169,25,5403,30,1628,31,17731,32,13814,33,6187,34,111,29.5
2026-04-18 01:27:15 AM,KXATPMATCH-26APR18MOLSHE-MOL,29,30,28,4160,27,3077,26,8169,25,5403,30,1628,31,12782,32,13814,33,6187,34,111,29.5
2026-04-18 01:27:15 AM,KXATPMATCH-26APR18MOLSHE-MOL,29,30,28,4160,27,3077,26,8169,25,5403,30,1628,31,17722,32,13814,33,6187,34,111,29.5
2026-04-18 01:28:04 AM,KXATPMATCH-26APR18MOLSHE-MOL,29,30,28,4295,27,3077,26,8169,25,5403,30,1628,31,17722,32,13814,33,6187,34,111,29.5
2026-04-18 01:28:04 AM,KXATPMATCH-26APR18MOLSHE-MOL,29,30,28,4295,27,3024,26,8169,25,5403,30,1628,31,17722,32,13814,33,6187,34,111,29.5
2026-04-18 01:28:04 AM,KXATPMATCH-26APR18MOLSHE-MOL,29,30,28,4295,27,3024,26,8169,25,5403,30,1628,31,12782,32,13814,33,6187,34,111,29.5
2026-04-18 01:28:04 AM,KXATPMATCH-26APR18MOLSHE-MOL,29,30,28,4295,27,3024,26,8169,25,5403,30,1628,31,17728,32,13814,33,6187,34,111,29.5
2026-04-18 01:28:50 AM,KXATPMATCH-26APR18MOLSHE-MOL,29,30,28,4295,27,3024,26,8169,25,5403,30,1528,31,17728,32,13814,33,6187,34,111,29.5
2026-04-18 01:30:34 AM,KXATPMATCH-26APR18MOLSHE-MOL,29,26,28,4295,27,3024,26,8169,25,5403,30,1528,31,17728,32,13814,33,6187,34,111,29.5
2026-04-18 01:30:50 AM,KXATPMATCH-26APR18MOLSHE-MOL,29,26,28,4295,27,3024,26,8169,25,5403,30,1563,31,17728,32,13814,33,6187,34,111,29.5
2026-04-18 01:30:50 AM,KXATPMATCH-26APR18MOLSHE-MOL,29,26,28,4330,27,3024,26,8169,25,5403,30,1563,31,17728,32,13814,33,6187,34,111,29.5
2026-04-18 01:32:31 AM,KXATPMATCH-26APR18MOLSHE-MOL,29,26,28,4330,27,3024,26,8169,25,5403,30,701,31,17728,32,13814,33,6187,34,111,29.5
2026-04-18 01:32:31 AM,KXATPMATCH-26APR18MOLSHE-MOL,29,26,28,4330,27,3024,26,8169,25,5403,30,386,31,17728,32,13814,33,6187,34,111,29.5
2026-04-18 01:32:31 AM,KXATPMATCH-26APR18MOLSHE-MOL,29,26,28,4295,27,3024,26,8169,25,5403,30,386,31,17728,32,13814,33,6187,34,111,29.5
2026-04-18 01:32:31 AM,KXATPMATCH-26APR18MOLSHE-MOL,29,61,28,4295,27,3024,26,8169,25,5403,30,386,31,17728,32,13814,33,6187,34,111,29.5
2026-04-18 01:32:31 AM,KXATPMATCH-26APR18MOLSHE-MOL,29,61,28,4295,27,3024,26,8169,25,5403,30,351,31,17728,32,13814,33,6187,34,111,29.5
2026-04-18 01:32:31 AM,KXATPMATCH-26APR18MOLSHE-MOL,29,61,28,5434,27,3024,26,8169,25,5403,30,351,31,17728,32,13814,33,6187,34,111,29.5
2026-04-18 01:32:32 AM,KXATPMATCH-26APR18MOLSHE-MOL,29,26,28,5434,27,3024,26,8169,25,5403,30,351,31,17728,32,13814,33,6187,34,111,29.5
2026-04-18 01:32:32 AM,KXATPMATCH-26APR18MOLSHE-MOL,29,26,28,5469,27,3024,26,8169,25,5403,30,351,31,17728,32,13814,33,6187,34,111,29.5
2026-04-18 01:32:34 AM,KXATPMATCH-26APR18MOLSHE-MOL,29,26,28,5469,27,3024,26,8169,25,5403,30,352,31,17728,32,13814,33,6187,34,111,29.5
2026-04-18 01:33:35 AM,KXATPMATCH-26APR18MOLSHE-MOL,29,26,28,4988,27,3024,26,8169,25,5403,30,352,31,17728,32,13814,33,6187,34,111,29.5
2026-04-18 01:33:35 AM,KXATPMATCH-26APR18MOLSHE-MOL,29,26,28,4988,27,3024,26,8169,25,5403,30,387,31,17728,32,13814,33,6187,34,111,29.5
2026-04-18 01:33:35 AM,KXATPMATCH-26APR18MOLSHE-MOL,29,26,28,4988,27,3024,26,8169,25,5403,30,387,31,17771,32,13814,33,6187,34,111,29.5
2026-04-18 01:33:35 AM,KXATPMATCH-26APR18MOLSHE-MOL,29,26,28,4967,27,3024,26,8169,25,5403,30,387,31,17771,32,13814,33,6187,34,111,29.5
2026-04-18 01:33:36 AM,KXATPMATCH-26APR18MOLSHE-MOL,29,26,28,4967,27,3003,26,8169,25,5403,30,387,31,17771,32,13814,33,6187,34,111,29.5
2026-04-18 01:34:51 AM,KXATPMATCH-26APR18MOLSHE-MOL,29,26,28,4967,27,3003,26,8169,25,5403,30,387,31,17858,32,13814,33,6187,34,111,29.5
2026-04-18 01:34:51 AM,KXATPMATCH-26APR18MOLSHE-MOL,29,26,28,4924,27,3003,26,8169,25,5403,30,387,31,17858,32,13814,33,6187,34,111,29.5
2026-04-18 01:34:51 AM,KXATPMATCH-26APR18MOLSHE-MOL,29,26,28,4924,27,2960,26,8169,25,5403,30,387,31,17858,32,13814,33,6187,34,111,29.5
2026-04-18 01:35:16 AM,KXATPMATCH-26APR18MOLSHE-MOL,29,26,28,4908,27,2960,26,8169,25,5403,30,387,31,17858,32,13814,33,6187,34,111,29.5
2026-04-18 01:35:16 AM,KXATPMATCH-26APR18MOLSHE-MOL,29,26,28,4908,27,2949,26,8169,25,5403,30,387,31,17858,32,13814,33,6187,34,111,29.5
2026-04-18 01:35:16 AM,KXATPMATCH-26APR18MOLSHE-MOL,29,26,28,4908,27,2949,26,8169,25,5403,30,387,31,17842,32,13814,33,6187,34,111,29.5
2026-04-18 01:35:16 AM,KXATPMATCH-26APR18MOLSHE-MOL,29,26,28,4908,27,2949,26,8169,25,5403,30,387,31,17842,32,13803,33,6187,34,111,29.5
2026-04-18 01:35:16 AM,KXATPMATCH-26APR18MOLSHE-MOL,29,26,28,4924,27,2949,26,8169,25,5403,30,387,31,17842,32,13803,33,6187,34,111,29.5
2026-04-18 01:35:16 AM,KXATPMATCH-26APR18MOLSHE-MOL,29,26,28,4924,27,2961,26,8169,25,5403,30,387,31,17842,32,13803,33,6187,34,111,29.5
2026-04-18 01:35:16 AM,KXATPMATCH-26APR18MOLSHE-MOL,29,26,28,4924,27,2961,26,8169,25,5403,30,387,31,17858,32,13803,33,6187,34,111,29.5
2026-04-18 01:35:16 AM,KXATPMATCH-26APR18MOLSHE-MOL,29,26,28,4924,27,2961,26,8169,25,5403,30,387,31,17858,32,13815,33,6187,34,111,29.5
2026-04-18 01:36:11 AM,KXATPMATCH-26APR18MOLSHE-MOL,29,26,28,4924,27,2961,26,8169,25,5403,30,388,31,17858,32,13815,33,6187,34,111,29.5
2026-04-18 01:36:59 AM,KXATPMATCH-26APR18MOLSHE-MOL,29,26,28,4924,27,2961,26,8169,25,5403,30,159,31,17858,32,13815,33,6187,34,111,29.5
2026-04-18 01:36:59 AM,KXATPMATCH-26APR18MOLSHE-MOL,29,26,28,4924,27,2961,26,8169,25,5403,30,39,31,17858,32,13815,33,6187,34,111,29.5
2026-04-18 01:36:59 AM,KXATPMATCH-26APR18MOLSHE-MOL,29,26,28,4924,27,2961,26,8169,25,5403,30,38,31,17858,32,13815,33,6187,34,111,29.5
2026-04-18 01:36:59 AM,KXATPMATCH-26APR18MOLSHE-MOL,29,26,28,4924,27,2961,26,8169,25,5403,30,3,31,17858,32,13815,33,6187,34,111,29.5
2026-04-18 01:36:59 AM,KXATPMATCH-26APR18MOLSHE-MOL,29,26,28,4924,27,2961,26,8169,25,5403,30,2,31,17858,32,13815,33,6187,34,111,29.5
2026-04-18 01:36:59 AM,KXATPMATCH-26APR18MOLSHE-MOL,29,26,28,4889,27,2961,26,8169,25,5403,30,2,31,17858,32,13815,33,6187,34,111,29.5
2026-04-18 01:36:59 AM,KXATPMATCH-26APR18MOLSHE-MOL,29,61,28,4889,27,2961,26,8169,25,5403,30,2,31,17858,32,13815,33,6187,34,111,29.5
2026-04-18 01:37:00 AM,KXATPMATCH-26APR18MOLSHE-MOL,29,26,28,4889,27,2961,26,8169,25,5403,30,2,31,17858,32,13815,33,6187,34,111,29.5
2026-04-18 01:37:00 AM,KXATPMATCH-26APR18MOLSHE-MOL,29,26,28,4924,27,2961,26,8169,25,5403,30,2,31,17858,32,13815,33,6187,34,111,29.5
2026-04-18 01:37:06 AM,KXATPMATCH-26APR18MOLSHE-MOL,29,26,28,4924,27,2961,26,8169,25,5403,30,37,31,17858,32,13815,33,6187,34,111,29.5
2026-04-18 01:37:06 AM,KXATPMATCH-26APR18MOLSHE-MOL,29,26,28,4924,27,2961,26,8169,25,5403,30,155,31,17858,32,13815,33,6187,34,111,29.5
2026-04-18 01:37:10 AM,KXATPMATCH-26APR18MOLSHE-MOL,29,26,28,4924,27,2961,26,8169,25,5403,30,120,31,17858,32,13815,33,6187,34,111,29.5
2026-04-18 01:37:10 AM,KXATPMATCH-26APR18MOLSHE-MOL,29,26,28,4924,27,2961,26,8169,25,5403,30,2,31,17858,32,13815,33,6187,34,111,29.5
2026-04-18 01:37:10 AM,KXATPMATCH-26APR18MOLSHE-MOL,29,26,28,4889,27,2961,26,8169,25,5403,30,2,31,17858,32,13815,33,6187,34,111,29.5
2026-04-18 01:37:10 AM,KXATPMATCH-26APR18MOLSHE-MOL,29,61,28,4889,27,2961,26,8169,25,5403,30,2,31,17858,32,13815,33,6187,34,111,29.5
2026-04-18 01:37:11 AM,KXATPMATCH-26APR18MOLSHE-MOL,29,26,28,4889,27,2961,26,8169,25,5403,30,2,31,17858,32,13815,33,6187,34,111,29.5
2026-04-18 01:37:11 AM,KXATPMATCH-26APR18MOLSHE-MOL,29,26,28,4924,27,2961,26,8169,25,5403,30,2,31,17858,32,13815,33,6187,34,111,29.5
2026-04-18 01:37:15 AM,KXATPMATCH-26APR18MOLSHE-MOL,29,26,28,4924,27,2961,26,8169,25,5403,30,37,31,17858,32,13815,33,6187,34,111,29.5
2026-04-18 01:37:22 AM,KXATPMATCH-26APR18MOLSHE-MOL,29,26,28,4924,27,2961,26,8169,25,5403,30,2,31,17858,32,13815,33,6187,34,111,29.5
2026-04-18 01:37:22 AM,KXATPMATCH-26APR18MOLSHE-MOL,29,26,28,4889,27,2961,26,8169,25,5403,30,2,31,17858,32,13815,33,6187,34,111,29.5
2026-04-18 01:37:22 AM,KXATPMATCH-26APR18MOLSHE-MOL,29,61,28,4889,27,2961,26,8169,25,5403,30,2,31,17858,32,13815,33,6187,34,111,29.5
2026-04-18 01:37:23 AM,KXATPMATCH-26APR18MOLSHE-MOL,29,26,28,4889,27,2961,26,8169,25,5403,30,2,31,17858,32,13815,33,6187,34,111,29.5
2026-04-18 01:37:23 AM,KXATPMATCH-26APR18MOLSHE-MOL,29,26,28,4924,27,2961,26,8169,25,5403,30,2,31,17858,32,13815,33,6187,34,111,29.5
2026-04-18 01:37:32 AM,KXATPMATCH-26APR18MOLSHE-MOL,29,26,28,4924,27,2961,26,8169,25,5403,30,2,31,17465,32,13815,33,6187,34,111,29.5
2026-04-18 01:37:32 AM,KXATPMATCH-26APR18MOLSHE-MOL,29,26,28,4889,27,2961,26,8169,25,5403,30,2,31,17465,32,13815,33,6187,34,111,29.5
2026-04-18 01:37:32 AM,KXATPMATCH-26APR18MOLSHE-MOL,29,61,28,4889,27,2961,26,8169,25,5403,30,2,31,17465,32,13815,33,6187,34,111,29.5
2026-04-18 01:37:32 AM,KXATPMATCH-26APR18MOLSHE-MOL,29,26,28,4889,27,2961,26,8169,25,5403,30,2,31,17465,32,13815,33,6187,34,111,29.5
2026-04-18 01:37:32 AM,KXATPMATCH-26APR18MOLSHE-MOL,29,26,28,4924,27,2961,26,8169,25,5403,30,2,31,17465,32,13815,33,6187,34,111,29.5
2026-04-18 01:37:33 AM,KXATPMATCH-26APR18MOLSHE-MOL,29,26,28,5120,27,2961,26,8169,25,5403,30,2,31,17465,32,13815,33,6187,34,111,29.5
2026-04-18 01:37:34 AM,KXATPMATCH-26APR18MOLSHE-MOL,29,26,28,5120,27,3157,26,8169,25,5403,30,2,31,17465,32,13815,33,6187,34,111,29.5
2026-04-18 01:38:01 AM,KXATPMATCH-26APR18MOLSHE-MOL,29,26,28,5120,27,3157,26,8169,25,5403,30,2,31,17485,32,13815,33,6187,34,111,29.5
2026-04-18 01:38:01 AM,KXATPMATCH-26APR18MOLSHE-MOL,29,26,28,5110,27,3157,26,8169,25,5403,30,2,31,17485,32,13815,33,6187,34,111,29.5
2026-04-18 01:38:01 AM,KXATPMATCH-26APR18MOLSHE-MOL,29,26,28,5110,27,3147,26,8169,25,5403,30,2,31,17485,32,13815,33,6187,34,111,29.5
2026-04-18 01:39:06 AM,KXATPMATCH-26APR18MOLSHE-MOL,29,26,28,5110,27,3147,26,8169,25,5403,30,2,31,17481,32,13815,33,6187,34,111,29.5
2026-04-18 01:39:06 AM,KXATPMATCH-26APR18MOLSHE-MOL,29,26,28,5075,27,3147,26,8169,25,5403,30,2,31,17481,32,13815,33,6187,34,111,29.5
2026-04-18 01:39:06 AM,KXATPMATCH-26APR18MOLSHE-MOL,29,61,28,5075,27,3147,26,8169,25,5403,30,2,31,17481,32,13815,33,6187,34,111,29.5
2026-04-18 01:39:06 AM,KXATPMATCH-26APR18MOLSHE-MOL,29,61,28,5075,27,3147,26,8169,25,5403,30,3,31,17481,32,13815,33,6187,34,111,29.5
2026-04-18 01:39:06 AM,KXATPMATCH-26APR18MOLSHE-MOL,29,61,28,5077,27,3147,26,8169,25,5403,30,3,31,17481,32,13815,33,6187,34,111,29.5
2026-04-18 01:39:06 AM,KXATPMATCH-26APR18MOLSHE-MOL,29,61,28,5077,27,3149,26,8169,25,5403,30,3,31,17481,32,13815,33,6187,34,111,29.5
2026-04-18 01:39:07 AM,KXATPMATCH-26APR18MOLSHE-MOL,29,26,28,5077,27,3149,26,8169,25,5403,30,3,31,17481,32,13815,33,6187,34,111,29.5
2026-04-18 01:39:07 AM,KXATPMATCH-26APR18MOLSHE-MOL,29,26,28,5112,27,3149,26,8169,25,5403,30,3,31,17481,32,13815,33,6187,34,111,29.5
2026-04-18 01:39:08 AM,KXATPMATCH-26APR18MOLSHE-MOL,29,26,28,5112,27,3149,26,8169,25,5403,30,33,31,17481,32,13815,33,6187,34,111,29.5
2026-04-18 01:39:10 AM,KXATPMATCH-26APR18MOLSHE-MOL,29,26,28,5112,27,3149,26,8169,25,5403,30,207,31,17481,32,13815,33,6187,34,111,29.5
2026-04-18 01:39:36 AM,KXATPMATCH-26APR18MOLSHE-MOL,29,1,28,5112,27,3149,26,8169,25,5403,30,207,31,17481,32,13815,33,6187,34,111,29.5
