ts_et,ticker,bid_1,bid_1_sz,bid_2,bid_2_sz,bid_3,bid_3_sz,bid_4,bid_4_sz,bid_5,bid_5_sz,ask_1,ask_1_sz,ask_2,ask_2_sz,ask_3,ask_3_sz,ask_4,ask_4_sz,ask_5,ask_5_sz,mid
2026-04-17 09:43:06 PM,KXATPCHALLENGERMATCH-26APR18FOMSUN-SUN,66,725,65,460,64,818,63,1819,62,2617,67,3138,68,7815,69,6386,70,1249,72,4425,66.5
2026-04-17 09:50:42 PM,KXATPCHALLENGERMATCH-26APR18FOMSUN-SUN,66,725,65,460,64,818,63,1819,62,2617,67,3138,68,7815,69,1386,70,1249,72,4425,66.5
2026-04-17 09:50:42 PM,KXATPCHALLENGERMATCH-26APR18FOMSUN-SUN,66,725,65,460,64,818,63,1819,62,2617,67,8138,68,7815,69,1386,70,1249,72,4425,66.5
2026-04-17 09:50:42 PM,KXATPCHALLENGERMATCH-26APR18FOMSUN-SUN,66,725,65,460,64,818,63,1819,62,2617,67,7621,68,7815,69,1386,70,1249,72,4425,66.5
2026-04-17 09:50:43 PM,KXATPCHALLENGERMATCH-26APR18FOMSUN-SUN,66,725,65,460,64,818,63,1819,62,2617,67,8138,68,7815,69,1386,70,1249,72,4425,66.5
2026-04-17 09:54:02 PM,KXATPCHALLENGERMATCH-26APR18FOMSUN-SUN,66,725,65,460,64,818,63,1819,62,2617,67,3138,68,7815,69,1386,70,1249,72,4425,66.5
2026-04-17 09:54:02 PM,KXATPCHALLENGERMATCH-26APR18FOMSUN-SUN,66,725,65,460,64,818,63,1819,62,2617,67,3138,68,7815,69,6386,70,1249,72,4425,66.5
2026-04-17 09:54:03 PM,KXATPCHALLENGERMATCH-26APR18FOMSUN-SUN,66,725,65,460,64,1335,63,1819,62,2617,67,3138,68,7815,69,6386,70,1249,72,4425,66.5
2026-04-17 09:54:03 PM,KXATPCHALLENGERMATCH-26APR18FOMSUN-SUN,66,725,65,460,64,1335,63,1302,62,2617,67,3138,68,7815,69,6386,70,1249,72,4425,66.5
2026-04-17 09:54:16 PM,KXATPCHALLENGERMATCH-26APR18FOMSUN-SUN,66,725,65,460,64,1335,63,1819,62,2617,67,3138,68,7815,69,6386,70,1249,72,4425,66.5
2026-04-17 09:54:16 PM,KXATPCHALLENGERMATCH-26APR18FOMSUN-SUN,66,725,65,460,64,818,63,1819,62,2617,67,3138,68,7815,69,6386,70,1249,72,4425,66.5
2026-04-17 09:54:30 PM,KXATPCHALLENGERMATCH-26APR18FOMSUN-SUN,66,725,65,460,64,818,63,1819,62,2617,67,8138,68,7815,69,6386,70,1249,72,4425,66.5
2026-04-17 09:54:30 PM,KXATPCHALLENGERMATCH-26APR18FOMSUN-SUN,66,725,65,460,64,818,63,1819,62,2617,67,8138,68,7815,69,1386,70,1249,72,4425,66.5
2026-04-17 09:54:30 PM,KXATPCHALLENGERMATCH-26APR18FOMSUN-SUN,66,725,65,460,64,818,63,1819,62,2617,67,3138,68,7815,69,1386,70,1249,72,4425,66.5
2026-04-17 09:54:38 PM,KXATPCHALLENGERMATCH-26APR18FOMSUN-SUN,66,725,65,460,64,818,63,1819,62,2617,67,8138,68,7815,69,1386,70,1249,72,4425,66.5
2026-04-17 09:54:40 PM,KXATPCHALLENGERMATCH-26APR18FOMSUN-SUN,66,725,65,460,64,818,63,1819,62,2617,67,3138,68,7815,69,1386,70,1249,72,4425,66.5
2026-04-17 09:54:47 PM,KXATPCHALLENGERMATCH-26APR18FOMSUN-SUN,66,725,65,460,64,818,63,1819,62,2617,67,2621,68,7815,69,1386,70,1249,72,4425,66.5
2026-04-17 09:54:47 PM,KXATPCHALLENGERMATCH-26APR18FOMSUN-SUN,66,725,65,460,64,818,63,1819,62,2617,67,2621,68,7815,69,6386,70,1249,72,4425,66.5
2026-04-17 09:54:49 PM,KXATPCHALLENGERMATCH-26APR18FOMSUN-SUN,66,725,65,460,64,818,63,1819,62,2617,67,3138,68,7815,69,6386,70,1249,72,4425,66.5
2026-04-17 09:56:34 PM,KXATPCHALLENGERMATCH-26APR18FOMSUN-SUN,66,725,65,460,64,818,63,1819,62,2617,67,3088,68,7815,69,6386,70,1249,72,4425,66.5
2026-04-17 09:57:42 PM,KXATPCHALLENGERMATCH-26APR18FOMSUN-SUN,66,725,65,460,64,818,63,1819,62,2617,67,3067,68,7815,69,6386,70,1249,72,4425,66.5
2026-04-17 10:01:44 PM,KXATPCHALLENGERMATCH-26APR18FOMSUN-SUN,66,725,65,460,64,818,63,1819,62,2617,67,8067,68,7815,69,6386,70,1249,72,4425,66.5
2026-04-17 10:01:44 PM,KXATPCHALLENGERMATCH-26APR18FOMSUN-SUN,66,725,65,460,64,818,63,1819,62,2617,67,8067,68,7815,69,1386,70,1249,72,4425,66.5
2026-04-17 10:01:45 PM,KXATPCHALLENGERMATCH-26APR18FOMSUN-SUN,66,725,65,460,64,818,63,1819,62,2617,67,8067,68,2815,69,1386,70,1249,72,4425,66.5
2026-04-17 10:01:45 PM,KXATPCHALLENGERMATCH-26APR18FOMSUN-SUN,66,725,65,460,64,818,63,1819,62,2617,67,3067,68,2815,69,1386,70,1249,72,4425,66.5
2026-04-17 10:01:53 PM,KXATPCHALLENGERMATCH-26APR18FOMSUN-SUN,66,725,65,460,64,818,63,1819,62,2617,67,3067,68,7815,69,1386,70,1249,72,4425,66.5
2026-04-17 10:01:53 PM,KXATPCHALLENGERMATCH-26APR18FOMSUN-SUN,66,725,65,460,64,818,63,1819,62,2617,67,3067,68,7815,69,6386,70,1249,72,4425,66.5
2026-04-17 10:01:53 PM,KXATPCHALLENGERMATCH-26APR18FOMSUN-SUN,66,725,65,460,64,818,63,1819,62,2617,67,2550,68,7815,69,6386,70,1249,72,4425,66.5
2026-04-17 10:01:53 PM,KXATPCHALLENGERMATCH-26APR18FOMSUN-SUN,66,725,65,460,64,818,63,1819,62,2617,67,3075,68,7815,69,6386,70,1249,72,4425,66.5
2026-04-17 10:02:23 PM,KXATPCHALLENGERMATCH-26APR18FOMSUN-SUN,66,725,65,460,64,818,63,1819,62,2617,67,8075,68,7815,69,6386,70,1249,72,4425,66.5
2026-04-17 10:02:24 PM,KXATPCHALLENGERMATCH-26APR18FOMSUN-SUN,66,725,65,460,64,818,63,1819,62,2617,67,8075,68,7815,69,1386,70,1249,72,4425,66.5
2026-04-17 10:02:54 PM,KXATPCHALLENGERMATCH-26APR18FOMSUN-SUN,66,725,65,460,64,818,63,1819,62,2617,67,7786,68,7815,69,1386,70,1249,72,4425,66.5
2026-04-17 10:03:14 PM,KXATPCHALLENGERMATCH-26APR18FOMSUN-SUN,66,725,65,460,64,818,63,1819,62,2617,67,7781,68,7815,69,1386,70,1249,72,4425,66.5
2026-04-17 10:05:10 PM,KXATPCHALLENGERMATCH-26APR18FOMSUN-SUN,66,725,65,460,64,818,63,1819,62,2617,67,7636,68,7815,69,1386,70,1249,72,4425,66.5
2026-04-17 10:06:05 PM,KXATPCHALLENGERMATCH-26APR18FOMSUN-SUN,66,725,65,460,64,818,63,1819,62,2617,67,7591,68,7815,69,1386,70,1249,72,4425,66.5
2026-04-17 10:06:05 PM,KXATPCHALLENGERMATCH-26APR18FOMSUN-SUN,66,725,65,460,64,818,63,1819,62,2617,67,7587,68,7815,69,1386,70,1249,72,4425,66.5
2026-04-17 10:06:05 PM,KXATPCHALLENGERMATCH-26APR18FOMSUN-SUN,66,725,65,460,64,818,63,1819,62,2617,67,8390,68,7815,69,1386,70,1249,72,4425,66.5
2026-04-17 10:06:05 PM,KXATPCHALLENGERMATCH-26APR18FOMSUN-SUN,66,725,65,460,64,818,63,1819,62,2617,67,8369,68,7815,69,1386,70,1249,72,4425,66.5
2026-04-17 10:06:17 PM,KXATPCHALLENGERMATCH-26APR18FOMSUN-SUN,66,725,65,460,64,810,63,1819,62,2617,67,8369,68,7815,69,1386,70,1249,72,4425,66.5
2026-04-17 10:06:17 PM,KXATPCHALLENGERMATCH-26APR18FOMSUN-SUN,66,725,65,460,64,810,63,1814,62,2617,67,8369,68,7815,69,1386,70,1249,72,4425,66.5
2026-04-17 10:06:17 PM,KXATPCHALLENGERMATCH-26APR18FOMSUN-SUN,66,725,65,460,64,810,63,1804,62,2617,67,8369,68,7815,69,1386,70,1249,72,4425,66.5
2026-04-17 10:06:17 PM,KXATPCHALLENGERMATCH-26APR18FOMSUN-SUN,66,725,65,460,64,810,63,1804,62,2617,67,8369,68,7804,69,1386,70,1249,72,4425,66.5
2026-04-17 10:06:17 PM,KXATPCHALLENGERMATCH-26APR18FOMSUN-SUN,66,725,65,460,64,810,63,1804,62,2617,67,8354,68,7804,69,1386,70,1249,72,4425,66.5
2026-04-17 10:07:31 PM,KXATPCHALLENGERMATCH-26APR18FOMSUN-SUN,66,735,65,460,64,810,63,1804,62,2617,67,8354,68,7804,69,1386,70,1249,72,4425,66.5
2026-04-17 10:07:31 PM,KXATPCHALLENGERMATCH-26APR18FOMSUN-SUN,66,735,65,471,64,810,63,1804,62,2617,67,8354,68,7804,69,1386,70,1249,72,4425,66.5
2026-04-17 10:07:31 PM,KXATPCHALLENGERMATCH-26APR18FOMSUN-SUN,66,735,65,471,64,810,63,1804,62,2617,67,8354,68,7804,69,1396,70,1249,72,4425,66.5
2026-04-17 10:07:31 PM,KXATPCHALLENGERMATCH-26APR18FOMSUN-SUN,66,735,65,471,64,810,63,1804,62,2617,67,8354,68,7804,69,1396,70,1260,72,4425,66.5
2026-04-17 10:07:33 PM,KXATPCHALLENGERMATCH-26APR18FOMSUN-SUN,66,735,65,471,64,810,63,1804,62,2617,67,8318,68,7804,69,1396,70,1260,72,4425,66.5
2026-04-17 10:09:21 PM,KXATPCHALLENGERMATCH-26APR18FOMSUN-SUN,66,727,65,471,64,810,63,1804,62,2617,67,8318,68,7804,69,1396,70,1260,72,4425,66.5
2026-04-17 10:09:21 PM,KXATPCHALLENGERMATCH-26APR18FOMSUN-SUN,66,727,65,463,64,810,63,1804,62,2617,67,8318,68,7804,69,1396,70,1260,72,4425,66.5
2026-04-17 10:09:28 PM,KXATPCHALLENGERMATCH-26APR18FOMSUN-SUN,66,722,65,463,64,810,63,1804,62,2617,67,8318,68,7804,69,1396,70,1260,72,4425,66.5
2026-04-17 10:09:28 PM,KXATPCHALLENGERMATCH-26APR18FOMSUN-SUN,66,722,65,458,64,810,63,1804,62,2617,67,8318,68,7804,69,1396,70,1260,72,4425,66.5
2026-04-17 10:09:35 PM,KXATPCHALLENGERMATCH-26APR18FOMSUN-SUN,66,722,65,458,64,810,63,1804,62,2617,67,8318,68,7804,69,1396,70,1285,72,4425,66.5
2026-04-17 10:10:46 PM,KXATPCHALLENGERMATCH-26APR18FOMSUN-SUN,66,722,65,458,64,810,63,1804,62,2617,67,8317,68,7804,69,1396,70,1285,72,4425,66.5
2026-04-17 10:12:51 PM,KXATPCHALLENGERMATCH-26APR18FOMSUN-SUN,66,722,65,458,64,810,63,1804,62,2617,67,8309,68,7804,69,1396,70,1285,72,4425,66.5
2026-04-17 10:18:26 PM,KXATPCHALLENGERMATCH-26APR18FOMSUN-SUN,66,722,65,458,64,810,63,1804,62,2617,67,8309,68,7804,69,6396,70,1285,72,4425,66.5
2026-04-17 10:18:26 PM,KXATPCHALLENGERMATCH-26APR18FOMSUN-SUN,66,722,65,458,64,810,63,1804,62,2617,67,3309,68,7804,69,6396,70,1285,72,4425,66.5
2026-04-17 10:18:47 PM,KXATPCHALLENGERMATCH-26APR18FOMSUN-SUN,66,722,65,458,64,820,63,1804,62,2617,67,3309,68,7804,69,6396,70,1285,72,4425,66.5
2026-04-17 10:18:47 PM,KXATPCHALLENGERMATCH-26APR18FOMSUN-SUN,66,722,65,458,64,820,63,1813,62,2617,67,3309,68,7804,69,6396,70,1285,72,4425,66.5
2026-04-17 10:18:47 PM,KXATPCHALLENGERMATCH-26APR18FOMSUN-SUN,66,722,65,458,64,820,63,1813,62,2617,67,3329,68,7804,69,6396,70,1285,72,4425,66.5
2026-04-17 10:18:47 PM,KXATPCHALLENGERMATCH-26APR18FOMSUN-SUN,66,722,65,458,64,820,63,1813,62,2617,67,3329,68,7815,69,6396,70,1285,72,4425,66.5
2026-04-17 10:18:47 PM,KXATPCHALLENGERMATCH-26APR18FOMSUN-SUN,66,712,65,458,64,820,63,1813,62,2617,67,3329,68,7815,69,6396,70,1285,72,4425,66.5
2026-04-17 10:18:47 PM,KXATPCHALLENGERMATCH-26APR18FOMSUN-SUN,66,712,65,447,64,820,63,1813,62,2617,67,3329,68,7815,69,6396,70,1285,72,4425,66.5
2026-04-17 10:18:47 PM,KXATPCHALLENGERMATCH-26APR18FOMSUN-SUN,66,712,65,447,64,820,63,1813,62,2617,67,3329,68,7815,69,6386,70,1285,72,4425,66.5
2026-04-17 10:18:47 PM,KXATPCHALLENGERMATCH-26APR18FOMSUN-SUN,66,712,65,447,64,820,63,1813,62,2617,67,3329,68,7815,69,6386,70,1274,72,4425,66.5
2026-04-17 10:18:47 PM,KXATPCHALLENGERMATCH-26APR18FOMSUN-SUN,66,712,65,447,64,820,63,1813,62,2617,67,8329,68,7815,69,6386,70,1274,72,4425,66.5
2026-04-17 10:18:48 PM,KXATPCHALLENGERMATCH-26APR18FOMSUN-SUN,66,712,65,447,64,820,63,1813,62,2617,67,8329,68,7815,69,1386,70,1274,72,4425,66.5
2026-04-17 10:19:09 PM,KXATPCHALLENGERMATCH-26APR18FOMSUN-SUN,66,712,65,447,64,820,63,1813,62,2617,67,7804,68,7815,69,1386,70,1274,72,4425,66.5
2026-04-17 10:19:09 PM,KXATPCHALLENGERMATCH-26APR18FOMSUN-SUN,66,712,65,447,64,820,63,1813,62,2617,67,8329,68,7815,69,1386,70,1274,72,4425,66.5
2026-04-17 10:19:25 PM,KXATPCHALLENGERMATCH-26APR18FOMSUN-SUN,66,712,65,447,64,820,63,1813,62,2617,67,3329,68,7815,69,1386,70,1274,72,4425,66.5
2026-04-17 10:19:25 PM,KXATPCHALLENGERMATCH-26APR18FOMSUN-SUN,66,712,65,447,64,820,63,1813,62,2617,67,3329,68,7815,69,6386,70,1274,72,4425,66.5
2026-04-17 10:19:31 PM,KXATPCHALLENGERMATCH-26APR18FOMSUN-SUN,66,699,65,447,64,820,63,1813,62,2617,67,3329,68,7815,69,6386,70,1274,72,4425,66.5
2026-04-17 10:19:31 PM,KXATPCHALLENGERMATCH-26APR18FOMSUN-SUN,66,699,65,434,64,820,63,1813,62,2617,67,3329,68,7815,69,6386,70,1274,72,4425,66.5
2026-04-17 10:19:32 PM,KXATPCHALLENGERMATCH-26APR18FOMSUN-SUN,66,699,65,434,64,820,63,1813,62,2617,67,3287,68,7815,69,6386,70,1274,72,4425,66.5
2026-04-17 10:19:34 PM,KXATPCHALLENGERMATCH-26APR18FOMSUN-SUN,66,699,65,434,64,820,63,1813,62,2617,67,2762,68,7815,69,6386,70,1274,72,4425,66.5
2026-04-17 10:19:34 PM,KXATPCHALLENGERMATCH-26APR18FOMSUN-SUN,66,699,65,434,64,820,63,1813,62,2617,67,7762,68,7815,69,6386,70,1274,72,4425,66.5
2026-04-17 10:19:34 PM,KXATPCHALLENGERMATCH-26APR18FOMSUN-SUN,66,699,65,434,64,820,63,1813,62,2617,67,7762,68,7815,69,1386,70,1274,72,4425,66.5
2026-04-17 10:19:34 PM,KXATPCHALLENGERMATCH-26APR18FOMSUN-SUN,66,699,65,434,64,820,63,1813,62,2617,67,8287,68,7815,69,1386,70,1274,72,4425,66.5
2026-04-17 10:19:35 PM,KXATPCHALLENGERMATCH-26APR18FOMSUN-SUN,66,699,65,434,64,820,63,1813,62,2617,67,8287,68,7815,69,1386,70,1249,72,4425,66.5
2026-04-17 10:19:35 PM,KXATPCHALLENGERMATCH-26APR18FOMSUN-SUN,66,699,65,434,64,820,63,1813,62,2617,67,8287,68,7815,69,1386,70,1274,72,4425,66.5
2026-04-17 10:20:31 PM,KXATPCHALLENGERMATCH-26APR18FOMSUN-SUN,66,699,65,434,64,820,63,1813,62,2617,67,8237,68,7815,69,1386,70,1274,72,4425,66.5
2026-04-17 10:22:58 PM,KXATPCHALLENGERMATCH-26APR18FOMSUN-SUN,66,699,65,434,64,820,63,1813,62,2617,67,8217,68,7815,69,1386,70,1274,72,4425,66.5
2026-04-17 10:22:58 PM,KXATPCHALLENGERMATCH-26APR18FOMSUN-SUN,66,699,65,434,64,820,63,1813,62,2617,67,8227,68,7815,69,1386,70,1274,72,4425,66.5
2026-04-17 10:25:54 PM,KXATPCHALLENGERMATCH-26APR18FOMSUN-SUN,66,276,65,434,64,820,63,1813,62,2617,67,8227,68,7815,69,1386,70,1274,72,4425,66.5
2026-04-17 10:25:55 PM,KXATPCHALLENGERMATCH-26APR18FOMSUN-SUN,66,1,65,434,64,820,63,1813,62,2617,67,8227,68,7815,69,1386,70,1274,72,4425,66.5
2026-04-17 10:25:55 PM,KXATPCHALLENGERMATCH-26APR18FOMSUN-SUN,66,1,65,709,64,820,63,1813,62,2617,67,8227,68,7815,69,1386,70,1274,72,4425,66.5
2026-04-17 10:25:55 PM,KXATPCHALLENGERMATCH-26APR18FOMSUN-SUN,66,1,65,709,64,820,63,1813,62,2617,67,8227,68,7540,69,1386,70,1274,72,4425,66.5
2026-04-17 10:25:55 PM,KXATPCHALLENGERMATCH-26APR18FOMSUN-SUN,66,1,65,709,64,820,63,1813,62,2617,67,8502,68,7540,69,1386,70,1274,72,4425,66.5
2026-04-17 10:25:55 PM,KXATPCHALLENGERMATCH-26APR18FOMSUN-SUN,66,1,65,709,64,820,63,1813,62,2617,67,3502,68,7540,69,1386,70,1274,72,4425,66.5
2026-04-17 10:25:55 PM,KXATPCHALLENGERMATCH-26APR18FOMSUN-SUN,66,1,65,709,64,820,63,1813,62,2617,67,3502,68,7540,69,6386,70,1274,72,4425,66.5
2026-04-17 10:25:56 PM,KXATPCHALLENGERMATCH-26APR18FOMSUN-SUN,66,1,65,706,64,820,63,1813,62,2617,67,3502,68,7540,69,6386,70,1274,72,4425,66.5
2026-04-17 10:25:56 PM,KXATPCHALLENGERMATCH-26APR18FOMSUN-SUN,66,1,65,701,64,820,63,1813,62,2617,67,3502,68,7540,69,6386,70,1274,72,4425,66.5
2026-04-17 10:25:56 PM,KXATPCHALLENGERMATCH-26APR18FOMSUN-SUN,66,1,65,660,64,820,63,1813,62,2617,67,3502,68,7540,69,6386,70,1274,72,4425,66.5
2026-04-17 10:25:56 PM,KXATPCHALLENGERMATCH-26APR18FOMSUN-SUN,66,1,65,659,64,820,63,1813,62,2617,67,3502,68,7540,69,6386,70,1274,72,4425,66.5
2026-04-17 10:25:56 PM,KXATPCHALLENGERMATCH-26APR18FOMSUN-SUN,66,1,65,656,64,820,63,1813,62,2617,67,3502,68,7540,69,6386,70,1274,72,4425,66.5
2026-04-17 10:25:56 PM,KXATPCHALLENGERMATCH-26APR18FOMSUN-SUN,66,1,65,585,64,820,63,1813,62,2617,67,3502,68,7540,69,6386,70,1274,72,4425,66.5
2026-04-17 10:25:56 PM,KXATPCHALLENGERMATCH-26APR18FOMSUN-SUN,66,1,65,570,64,820,63,1813,62,2617,67,3502,68,7540,69,6386,70,1274,72,4425,66.5
2026-04-17 10:25:56 PM,KXATPCHALLENGERMATCH-26APR18FOMSUN-SUN,66,1,65,570,64,1099,63,1813,62,2617,67,3502,68,7540,69,6386,70,1274,72,4425,66.5
2026-04-17 10:26:11 PM,KXATPCHALLENGERMATCH-26APR18FOMSUN-SUN,66,1,65,570,64,1099,63,1813,62,2617,67,3512,68,7540,69,6386,70,1274,72,4425,66.5
2026-04-17 10:26:51 PM,KXATPCHALLENGERMATCH-26APR18FOMSUN-SUN,66,1,65,570,64,1099,63,1813,62,2617,67,3530,68,7540,69,6386,70,1274,72,4425,66.5
2026-04-17 10:29:06 PM,KXATPCHALLENGERMATCH-26APR18FOMSUN-SUN,66,1,65,570,64,1099,63,1813,62,2617,67,3512,68,7540,69,6386,70,1274,72,4425,66.5
2026-04-17 10:29:35 PM,KXATPCHALLENGERMATCH-26APR18FOMSUN-SUN,66,1,65,570,64,1099,63,1813,62,2617,67,3512,68,7540,69,6386,70,1249,72,4425,66.5
2026-04-17 10:29:44 PM,KXATPCHALLENGERMATCH-26APR18FOMSUN-SUN,66,1,65,570,64,1099,63,1813,62,2617,67,3502,68,7540,69,6386,70,1249,72,4425,66.5
2026-04-17 10:29:44 PM,KXATPCHALLENGERMATCH-26APR18FOMSUN-SUN,66,1,65,570,64,1099,63,1813,62,2617,67,3502,68,7540,69,6386,70,1274,72,4425,66.5
2026-04-17 10:32:42 PM,KXATPCHALLENGERMATCH-26APR18FOMSUN-SUN,66,1,65,570,64,1099,63,1813,62,2617,67,3520,68,7540,69,6386,70,1274,72,4425,66.5
2026-04-17 10:33:10 PM,KXATPCHALLENGERMATCH-26APR18FOMSUN-SUN,66,1,65,570,64,1099,63,1813,62,2617,67,3520,68,8040,69,6386,70,1274,72,4425,66.5
2026-04-17 10:33:15 PM,KXATPCHALLENGERMATCH-26APR18FOMSUN-SUN,66,1,65,570,64,1099,63,1813,62,2617,67,3520,68,8040,69,6886,70,1274,72,4425,66.5
2026-04-17 10:34:12 PM,KXATPCHALLENGERMATCH-26APR18FOMSUN-SUN,66,1,65,570,64,1099,63,1813,62,2617,67,3502,68,8040,69,6886,70,1274,72,4425,66.5
2026-04-17 10:34:28 PM,KXATPCHALLENGERMATCH-26APR18FOMSUN-SUN,66,1,65,570,64,1099,63,1813,62,2617,67,3452,68,8040,69,6886,70,1274,72,4425,66.5
2026-04-17 10:39:44 PM,KXATPCHALLENGERMATCH-26APR18FOMSUN-SUN,66,1,65,570,64,1099,63,1813,62,2617,67,3452,68,8040,69,6886,70,1249,72,4425,66.5
2026-04-17 10:40:14 PM,KXATPCHALLENGERMATCH-26APR18FOMSUN-SUN,66,1,65,570,64,1099,63,1813,62,2617,67,3452,68,8040,69,6886,70,1274,72,4425,66.5
2026-04-17 10:47:51 PM,KXATPCHALLENGERMATCH-26APR18FOMSUN-SUN,66,1,65,560,64,1099,63,1813,62,2617,67,3452,68,8040,69,6886,70,1274,72,4425,66.5
2026-04-17 10:47:51 PM,KXATPCHALLENGERMATCH-26APR18FOMSUN-SUN,66,1,65,560,64,1089,63,1813,62,2617,67,3452,68,8040,69,6886,70,1274,72,4425,66.5
2026-04-17 10:48:21 PM,KXATPCHALLENGERMATCH-26APR18FOMSUN-SUN,66,1,65,560,64,1089,63,1813,62,2617,66,525,67,3452,68,8040,69,6886,70,1274,66.0
2026-04-17 10:48:21 PM,KXATPCHALLENGERMATCH-26APR18FOMSUN-SUN,66,1,65,560,64,1089,63,1813,62,2617,67,3452,68,8040,69,6886,70,1274,72,4425,66.5
2026-04-17 10:48:21 PM,KXATPCHALLENGERMATCH-26APR18FOMSUN-SUN,66,1,65,560,64,1089,63,1813,62,2617,67,8452,68,8040,69,6886,70,1274,72,4425,66.5
2026-04-17 10:48:21 PM,KXATPCHALLENGERMATCH-26APR18FOMSUN-SUN,66,1,65,560,64,1089,63,1813,62,2617,67,8452,68,8040,69,1886,70,1274,72,4425,66.5
2026-04-17 10:48:22 PM,KXATPCHALLENGERMATCH-26APR18FOMSUN-SUN,66,1,65,560,64,1089,63,1813,62,2617,67,3452,68,8040,69,1886,70,1274,72,4425,66.5
2026-04-17 10:48:49 PM,KXATPCHALLENGERMATCH-26APR18FOMSUN-SUN,66,1,65,560,64,1089,63,1813,62,2617,67,2927,68,8040,69,1886,70,1274,72,4425,66.5
2026-04-17 10:48:49 PM,KXATPCHALLENGERMATCH-26APR18FOMSUN-SUN,66,1,65,560,64,1089,63,1813,62,2617,67,2927,68,8040,69,6886,70,1274,72,4425,66.5
2026-04-17 10:48:50 PM,KXATPCHALLENGERMATCH-26APR18FOMSUN-SUN,66,1,65,560,64,1089,63,1813,62,2617,67,3452,68,8040,69,6886,70,1274,72,4425,66.5
2026-04-17 10:48:50 PM,KXATPCHALLENGERMATCH-26APR18FOMSUN-SUN,66,1,65,560,64,1089,63,1813,62,2617,67,3452,68,8040,69,1886,70,1274,72,4425,66.5
2026-04-17 10:48:58 PM,KXATPCHALLENGERMATCH-26APR18FOMSUN-SUN,66,1,65,560,64,1089,63,1813,62,2617,66,525,67,3452,68,8040,69,1886,70,1274,66.0
2026-04-17 10:48:58 PM,KXATPCHALLENGERMATCH-26APR18FOMSUN-SUN,66,1,65,560,64,1089,63,1813,62,2617,66,525,67,8452,68,8040,69,1886,70,1274,66.0
2026-04-17 10:48:58 PM,KXATPCHALLENGERMATCH-26APR18FOMSUN-SUN,66,1,65,560,64,1089,63,1813,62,2617,66,525,67,3452,68,8040,69,1886,70,1274,66.0
2026-04-17 10:48:58 PM,KXATPCHALLENGERMATCH-26APR18FOMSUN-SUN,66,1,65,560,64,1089,63,1813,62,2617,67,3452,68,8040,69,1886,70,1274,72,4425,66.5
2026-04-17 10:49:15 PM,KXATPCHALLENGERMATCH-26APR18FOMSUN-SUN,66,1,65,560,64,1089,63,1813,62,2617,67,2927,68,8040,69,1886,70,1274,72,4425,66.5
2026-04-17 10:49:16 PM,KXATPCHALLENGERMATCH-26APR18FOMSUN-SUN,66,1,65,560,64,1089,63,1813,62,2617,67,2927,68,8040,69,6886,70,1274,72,4425,66.5
2026-04-17 10:49:16 PM,KXATPCHALLENGERMATCH-26APR18FOMSUN-SUN,66,1,65,560,64,1089,63,1813,62,2617,67,2927,68,8040,69,1886,70,1274,72,4425,66.5
2026-04-17 10:49:16 PM,KXATPCHALLENGERMATCH-26APR18FOMSUN-SUN,66,1,65,560,64,1089,63,1813,62,2617,67,3452,68,8040,69,1886,70,1274,72,4425,66.5
2026-04-17 10:49:18 PM,KXATPCHALLENGERMATCH-26APR18FOMSUN-SUN,66,1,65,555,64,1089,63,1813,62,2617,67,3452,68,8040,69,1886,70,1274,72,4425,66.5
2026-04-17 10:49:18 PM,KXATPCHALLENGERMATCH-26APR18FOMSUN-SUN,66,1,65,555,64,1089,63,1813,62,2617,67,2927,68,8040,69,1886,70,1274,72,4425,66.5
2026-04-17 10:49:18 PM,KXATPCHALLENGERMATCH-26APR18FOMSUN-SUN,66,1,65,555,64,1084,63,1813,62,2617,67,2927,68,8040,69,1886,70,1274,72,4425,66.5
2026-04-17 10:49:37 PM,KXATPCHALLENGERMATCH-26APR18FOMSUN-SUN,66,1,65,555,64,1084,63,1813,62,2617,66,525,67,2927,68,8040,69,1886,70,1274,66.0
2026-04-17 10:49:37 PM,KXATPCHALLENGERMATCH-26APR18FOMSUN-SUN,66,1,65,555,64,1084,63,1813,62,2617,66,525,67,7927,68,8040,69,1886,70,1274,66.0
2026-04-17 10:49:37 PM,KXATPCHALLENGERMATCH-26APR18FOMSUN-SUN,66,1,65,555,64,1084,63,1813,62,2617,67,7927,68,8040,69,1886,70,1274,72,4425,66.5
2026-04-17 10:49:37 PM,KXATPCHALLENGERMATCH-26APR18FOMSUN-SUN,66,1,65,555,64,1084,63,1813,62,2617,67,2927,68,8040,69,1886,70,1274,72,4425,66.5
2026-04-17 10:49:46 PM,KXATPCHALLENGERMATCH-26APR18FOMSUN-SUN,66,1,65,555,64,1084,63,1813,62,2617,67,3452,68,8040,69,1886,70,1274,72,4425,66.5
2026-04-17 10:49:46 PM,KXATPCHALLENGERMATCH-26APR18FOMSUN-SUN,66,1,65,555,64,1084,63,1813,62,2617,67,3452,68,8040,69,6886,70,1274,72,4425,66.5
2026-04-17 10:50:13 PM,KXATPCHALLENGERMATCH-26APR18FOMSUN-SUN,66,1,65,555,64,1084,63,1813,62,2617,67,3452,68,8040,69,6886,70,1249,72,4425,66.5
2026-04-17 10:50:24 PM,KXATPCHALLENGERMATCH-26APR18FOMSUN-SUN,66,1,65,555,64,1084,63,1813,62,2617,67,3448,68,8040,69,6886,70,1249,72,4425,66.5
2026-04-17 10:50:24 PM,KXATPCHALLENGERMATCH-26APR18FOMSUN-SUN,66,1,65,555,64,1084,63,1813,62,2617,67,3448,68,8040,69,6886,70,1274,72,4425,66.5
2026-04-17 10:50:32 PM,KXATPCHALLENGERMATCH-26APR18FOMSUN-SUN,66,1,65,555,64,1084,63,1813,62,3142,67,3448,68,8040,69,6886,70,1274,72,4425,66.5
2026-04-17 10:50:32 PM,KXATPCHALLENGERMATCH-26APR18FOMSUN-SUN,66,1,65,555,64,1084,63,1813,62,3142,66,525,67,3448,68,8040,69,6886,70,1274,66.0
2026-04-17 10:50:32 PM,KXATPCHALLENGERMATCH-26APR18FOMSUN-SUN,66,1,65,555,64,1084,63,1296,62,3142,66,525,67,3448,68,8040,69,6886,70,1274,66.0
2026-04-17 10:50:32 PM,KXATPCHALLENGERMATCH-26APR18FOMSUN-SUN,66,1,65,555,64,1084,63,1296,62,3142,66,525,67,3448,68,3040,69,6886,70,1274,66.0
2026-04-17 10:50:32 PM,KXATPCHALLENGERMATCH-26APR18FOMSUN-SUN,66,1,65,555,64,1084,63,1296,62,3142,66,525,67,3448,68,3040,69,1886,70,1274,66.0
2026-04-17 10:50:32 PM,KXATPCHALLENGERMATCH-26APR18FOMSUN-SUN,66,1,65,555,64,1084,63,1296,62,3142,66,5525,67,3448,68,3040,69,1886,70,1274,66.0
2026-04-17 10:50:32 PM,KXATPCHALLENGERMATCH-26APR18FOMSUN-SUN,66,1,65,555,64,1084,63,1296,62,3142,66,5525,67,8448,68,3040,69,1886,70,1274,66.0
2026-04-17 10:50:32 PM,KXATPCHALLENGERMATCH-26APR18FOMSUN-SUN,66,1,65,555,64,1084,63,1296,62,3142,66,5525,67,7934,68,3040,69,1886,70,1274,66.0
2026-04-17 10:50:32 PM,KXATPCHALLENGERMATCH-26APR18FOMSUN-SUN,66,1,65,555,64,1084,63,1296,62,3142,66,525,67,7934,68,3040,69,1886,70,1274,66.0
2026-04-17 10:50:44 PM,KXATPCHALLENGERMATCH-26APR18FOMSUN-SUN,66,1,65,555,64,1084,63,1833,62,3142,66,525,67,7934,68,3040,69,1886,70,1274,66.0
2026-04-17 10:50:44 PM,KXATPCHALLENGERMATCH-26APR18FOMSUN-SUN,66,1,65,555,64,1084,63,1833,62,3142,66,525,67,8459,68,3040,69,1886,70,1274,66.0
2026-04-17 10:50:44 PM,KXATPCHALLENGERMATCH-26APR18FOMSUN-SUN,66,1,65,555,64,1084,63,1833,62,3142,67,8459,68,3040,69,1886,70,1274,72,4425,66.5
2026-04-17 10:50:44 PM,KXATPCHALLENGERMATCH-26APR18FOMSUN-SUN,66,1,65,555,64,1084,63,1833,62,3142,67,8459,68,8040,69,1886,70,1274,72,4425,66.5
2026-04-17 10:50:44 PM,KXATPCHALLENGERMATCH-26APR18FOMSUN-SUN,66,1,65,555,64,1084,63,1833,62,3142,67,8459,68,8040,69,1886,70,1249,72,4425,66.5
2026-04-17 10:50:44 PM,KXATPCHALLENGERMATCH-26APR18FOMSUN-SUN,66,1,65,555,64,1084,63,1833,62,3142,67,8459,68,8040,69,1911,70,1249,72,4425,66.5
2026-04-17 10:50:44 PM,KXATPCHALLENGERMATCH-26APR18FOMSUN-SUN,66,1,65,555,64,1084,63,1833,62,2617,67,8459,68,8040,69,1911,70,1249,72,4425,66.5
2026-04-17 10:51:03 PM,KXATPCHALLENGERMATCH-26APR18FOMSUN-SUN,66,1,65,555,64,1084,63,1833,62,2617,67,8459,68,8040,69,1886,70,1249,72,4425,66.5
2026-04-17 10:51:03 PM,KXATPCHALLENGERMATCH-26APR18FOMSUN-SUN,66,1,65,555,64,1084,63,1833,62,2617,67,8459,68,8040,69,1886,70,1274,72,4425,66.5
2026-04-17 10:51:51 PM,KXATPCHALLENGERMATCH-26APR18FOMSUN-SUN,66,1,65,555,64,1084,63,1833,62,2617,67,3459,68,8040,69,1886,70,1274,72,4425,66.5
2026-04-17 10:51:51 PM,KXATPCHALLENGERMATCH-26APR18FOMSUN-SUN,66,1,65,555,64,1084,63,1833,62,2617,67,3459,68,8040,69,6886,70,1274,72,4425,66.5
2026-04-17 10:51:57 PM,KXATPCHALLENGERMATCH-26APR18FOMSUN-SUN,66,1,65,555,64,1084,63,1833,62,2617,67,3459,68,8040,69,6886,70,1274,72,1721,66.5
2026-04-17 10:51:58 PM,KXATPCHALLENGERMATCH-26APR18FOMSUN-SUN,66,1,65,555,64,1084,63,1833,62,2617,66,536,67,3459,68,8040,69,6886,70,1274,66.0
2026-04-17 10:51:58 PM,KXATPCHALLENGERMATCH-26APR18FOMSUN-SUN,66,1,65,555,64,1084,63,1833,62,2617,67,3459,68,8040,69,6886,70,1274,72,1721,66.5
2026-04-17 10:52:09 PM,KXATPCHALLENGERMATCH-26APR18FOMSUN-SUN,66,1,65,555,64,1084,63,1833,62,2617,67,2934,68,8040,69,6886,70,1274,72,1721,66.5
2026-04-17 10:52:09 PM,KXATPCHALLENGERMATCH-26APR18FOMSUN-SUN,66,1,65,555,64,1084,63,1833,62,2617,67,2923,68,8040,69,6886,70,1274,72,1721,66.5
2026-04-17 10:52:09 PM,KXATPCHALLENGERMATCH-26APR18FOMSUN-SUN,66,1,65,555,64,1084,63,1833,62,2617,67,3460,68,8040,69,6886,70,1274,72,1721,66.5
2026-04-17 10:52:21 PM,KXATPCHALLENGERMATCH-26APR18FOMSUN-SUN,66,1,65,555,64,1084,63,1833,62,2617,67,3460,68,8040,69,6886,70,1274,72,800,66.5
2026-04-17 10:53:10 PM,KXATPCHALLENGERMATCH-26APR18FOMSUN-SUN,66,1,65,555,64,1084,63,1833,62,2617,67,3460,68,8040,69,6886,70,1274,72,3433,66.5
2026-04-17 10:53:33 PM,KXATPCHALLENGERMATCH-26APR18FOMSUN-SUN,66,1,65,555,64,1084,63,1833,62,2617,67,3460,68,8040,69,6886,70,1274,72,4354,66.5
2026-04-17 10:54:32 PM,KXATPCHALLENGERMATCH-26APR18FOMSUN-SUN,66,1,65,555,64,1084,63,1833,62,2617,67,3260,68,8040,69,6886,70,1274,72,4354,66.5
2026-04-17 10:54:33 PM,KXATPCHALLENGERMATCH-26APR18FOMSUN-SUN,66,1,65,555,64,1859,63,1833,62,2617,67,3260,68,8040,69,6886,70,1274,72,4354,66.5
2026-04-17 10:54:36 PM,KXATPCHALLENGERMATCH-26APR18FOMSUN-SUN,66,1,65,530,64,1859,63,1833,62,2617,67,3260,68,8040,69,6886,70,1274,72,4354,66.5
2026-04-17 10:54:36 PM,KXATPCHALLENGERMATCH-26APR18FOMSUN-SUN,66,1,65,530,64,1834,63,1833,62,2617,67,3260,68,8040,69,6886,70,1274,72,4354,66.5
2026-04-17 10:58:30 PM,KXATPCHALLENGERMATCH-26APR18FOMSUN-SUN,66,1,65,530,64,1834,63,1833,62,2617,67,3256,68,8040,69,6886,70,1274,72,4354,66.5
2026-04-17 10:59:31 PM,KXATPCHALLENGERMATCH-26APR18FOMSUN-SUN,66,1,65,517,64,1834,63,1833,62,2617,67,3256,68,8040,69,6886,70,1274,72,4354,66.5
2026-04-17 10:59:31 PM,KXATPCHALLENGERMATCH-26APR18FOMSUN-SUN,66,1,65,517,64,1821,63,1833,62,2617,67,3256,68,8040,69,6886,70,1274,72,4354,66.5
2026-04-17 11:00:24 PM,KXATPCHALLENGERMATCH-26APR18FOMSUN-SUN,66,1,65,517,64,1821,63,1833,62,2617,67,3256,68,8040,69,6886,70,1249,72,4354,66.5
2026-04-17 11:00:24 PM,KXATPCHALLENGERMATCH-26APR18FOMSUN-SUN,66,1,65,517,64,1821,63,1833,62,2617,67,3256,68,8040,69,6886,70,1274,72,4354,66.5
2026-04-17 11:03:11 PM,KXATPCHALLENGERMATCH-26APR18FOMSUN-SUN,66,1,65,517,64,1821,63,1833,62,2617,67,3253,68,8040,69,6886,70,1274,72,4354,66.5
2026-04-17 11:04:02 PM,KXATPCHALLENGERMATCH-26APR18FOMSUN-SUN,66,1,65,517,64,1821,63,1833,62,2617,67,3239,68,8040,69,6886,70,1274,72,4354,66.5
2026-04-17 11:04:05 PM,KXATPCHALLENGERMATCH-26APR18FOMSUN-SUN,66,1,65,517,64,1821,63,1833,62,2617,67,3164,68,8040,69,6886,70,1274,72,4354,66.5
2026-04-17 11:04:05 PM,KXATPCHALLENGERMATCH-26APR18FOMSUN-SUN,66,1,65,517,64,1821,63,1833,62,2617,67,2914,68,8040,69,6886,70,1274,72,4354,66.5
2026-04-17 11:04:05 PM,KXATPCHALLENGERMATCH-26APR18FOMSUN-SUN,66,1,65,517,64,1821,63,1833,62,2617,67,3165,68,8040,69,6886,70,1274,72,4354,66.5
2026-04-17 11:04:05 PM,KXATPCHALLENGERMATCH-26APR18FOMSUN-SUN,66,1,65,517,64,1821,63,1833,62,2617,67,3724,68,8040,69,6886,70,1274,72,4354,66.5
2026-04-17 11:07:05 PM,KXATPCHALLENGERMATCH-26APR18FOMSUN-SUN,66,1,65,517,64,1821,63,1833,62,2617,67,8724,68,8040,69,6886,70,1274,72,4354,66.5
2026-04-17 11:07:05 PM,KXATPCHALLENGERMATCH-26APR18FOMSUN-SUN,66,1,65,517,64,1821,63,1833,62,2617,67,8724,68,8040,69,1886,70,1274,72,4354,66.5
2026-04-17 11:07:05 PM,KXATPCHALLENGERMATCH-26APR18FOMSUN-SUN,66,1,65,517,64,1821,63,1833,62,2617,67,3724,68,8040,69,1886,70,1274,72,4354,66.5
2026-04-17 11:07:23 PM,KXATPCHALLENGERMATCH-26APR18FOMSUN-SUN,66,1,65,517,64,1821,63,1833,62,2617,67,3175,68,8040,69,1886,70,1274,72,4354,66.5
2026-04-17 11:07:23 PM,KXATPCHALLENGERMATCH-26APR18FOMSUN-SUN,66,1,65,517,64,1821,63,1833,62,2617,67,2475,68,8040,69,1886,70,1274,72,4354,66.5
2026-04-17 11:07:23 PM,KXATPCHALLENGERMATCH-26APR18FOMSUN-SUN,66,1,65,517,64,1821,63,1833,62,2617,67,2465,68,8040,69,1886,70,1274,72,4354,66.5
2026-04-17 11:07:23 PM,KXATPCHALLENGERMATCH-26APR18FOMSUN-SUN,66,1,65,517,64,1821,63,1833,62,2617,67,2455,68,8040,69,1886,70,1274,72,4354,66.5
2026-04-17 11:07:23 PM,KXATPCHALLENGERMATCH-26APR18FOMSUN-SUN,66,1,65,517,64,1821,63,1833,62,2617,67,2278,68,8040,69,1886,70,1274,72,4354,66.5
2026-04-17 11:07:23 PM,KXATPCHALLENGERMATCH-26APR18FOMSUN-SUN,66,1,65,517,64,1821,63,1833,62,1817,67,2278,68,8040,69,1886,70,1274,72,4354,66.5
2026-04-17 11:07:23 PM,KXATPCHALLENGERMATCH-26APR18FOMSUN-SUN,66,1,65,517,64,1021,63,1833,62,1817,67,2278,68,8040,69,1886,70,1274,72,4354,66.5
2026-04-17 11:07:23 PM,KXATPCHALLENGERMATCH-26APR18FOMSUN-SUN,66,1,65,517,64,1021,63,1833,62,1817,67,2278,68,8040,69,1086,70,1274,72,4354,66.5
2026-04-17 11:07:23 PM,KXATPCHALLENGERMATCH-26APR18FOMSUN-SUN,66,1,65,517,64,1021,63,1833,62,1817,67,2278,68,8040,69,1086,70,474,72,4354,66.5
2026-04-17 11:07:23 PM,KXATPCHALLENGERMATCH-26APR18FOMSUN-SUN,66,1,65,517,64,1021,63,1833,62,1817,67,2027,68,8040,69,1086,70,474,72,4354,66.5
2026-04-17 11:07:23 PM,KXATPCHALLENGERMATCH-26APR18FOMSUN-SUN,66,1,65,517,64,1021,63,1833,62,1817,67,2027,68,8040,69,1086,70,474,72,3794,66.5
2026-04-17 11:07:23 PM,KXATPCHALLENGERMATCH-26APR18FOMSUN-SUN,66,1,65,517,64,1021,63,1833,62,1817,67,2027,68,8040,69,6086,70,474,72,3794,66.5
2026-04-17 11:07:24 PM,KXATPCHALLENGERMATCH-26APR18FOMSUN-SUN,66,1,65,517,64,1021,63,1833,62,2617,67,2027,68,8040,69,6086,70,474,72,3794,66.5
2026-04-17 11:07:24 PM,KXATPCHALLENGERMATCH-26APR18FOMSUN-SUN,66,1,65,517,64,1021,63,2633,62,2617,67,2027,68,8040,69,6086,70,474,72,3794,66.5
2026-04-17 11:07:24 PM,KXATPCHALLENGERMATCH-26APR18FOMSUN-SUN,66,1,65,1317,64,1021,63,2633,62,2617,67,2027,68,8040,69,6086,70,474,72,3794,66.5
2026-04-17 11:07:24 PM,KXATPCHALLENGERMATCH-26APR18FOMSUN-SUN,66,1,65,1317,64,1021,63,2633,62,2617,67,2027,68,8840,69,6086,70,474,72,3794,66.5
2026-04-17 11:07:24 PM,KXATPCHALLENGERMATCH-26APR18FOMSUN-SUN,66,1,65,1317,64,1021,63,2633,62,2617,67,2027,68,8840,69,6086,70,474,71,800,66.5
2026-04-17 11:07:24 PM,KXATPCHALLENGERMATCH-26APR18FOMSUN-SUN,66,1,65,1317,64,1021,63,2633,62,2617,67,2027,68,8840,69,6086,70,1274,71,800,66.5
2026-04-17 11:07:52 PM,KXATPCHALLENGERMATCH-26APR18FOMSUN-SUN,66,1,65,1317,64,1021,63,2633,62,2617,67,2017,68,8840,69,6086,70,1274,71,800,66.5
2026-04-17 11:08:08 PM,KXATPCHALLENGERMATCH-26APR18FOMSUN-SUN,66,1,65,1317,64,1021,63,2633,62,2617,67,7017,68,8840,69,6086,70,1274,71,800,66.5
2026-04-17 11:08:08 PM,KXATPCHALLENGERMATCH-26APR18FOMSUN-SUN,66,1,65,1317,64,1021,63,2633,62,2617,67,7017,68,8840,69,1086,70,1274,71,800,66.5
2026-04-17 11:08:10 PM,KXATPCHALLENGERMATCH-26APR18FOMSUN-SUN,66,1,65,1327,64,1021,63,2633,62,2617,67,7017,68,8840,69,1086,70,1274,71,800,66.5
2026-04-17 11:08:10 PM,KXATPCHALLENGERMATCH-26APR18FOMSUN-SUN,66,1,65,1337,64,1021,63,2633,62,2617,67,7017,68,8840,69,1086,70,1274,71,800,66.5
2026-04-17 11:09:15 PM,KXATPCHALLENGERMATCH-26APR18FOMSUN-SUN,66,1,65,1337,64,1021,63,2633,62,2617,67,7027,68,8840,69,1086,70,1274,71,800,66.5
2026-04-17 11:09:17 PM,KXATPCHALLENGERMATCH-26APR18FOMSUN-SUN,66,1,65,1337,64,1021,63,2633,62,2617,67,7045,68,8840,69,1086,70,1274,71,800,66.5
2026-04-17 11:10:14 PM,KXATPCHALLENGERMATCH-26APR18FOMSUN-SUN,66,1,65,1337,64,1021,63,2633,62,2617,67,7545,68,8840,69,1086,70,1274,71,800,66.5
2026-04-17 11:10:24 PM,KXATPCHALLENGERMATCH-26APR18FOMSUN-SUN,66,1,65,1337,64,1021,63,2633,62,2617,67,7545,68,8840,69,1086,70,1249,71,800,66.5
2026-04-17 11:10:28 PM,KXATPCHALLENGERMATCH-26APR18FOMSUN-SUN,66,1,65,1337,64,1021,63,2633,62,2617,67,7541,68,8840,69,1086,70,1249,71,800,66.5
2026-04-17 11:10:28 PM,KXATPCHALLENGERMATCH-26APR18FOMSUN-SUN,66,1,65,1337,64,1021,63,2633,62,2617,67,7541,68,8840,69,1086,70,1274,71,800,66.5
2026-04-17 11:10:48 PM,KXATPCHALLENGERMATCH-26APR18FOMSUN-SUN,66,1,65,1337,64,1021,63,2633,62,2617,67,7523,68,8840,69,1086,70,1274,71,800,66.5
2026-04-17 11:13:01 PM,KXATPCHALLENGERMATCH-26APR18FOMSUN-SUN,66,1,65,1337,64,1021,63,2633,62,2617,67,7523,68,8840,69,1086,70,1249,71,800,66.5
2026-04-17 11:13:27 PM,KXATPCHALLENGERMATCH-26APR18FOMSUN-SUN,66,1,65,1337,64,1021,63,2633,62,2617,67,7479,68,8840,69,1086,70,1249,71,800,66.5
2026-04-17 11:13:33 PM,KXATPCHALLENGERMATCH-26APR18FOMSUN-SUN,66,1,65,1337,64,1021,63,2633,62,2617,67,7477,68,8840,69,1086,70,1249,71,800,66.5
2026-04-17 11:14:18 PM,KXATPCHALLENGERMATCH-26APR18FOMSUN-SUN,66,1,65,1337,64,1021,63,2633,62,2617,67,7467,68,8840,69,1086,70,1249,71,800,66.5
2026-04-17 11:15:04 PM,KXATPCHALLENGERMATCH-26APR18FOMSUN-SUN,66,1,65,1337,64,1021,63,2633,62,2617,67,7462,68,8840,69,1086,70,1249,71,800,66.5
2026-04-17 11:16:13 PM,KXATPCHALLENGERMATCH-26APR18FOMSUN-SUN,66,1,65,1337,64,1021,63,2633,62,2617,67,2462,68,8840,69,1086,70,1249,71,800,66.5
2026-04-17 11:16:13 PM,KXATPCHALLENGERMATCH-26APR18FOMSUN-SUN,66,1,65,1337,64,1021,63,2633,62,2617,67,2462,68,8840,69,6086,70,1249,71,800,66.5
2026-04-17 11:16:14 PM,KXATPCHALLENGERMATCH-26APR18FOMSUN-SUN,66,1,65,1337,64,1021,63,2633,62,2617,67,2462,68,3840,69,6086,70,1249,71,800,66.5
2026-04-17 11:16:14 PM,KXATPCHALLENGERMATCH-26APR18FOMSUN-SUN,66,1,65,1337,64,1021,63,2633,62,2617,67,2462,68,3840,69,1086,70,1249,71,800,66.5
2026-04-17 11:16:20 PM,KXATPCHALLENGERMATCH-26APR18FOMSUN-SUN,66,1,65,1337,64,1021,63,2633,62,2617,67,2433,68,3840,69,1086,70,1249,71,800,66.5
2026-04-17 11:16:20 PM,KXATPCHALLENGERMATCH-26APR18FOMSUN-SUN,66,1,65,1337,64,1021,63,2633,62,7617,67,2433,68,3840,69,1086,70,1249,71,800,66.5
2026-04-17 11:16:42 PM,KXATPCHALLENGERMATCH-26APR18FOMSUN-SUN,66,1,65,1283,64,1021,63,2633,62,7617,67,2433,68,3840,69,1086,70,1249,71,800,66.5
2026-04-17 11:16:43 PM,KXATPCHALLENGERMATCH-26APR18FOMSUN-SUN,66,1,65,1283,64,967,63,2633,62,7617,67,2433,68,3840,69,1086,70,1249,71,800,66.5
2026-04-17 11:16:43 PM,KXATPCHALLENGERMATCH-26APR18FOMSUN-SUN,66,1,65,1283,64,967,63,2633,62,7617,67,2433,68,8840,69,1086,70,1249,71,800,66.5
2026-04-17 11:16:43 PM,KXATPCHALLENGERMATCH-26APR18FOMSUN-SUN,66,1,65,1283,64,967,63,2633,62,7617,67,2433,68,8840,69,6086,70,1249,71,800,66.5
2026-04-17 11:20:05 PM,KXATPCHALLENGERMATCH-26APR18FOMSUN-SUN,66,1,65,1270,64,967,63,2633,62,7617,67,2433,68,8840,69,6086,70,1249,71,800,66.5
2026-04-17 11:20:05 PM,KXATPCHALLENGERMATCH-26APR18FOMSUN-SUN,66,1,65,1270,64,954,63,2633,62,7617,67,2433,68,8840,69,6086,70,1249,71,800,66.5
2026-04-17 11:21:09 PM,KXATPCHALLENGERMATCH-26APR18FOMSUN-SUN,66,1,65,1270,64,954,63,2633,62,7617,67,2432,68,8840,69,6086,70,1249,71,800,66.5
2026-04-17 11:23:04 PM,KXATPCHALLENGERMATCH-26APR18FOMSUN-SUN,66,1,65,1114,64,954,63,2633,62,7617,67,2432,68,8840,69,6086,70,1249,71,800,66.5
2026-04-17 11:23:04 PM,KXATPCHALLENGERMATCH-26APR18FOMSUN-SUN,66,1,65,1104,64,954,63,2633,62,7617,67,2432,68,8840,69,6086,70,1249,71,800,66.5
2026-04-17 11:23:04 PM,KXATPCHALLENGERMATCH-26APR18FOMSUN-SUN,66,1,65,1077,64,954,63,2633,62,7617,67,2432,68,8840,69,6086,70,1249,71,800,66.5
2026-04-17 11:23:04 PM,KXATPCHALLENGERMATCH-26APR18FOMSUN-SUN,66,1,65,830,64,954,63,2633,62,7617,67,2432,68,8840,69,6086,70,1249,71,800,66.5
2026-04-17 11:23:04 PM,KXATPCHALLENGERMATCH-26APR18FOMSUN-SUN,66,1,65,830,64,1229,63,2633,62,7617,67,2432,68,8840,69,6086,70,1249,71,800,66.5
2026-04-17 11:23:04 PM,KXATPCHALLENGERMATCH-26APR18FOMSUN-SUN,66,1,65,830,64,1229,63,2633,62,7617,67,2157,68,8840,69,6086,70,1249,71,800,66.5
2026-04-17 11:23:04 PM,KXATPCHALLENGERMATCH-26APR18FOMSUN-SUN,66,1,65,830,64,1229,63,2633,62,7617,66,275,67,2157,68,8840,69,6086,70,1249,66.0
2026-04-17 11:23:04 PM,KXATPCHALLENGERMATCH-26APR18FOMSUN-SUN,66,1,65,830,64,1229,63,2633,62,7617,66,275,67,2157,68,8829,69,6086,70,1249,66.0
2026-04-17 11:23:04 PM,KXATPCHALLENGERMATCH-26APR18FOMSUN-SUN,66,1,65,830,64,1229,63,2633,62,7617,66,285,67,2157,68,8829,69,6086,70,1249,66.0
2026-04-17 11:23:04 PM,KXATPCHALLENGERMATCH-26APR18FOMSUN-SUN,66,1,65,830,64,1229,63,2633,62,7617,66,285,67,2147,68,8829,69,6086,70,1249,66.0
2026-04-17 11:23:05 PM,KXATPCHALLENGERMATCH-26APR18FOMSUN-SUN,66,1,65,830,64,1073,63,2633,62,7617,66,285,67,2147,68,8829,69,6086,70,1249,66.0
2026-04-17 11:24:11 PM,KXATPCHALLENGERMATCH-26APR18FOMSUN-SUN,66,1,65,830,64,1073,63,2633,62,7617,66,235,67,2147,68,8829,69,6086,70,1249,66.0
2026-04-17 11:24:11 PM,KXATPCHALLENGERMATCH-26APR18FOMSUN-SUN,66,1,65,830,64,798,63,2633,62,7617,66,235,67,2147,68,8829,69,6086,70,1249,66.0
2026-04-17 11:24:11 PM,KXATPCHALLENGERMATCH-26APR18FOMSUN-SUN,66,1,65,1105,64,798,63,2633,62,7617,66,235,67,2147,68,8829,69,6086,70,1249,66.0
2026-04-17 11:24:11 PM,KXATPCHALLENGERMATCH-26APR18FOMSUN-SUN,66,1,65,1105,64,798,63,2633,62,7617,66,10,67,2147,68,8829,69,6086,70,1249,66.0
2026-04-17 11:24:12 PM,KXATPCHALLENGERMATCH-26APR18FOMSUN-SUN,66,1,65,1105,64,798,63,2633,62,7617,66,10,67,2157,68,8829,69,6086,70,1249,66.0
2026-04-17 11:24:12 PM,KXATPCHALLENGERMATCH-26APR18FOMSUN-SUN,66,1,65,1105,64,798,63,2633,62,7617,67,2157,68,8829,69,6086,70,1249,71,800,66.5
2026-04-17 11:24:12 PM,KXATPCHALLENGERMATCH-26APR18FOMSUN-SUN,66,1,65,1105,64,798,63,2633,62,7617,67,2157,68,8840,69,6086,70,1249,71,800,66.5
2026-04-17 11:24:12 PM,KXATPCHALLENGERMATCH-26APR18FOMSUN-SUN,66,1,65,1105,64,798,63,2633,62,7617,67,2432,68,8840,69,6086,70,1249,71,800,66.5
2026-04-17 11:24:12 PM,KXATPCHALLENGERMATCH-26APR18FOMSUN-SUN,66,1,65,1105,64,798,63,2633,62,7617,66,118,67,2432,68,8840,69,6086,70,1249,66.0
2026-04-17 11:24:12 PM,KXATPCHALLENGERMATCH-26APR18FOMSUN-SUN,66,1,65,1105,64,798,63,2633,62,7617,67,2432,68,8840,69,6086,70,1249,71,800,66.5
2026-04-17 11:25:53 PM,KXATPCHALLENGERMATCH-26APR18FOMSUN-SUN,66,751,65,1105,64,798,63,2633,62,7617,67,2432,68,8840,69,6086,70,1249,71,800,66.5
2026-04-17 11:25:53 PM,KXATPCHALLENGERMATCH-26APR18FOMSUN-SUN,66,751,65,1105,64,798,63,2633,62,7617,67,2467,68,8840,69,6086,70,1249,71,800,66.5
2026-04-17 11:25:53 PM,KXATPCHALLENGERMATCH-26APR18FOMSUN-SUN,66,751,65,1105,64,833,63,2633,62,7617,67,2467,68,8840,69,6086,70,1249,71,800,66.5
2026-04-17 11:25:53 PM,KXATPCHALLENGERMATCH-26APR18FOMSUN-SUN,66,751,65,1105,64,1377,63,2633,62,7617,67,2467,68,8840,69,6086,70,1249,71,800,66.5
2026-04-17 11:25:53 PM,KXATPCHALLENGERMATCH-26APR18FOMSUN-SUN,66,751,65,1105,64,1377,63,2633,62,7617,67,2467,68,3840,69,6086,70,1249,71,800,66.5
2026-04-17 11:25:53 PM,KXATPCHALLENGERMATCH-26APR18FOMSUN-SUN,66,751,65,1105,64,1377,63,2633,62,7617,67,2467,68,3840,69,1086,70,1249,71,800,66.5
2026-04-17 11:25:53 PM,KXATPCHALLENGERMATCH-26APR18FOMSUN-SUN,66,751,65,1105,64,1377,63,2633,62,7617,67,2467,68,3840,69,1086,70,6249,71,800,66.5
2026-04-17 11:25:53 PM,KXATPCHALLENGERMATCH-26APR18FOMSUN-SUN,66,751,65,1105,64,1377,63,2633,62,7617,67,2467,68,3840,69,1086,70,6249,71,5800,66.5
2026-04-17 11:25:53 PM,KXATPCHALLENGERMATCH-26APR18FOMSUN-SUN,66,751,65,1105,64,1377,63,2633,62,7617,67,1930,68,3840,69,1086,70,6249,71,5800,66.5
2026-04-17 11:25:53 PM,KXATPCHALLENGERMATCH-26APR18FOMSUN-SUN,66,751,65,1105,64,1377,63,2633,62,7617,67,1895,68,3840,69,1086,70,6249,71,5800,66.5
2026-04-17 11:25:53 PM,KXATPCHALLENGERMATCH-26APR18FOMSUN-SUN,66,751,65,1105,64,1377,63,2096,62,7617,67,1895,68,3840,69,1086,70,6249,71,5800,66.5
2026-04-17 11:25:53 PM,KXATPCHALLENGERMATCH-26APR18FOMSUN-SUN,66,751,65,1105,64,1377,63,2096,62,7617,67,1895,68,4384,69,1086,70,6249,71,5800,66.5
2026-04-17 11:25:59 PM,KXATPCHALLENGERMATCH-26APR18FOMSUN-SUN,66,751,65,1105,64,833,63,2096,62,7617,67,1895,68,4384,69,1086,70,6249,71,5800,66.5
2026-04-17 11:25:59 PM,KXATPCHALLENGERMATCH-26APR18FOMSUN-SUN,66,751,65,1105,64,833,63,2096,62,7617,67,1895,68,4384,69,1121,70,6249,71,5800,66.5
2026-04-17 11:25:59 PM,KXATPCHALLENGERMATCH-26APR18FOMSUN-SUN,66,751,65,1105,64,833,63,2096,62,2617,67,1895,68,4384,69,1121,70,6249,71,5800,66.5
2026-04-17 11:25:59 PM,KXATPCHALLENGERMATCH-26APR18FOMSUN-SUN,66,751,65,1105,64,798,63,2096,62,2617,67,1895,68,4384,69,1121,70,6249,71,5800,66.5
2026-04-17 11:25:59 PM,KXATPCHALLENGERMATCH-26APR18FOMSUN-SUN,66,751,65,1140,64,798,63,2096,62,2617,67,1895,68,4384,69,1121,70,6249,71,5800,66.5
2026-04-17 11:26:02 PM,KXATPCHALLENGERMATCH-26APR18FOMSUN-SUN,66,751,65,1140,64,798,63,2640,62,2617,67,1895,68,4384,69,1121,70,6249,71,5800,66.5
2026-04-17 11:26:02 PM,KXATPCHALLENGERMATCH-26APR18FOMSUN-SUN,66,751,65,1140,64,798,63,2640,62,2617,67,2439,68,4384,69,1121,70,6249,71,5800,66.5
2026-04-17 11:26:02 PM,KXATPCHALLENGERMATCH-26APR18FOMSUN-SUN,66,751,65,1140,64,798,63,2640,62,2617,67,2439,68,3840,69,1121,70,6249,71,5800,66.5
2026-04-17 11:26:02 PM,KXATPCHALLENGERMATCH-26APR18FOMSUN-SUN,66,751,65,1140,64,798,63,2640,62,2617,67,2439,68,3840,69,1121,70,1249,71,5800,66.5
2026-04-17 11:26:02 PM,KXATPCHALLENGERMATCH-26APR18FOMSUN-SUN,66,751,65,1140,64,798,63,2640,62,2617,67,2439,68,3840,69,1121,70,1249,71,800,66.5
2026-04-17 11:26:02 PM,KXATPCHALLENGERMATCH-26APR18FOMSUN-SUN,66,751,65,1140,64,798,63,2640,62,7617,67,2439,68,3840,69,1121,70,1249,71,800,66.5
2026-04-17 11:26:02 PM,KXATPCHALLENGERMATCH-26APR18FOMSUN-SUN,66,751,65,1140,64,798,63,2640,62,7617,67,2439,68,8840,69,1121,70,1249,71,800,66.5
2026-04-17 11:26:02 PM,KXATPCHALLENGERMATCH-26APR18FOMSUN-SUN,66,751,65,1140,64,798,63,2640,62,7617,67,2439,68,8840,69,6121,70,1249,71,800,66.5
2026-04-17 11:26:02 PM,KXATPCHALLENGERMATCH-26APR18FOMSUN-SUN,66,751,65,1105,64,798,63,2640,62,7617,67,2439,68,8840,69,6121,70,1249,71,800,66.5
2026-04-17 11:26:02 PM,KXATPCHALLENGERMATCH-26APR18FOMSUN-SUN,66,751,65,1105,64,798,63,2640,62,7617,67,2439,68,8840,69,6086,70,1249,71,800,66.5
2026-04-17 11:26:18 PM,KXATPCHALLENGERMATCH-26APR18FOMSUN-SUN,66,751,65,1105,64,798,63,2640,62,7617,67,2439,68,3840,69,6086,70,1249,71,800,66.5
2026-04-17 11:26:18 PM,KXATPCHALLENGERMATCH-26APR18FOMSUN-SUN,66,751,65,1105,64,798,63,2640,62,7617,67,2439,68,3840,69,6086,70,6249,71,800,66.5
2026-04-17 11:26:25 PM,KXATPCHALLENGERMATCH-26APR18FOMSUN-SUN,66,751,65,1105,64,798,63,2640,62,7617,67,2439,68,8840,69,6086,70,6249,71,800,66.5
2026-04-17 11:26:25 PM,KXATPCHALLENGERMATCH-26APR18FOMSUN-SUN,66,751,65,1105,64,798,63,2640,62,7617,67,2439,68,8840,69,6086,70,1249,71,800,66.5
2026-04-17 11:26:25 PM,KXATPCHALLENGERMATCH-26APR18FOMSUN-SUN,66,751,65,1105,64,833,63,2640,62,7617,67,2439,68,8840,69,6086,70,1249,71,800,66.5
2026-04-17 11:26:25 PM,KXATPCHALLENGERMATCH-26APR18FOMSUN-SUN,66,751,65,1105,64,833,63,2640,62,7617,67,2474,68,8840,69,6086,70,1249,71,800,66.5
2026-04-17 11:26:26 PM,KXATPCHALLENGERMATCH-26APR18FOMSUN-SUN,66,751,65,1105,64,833,63,2640,62,7617,67,2474,68,3840,69,6086,70,1249,71,800,66.5
2026-04-17 11:26:34 PM,KXATPCHALLENGERMATCH-26APR18FOMSUN-SUN,66,751,65,1105,64,833,63,2640,62,7617,67,2474,68,8840,69,6086,70,1249,71,800,66.5
2026-04-17 11:26:35 PM,KXATPCHALLENGERMATCH-26APR18FOMSUN-SUN,66,751,65,1095,64,833,63,2640,62,7617,67,2474,68,8840,69,6086,70,1249,71,800,66.5
2026-04-17 11:26:35 PM,KXATPCHALLENGERMATCH-26APR18FOMSUN-SUN,66,751,65,1085,64,833,63,2640,62,7617,67,2474,68,8840,69,6086,70,1249,71,800,66.5
2026-04-17 11:26:51 PM,KXATPCHALLENGERMATCH-26APR18FOMSUN-SUN,66,751,65,1085,64,833,63,2640,62,7617,67,2474,68,3840,69,6086,70,1249,71,800,66.5
2026-04-17 11:26:51 PM,KXATPCHALLENGERMATCH-26APR18FOMSUN-SUN,66,751,65,1085,64,833,63,2640,62,7617,67,2474,68,3840,69,6086,70,6249,71,800,66.5
2026-04-17 11:26:59 PM,KXATPCHALLENGERMATCH-26APR18FOMSUN-SUN,66,751,65,1085,64,833,63,2640,62,7617,67,2474,68,8840,69,6086,70,6249,71,800,66.5
2026-04-17 11:26:59 PM,KXATPCHALLENGERMATCH-26APR18FOMSUN-SUN,66,751,65,1085,64,833,63,2640,62,7617,67,2474,68,8840,69,6086,70,1249,71,800,66.5
2026-04-17 11:27:00 PM,KXATPCHALLENGERMATCH-26APR18FOMSUN-SUN,66,751,65,1085,64,833,63,2640,62,7617,67,2473,68,8840,69,6086,70,1249,71,800,66.5
2026-04-17 11:27:00 PM,KXATPCHALLENGERMATCH-26APR18FOMSUN-SUN,66,751,65,1085,64,833,63,2640,62,7617,67,2438,68,8840,69,6086,70,1249,71,800,66.5
2026-04-17 11:27:00 PM,KXATPCHALLENGERMATCH-26APR18FOMSUN-SUN,66,751,65,1085,64,798,63,2640,62,7617,67,2438,68,8840,69,6086,70,1249,71,800,66.5
2026-04-17 11:27:27 PM,KXATPCHALLENGERMATCH-26APR18FOMSUN-SUN,66,751,65,1085,64,798,63,2640,62,7617,67,2438,68,3840,69,6086,70,1249,71,800,66.5
2026-04-17 11:27:27 PM,KXATPCHALLENGERMATCH-26APR18FOMSUN-SUN,66,751,65,1085,64,798,63,2640,62,7617,67,2438,68,3840,69,6086,70,6249,71,800,66.5
2026-04-17 11:27:27 PM,KXATPCHALLENGERMATCH-26APR18FOMSUN-SUN,66,751,65,1085,64,798,63,2640,62,7617,67,2473,68,3840,69,6086,70,6249,71,800,66.5
2026-04-17 11:27:49 PM,KXATPCHALLENGERMATCH-26APR18FOMSUN-SUN,66,751,65,1085,64,798,63,2640,62,7617,67,2473,68,8840,69,6086,70,6249,71,800,66.5
2026-04-17 11:27:49 PM,KXATPCHALLENGERMATCH-26APR18FOMSUN-SUN,66,751,65,1085,64,798,63,2640,62,7617,67,2473,68,8840,69,6086,70,1249,71,800,66.5
2026-04-17 11:28:18 PM,KXATPCHALLENGERMATCH-26APR18FOMSUN-SUN,66,751,65,1085,64,798,63,2640,62,7617,67,2473,68,3840,69,6086,70,1249,71,800,66.5
2026-04-17 11:28:18 PM,KXATPCHALLENGERMATCH-26APR18FOMSUN-SUN,66,751,65,1085,64,798,63,2640,62,7617,67,2473,68,3840,69,6086,70,6249,71,800,66.5
2026-04-17 11:28:20 PM,KXATPCHALLENGERMATCH-26APR18FOMSUN-SUN,66,758,65,1085,64,798,63,2640,62,7617,67,2473,68,3840,69,6086,70,6249,71,800,66.5
2026-04-17 11:28:20 PM,KXATPCHALLENGERMATCH-26APR18FOMSUN-SUN,66,758,65,1092,64,798,63,2640,62,7617,67,2473,68,3840,69,6086,70,6249,71,800,66.5
2026-04-17 11:28:20 PM,KXATPCHALLENGERMATCH-26APR18FOMSUN-SUN,66,758,65,1092,64,833,63,2640,62,7617,67,2473,68,3840,69,6086,70,6249,71,800,66.5
2026-04-17 11:28:20 PM,KXATPCHALLENGERMATCH-26APR18FOMSUN-SUN,66,758,65,1092,64,833,63,2647,62,7617,67,2473,68,3840,69,6086,70,6249,71,800,66.5
2026-04-17 11:28:20 PM,KXATPCHALLENGERMATCH-26APR18FOMSUN-SUN,66,758,65,1092,64,833,63,2647,62,7624,67,2473,68,3840,69,6086,70,6249,71,800,66.5
2026-04-17 11:28:43 PM,KXATPCHALLENGERMATCH-26APR18FOMSUN-SUN,66,758,65,1092,64,833,63,2647,62,7624,67,2438,68,3840,69,6086,70,6249,71,800,66.5
2026-04-17 11:28:43 PM,KXATPCHALLENGERMATCH-26APR18FOMSUN-SUN,66,758,65,1092,64,798,63,2647,62,7624,67,2438,68,3840,69,6086,70,6249,71,800,66.5
2026-04-17 11:28:43 PM,KXATPCHALLENGERMATCH-26APR18FOMSUN-SUN,66,758,65,1092,64,798,63,2647,62,7624,67,2438,68,8840,69,6086,70,6249,71,800,66.5
2026-04-17 11:28:44 PM,KXATPCHALLENGERMATCH-26APR18FOMSUN-SUN,66,758,65,1092,64,798,63,2647,62,7624,67,2438,68,8840,69,6086,70,1249,71,800,66.5
2026-04-17 11:29:01 PM,KXATPCHALLENGERMATCH-26APR18FOMSUN-SUN,66,758,65,1092,64,798,63,2647,62,7624,67,2438,68,8840,69,6086,70,6249,71,800,66.5
2026-04-17 11:29:01 PM,KXATPCHALLENGERMATCH-26APR18FOMSUN-SUN,66,758,65,1092,64,798,63,2647,62,7624,67,2438,68,3840,69,6086,70,6249,71,800,66.5
2026-04-17 11:29:29 PM,KXATPCHALLENGERMATCH-26APR18FOMSUN-SUN,66,758,65,1092,64,798,63,2647,62,7624,67,2438,68,8840,69,6086,70,6249,71,800,66.5
2026-04-17 11:29:29 PM,KXATPCHALLENGERMATCH-26APR18FOMSUN-SUN,66,758,65,1092,64,798,63,2647,62,7624,67,2438,68,8840,69,6086,70,1249,71,800,66.5
2026-04-17 11:29:45 PM,KXATPCHALLENGERMATCH-26APR18FOMSUN-SUN,66,758,65,1092,64,798,63,2647,62,7624,67,2437,68,8840,69,6086,70,1249,71,800,66.5
2026-04-17 11:29:49 PM,KXATPCHALLENGERMATCH-26APR18FOMSUN-SUN,66,758,65,1092,64,798,63,2647,62,7624,67,2437,68,3840,69,6086,70,1249,71,800,66.5
2026-04-17 11:29:49 PM,KXATPCHALLENGERMATCH-26APR18FOMSUN-SUN,66,758,65,1092,64,798,63,2647,62,7624,67,2437,68,3840,69,6086,70,6249,71,800,66.5
2026-04-17 11:29:56 PM,KXATPCHALLENGERMATCH-26APR18FOMSUN-SUN,66,758,65,1092,64,798,63,2647,62,7624,67,2437,68,8840,69,6086,70,6249,71,800,66.5
2026-04-17 11:29:56 PM,KXATPCHALLENGERMATCH-26APR18FOMSUN-SUN,66,758,65,1092,64,798,63,2647,62,7624,67,2437,68,8840,69,6086,70,1249,71,800,66.5
2026-04-17 11:30:58 PM,KXATPCHALLENGERMATCH-26APR18FOMSUN-SUN,66,758,65,1092,64,798,63,2647,62,7624,67,2434,68,8840,69,6086,70,1249,71,800,66.5
2026-04-17 11:30:58 PM,KXATPCHALLENGERMATCH-26APR18FOMSUN-SUN,66,758,65,817,64,798,63,2647,62,7624,67,2434,68,8840,69,6086,70,1249,71,800,66.5
2026-04-17 11:30:58 PM,KXATPCHALLENGERMATCH-26APR18FOMSUN-SUN,66,1033,65,817,64,798,63,2647,62,7624,67,2434,68,8840,69,6086,70,1249,71,800,66.5
2026-04-17 11:30:58 PM,KXATPCHALLENGERMATCH-26APR18FOMSUN-SUN,66,1033,65,817,64,798,63,2647,62,7624,67,2159,68,8840,69,6086,70,1249,71,800,66.5
2026-04-17 11:30:58 PM,KXATPCHALLENGERMATCH-26APR18FOMSUN-SUN,66,1033,65,817,64,798,63,2647,62,7624,67,2159,68,9115,69,6086,70,1249,71,800,66.5
2026-04-17 11:31:06 PM,KXATPCHALLENGERMATCH-26APR18FOMSUN-SUN,66,283,65,817,64,798,63,2647,62,7624,67,2159,68,9115,69,6086,70,1249,71,800,66.5
2026-04-17 11:31:06 PM,KXATPCHALLENGERMATCH-26APR18FOMSUN-SUN,66,8,65,817,64,798,63,2647,62,7624,67,2159,68,9115,69,6086,70,1249,71,800,66.5
2026-04-17 11:31:06 PM,KXATPCHALLENGERMATCH-26APR18FOMSUN-SUN,66,8,65,1092,64,798,63,2647,62,7624,67,2159,68,9115,69,6086,70,1249,71,800,66.5
2026-04-17 11:31:06 PM,KXATPCHALLENGERMATCH-26APR18FOMSUN-SUN,66,8,65,1092,64,798,63,2647,62,7624,67,2159,68,8840,69,6086,70,1249,71,800,66.5
2026-04-17 11:31:06 PM,KXATPCHALLENGERMATCH-26APR18FOMSUN-SUN,66,8,65,1092,64,798,63,2647,62,7624,67,2434,68,8840,69,6086,70,1249,71,800,66.5
2026-04-17 11:31:10 PM,KXATPCHALLENGERMATCH-26APR18FOMSUN-SUN,66,8,65,1092,64,798,63,2647,62,7624,67,2414,68,8840,69,6086,70,1249,71,800,66.5
2026-04-17 11:31:28 PM,KXATPCHALLENGERMATCH-26APR18FOMSUN-SUN,66,8,65,1092,64,798,63,2647,62,7624,67,2414,68,8840,69,6086,70,1290,71,800,66.5
2026-04-17 11:31:39 PM,KXATPCHALLENGERMATCH-26APR18FOMSUN-SUN,66,8,65,1092,64,798,63,2647,62,7624,67,2404,68,8840,69,6086,70,1290,71,800,66.5
2026-04-17 11:33:06 PM,KXATPCHALLENGERMATCH-26APR18FOMSUN-SUN,66,8,65,1092,64,798,63,2647,62,7624,67,1920,68,8840,69,6086,70,1290,71,800,66.5
2026-04-17 11:33:06 PM,KXATPCHALLENGERMATCH-26APR18FOMSUN-SUN,66,8,65,1092,64,798,63,2647,62,7624,67,1910,68,8840,69,6086,70,1290,71,800,66.5
2026-04-17 11:33:06 PM,KXATPCHALLENGERMATCH-26APR18FOMSUN-SUN,66,8,65,1092,64,798,63,2647,62,7624,67,1351,68,8840,69,6086,70,1290,71,800,66.5
2026-04-17 11:33:06 PM,KXATPCHALLENGERMATCH-26APR18FOMSUN-SUN,66,8,65,1092,64,798,63,2647,62,7624,67,1341,68,8840,69,6086,70,1290,71,800,66.5
2026-04-17 11:33:06 PM,KXATPCHALLENGERMATCH-26APR18FOMSUN-SUN,66,8,65,1092,64,798,63,2647,62,7624,67,841,68,8840,69,6086,70,1290,71,800,66.5
2026-04-17 11:33:06 PM,KXATPCHALLENGERMATCH-26APR18FOMSUN-SUN,66,8,65,1092,64,798,63,2647,62,7624,67,831,68,8840,69,6086,70,1290,71,800,66.5
2026-04-17 11:33:06 PM,KXATPCHALLENGERMATCH-26APR18FOMSUN-SUN,66,8,65,1092,64,798,63,2647,62,7624,67,643,68,8840,69,6086,70,1290,71,800,66.5
2026-04-17 11:33:06 PM,KXATPCHALLENGERMATCH-26APR18FOMSUN-SUN,66,8,65,1092,64,802,63,2647,62,7624,67,643,68,8840,69,6086,70,1290,71,800,66.5
2026-04-17 11:33:06 PM,KXATPCHALLENGERMATCH-26APR18FOMSUN-SUN,66,8,65,1092,64,802,63,2647,62,7624,67,649,68,8840,69,6086,70,1290,71,800,66.5
2026-04-17 11:33:06 PM,KXATPCHALLENGERMATCH-26APR18FOMSUN-SUN,66,8,65,1092,64,802,63,2647,62,7624,67,1200,68,8840,69,6086,70,1290,71,800,66.5
2026-04-17 11:33:06 PM,KXATPCHALLENGERMATCH-26APR18FOMSUN-SUN,66,8,65,1092,64,802,63,2647,62,7624,67,2024,68,8840,69,6086,70,1290,71,800,66.5
2026-04-17 11:33:06 PM,KXATPCHALLENGERMATCH-26APR18FOMSUN-SUN,66,8,65,1100,64,802,63,2647,62,7624,67,2024,68,8840,69,6086,70,1290,71,800,66.5
2026-04-17 11:33:06 PM,KXATPCHALLENGERMATCH-26APR18FOMSUN-SUN,66,8,65,1100,64,802,63,2647,62,7624,67,2030,68,8840,69,6086,70,1290,71,800,66.5
2026-04-17 11:33:06 PM,KXATPCHALLENGERMATCH-26APR18FOMSUN-SUN,66,8,65,1100,64,802,63,2638,62,7624,67,2030,68,8840,69,6086,70,1290,71,800,66.5
2026-04-17 11:33:13 PM,KXATPCHALLENGERMATCH-26APR18FOMSUN-SUN,66,8,65,1100,64,802,63,2638,62,7624,67,2184,68,8840,69,6086,70,1290,71,800,66.5
2026-04-17 11:33:14 PM,KXATPCHALLENGERMATCH-26APR18FOMSUN-SUN,66,8,65,1100,64,802,63,2638,62,7624,67,2184,68,3840,69,6086,70,1290,71,800,66.5
2026-04-17 11:33:14 PM,KXATPCHALLENGERMATCH-26APR18FOMSUN-SUN,66,8,65,1100,64,802,63,2638,62,7624,67,2184,68,3840,69,6086,70,6290,71,800,66.5
2026-04-17 11:33:36 PM,KXATPCHALLENGERMATCH-26APR18FOMSUN-SUN,66,8,65,1100,64,802,63,2638,62,7624,67,2184,68,8840,69,6086,70,6290,71,800,66.5
2026-04-17 11:33:36 PM,KXATPCHALLENGERMATCH-26APR18FOMSUN-SUN,66,8,65,1100,64,802,63,2638,62,7624,67,2184,68,8840,69,6086,70,1290,71,800,66.5
2026-04-17 11:33:44 PM,KXATPCHALLENGERMATCH-26APR18FOMSUN-SUN,66,8,65,1100,64,802,63,2638,62,2624,67,2184,68,8840,69,6086,70,1290,71,800,66.5
2026-04-17 11:33:45 PM,KXATPCHALLENGERMATCH-26APR18FOMSUN-SUN,66,8,65,1100,64,802,63,2638,62,2624,67,2329,68,8840,69,6086,70,1290,71,800,66.5
2026-04-17 11:34:22 PM,KXATPCHALLENGERMATCH-26APR18FOMSUN-SUN,66,8,65,1100,64,802,63,2638,62,2624,67,2184,68,8840,69,6086,70,1290,71,800,66.5
2026-04-17 11:34:22 PM,KXATPCHALLENGERMATCH-26APR18FOMSUN-SUN,66,8,65,1100,64,802,63,2638,62,7624,67,2184,68,8840,69,6086,70,1290,71,800,66.5
2026-04-17 11:34:51 PM,KXATPCHALLENGERMATCH-26APR18FOMSUN-SUN,66,8,65,1100,64,802,63,2638,62,2624,67,2184,68,8840,69,6086,70,1290,71,800,66.5
2026-04-17 11:34:51 PM,KXATPCHALLENGERMATCH-26APR18FOMSUN-SUN,66,8,65,1100,64,802,63,2638,62,2624,67,2180,68,8840,69,6086,70,1290,71,800,66.5
2026-04-17 11:35:07 PM,KXATPCHALLENGERMATCH-26APR18FOMSUN-SUN,66,8,65,1100,64,802,63,2638,62,7624,67,2180,68,8840,69,6086,70,1290,71,800,66.5
2026-04-17 11:35:28 PM,KXATPCHALLENGERMATCH-26APR18FOMSUN-SUN,66,8,65,1100,64,802,63,2638,62,7624,67,2180,68,9340,69,6086,70,1290,71,800,66.5
2026-04-17 11:35:37 PM,KXATPCHALLENGERMATCH-26APR18FOMSUN-SUN,66,8,65,1100,64,802,63,2638,62,7624,67,2026,68,9340,69,6086,70,1290,71,800,66.5
2026-04-17 11:35:37 PM,KXATPCHALLENGERMATCH-26APR18FOMSUN-SUN,66,8,65,1100,64,802,63,2638,62,7624,67,1674,68,9340,69,6086,70,1290,71,800,66.5
2026-04-17 11:35:38 PM,KXATPCHALLENGERMATCH-26APR18FOMSUN-SUN,66,8,65,1100,64,802,63,2638,62,7624,67,2182,68,9340,69,6086,70,1290,71,800,66.5
2026-04-17 11:35:52 PM,KXATPCHALLENGERMATCH-26APR18FOMSUN-SUN,66,8,65,1100,64,802,63,2638,62,7624,67,1907,68,9340,69,6086,70,1290,71,800,66.5
2026-04-17 11:35:52 PM,KXATPCHALLENGERMATCH-26APR18FOMSUN-SUN,66,8,65,1100,64,802,63,2638,62,7624,67,1901,68,9340,69,6086,70,1290,71,800,66.5
2026-04-17 11:35:52 PM,KXATPCHALLENGERMATCH-26APR18FOMSUN-SUN,66,8,65,1100,64,802,63,2638,62,7624,67,1350,68,9340,69,6086,70,1290,71,800,66.5
2026-04-17 11:35:52 PM,KXATPCHALLENGERMATCH-26APR18FOMSUN-SUN,66,8,65,1100,64,802,63,2638,62,7624,67,526,68,9340,69,6086,70,1290,71,800,66.5
2026-04-17 11:35:52 PM,KXATPCHALLENGERMATCH-26APR18FOMSUN-SUN,66,8,65,1100,64,802,63,2638,62,7624,67,520,68,9340,69,6086,70,1290,71,800,66.5
2026-04-17 11:35:52 PM,KXATPCHALLENGERMATCH-26APR18FOMSUN-SUN,66,8,65,1100,64,802,63,2638,62,7624,67,337,68,9340,69,6086,70,1290,71,800,66.5
2026-04-17 11:35:52 PM,KXATPCHALLENGERMATCH-26APR18FOMSUN-SUN,66,8,65,1100,64,802,63,2638,62,7624,67,341,68,9340,69,6086,70,1290,71,800,66.5
2026-04-17 11:35:52 PM,KXATPCHALLENGERMATCH-26APR18FOMSUN-SUN,66,8,65,1636,64,802,63,2638,62,7624,67,341,68,9340,69,6086,70,1290,71,800,66.5
2026-04-17 11:35:52 PM,KXATPCHALLENGERMATCH-26APR18FOMSUN-SUN,66,8,65,1636,64,802,63,2638,62,7624,67,341,68,9340,69,6665,70,1290,71,800,66.5
2026-04-17 11:35:52 PM,KXATPCHALLENGERMATCH-26APR18FOMSUN-SUN,66,8,65,1636,64,802,63,2638,62,7624,67,1140,68,9340,69,6665,70,1290,71,800,66.5
2026-04-17 11:35:52 PM,KXATPCHALLENGERMATCH-26APR18FOMSUN-SUN,66,8,65,1636,64,1921,63,2638,62,7624,67,1140,68,9340,69,6665,70,1290,71,800,66.5
2026-04-17 11:35:52 PM,KXATPCHALLENGERMATCH-26APR18FOMSUN-SUN,66,8,65,1636,64,1921,63,2638,62,6941,67,1140,68,9340,69,6665,70,1290,71,800,66.5
2026-04-17 11:35:52 PM,KXATPCHALLENGERMATCH-26APR18FOMSUN-SUN,66,8,65,1361,64,1921,63,2638,62,6941,67,1140,68,9340,69,6665,70,1290,71,800,66.5
2026-04-17 11:35:52 PM,KXATPCHALLENGERMATCH-26APR18FOMSUN-SUN,66,283,65,1361,64,1921,63,2638,62,6941,67,1140,68,9340,69,6665,70,1290,71,800,66.5
2026-04-17 11:35:52 PM,KXATPCHALLENGERMATCH-26APR18FOMSUN-SUN,66,283,65,1361,64,1921,63,2638,62,1941,67,1140,68,9340,69,6665,70,1290,71,800,66.5
2026-04-17 11:35:52 PM,KXATPCHALLENGERMATCH-26APR18FOMSUN-SUN,66,283,65,1361,64,1921,63,2638,62,1941,67,1140,68,4340,69,6665,70,1290,71,800,66.5
2026-04-17 11:35:52 PM,KXATPCHALLENGERMATCH-26APR18FOMSUN-SUN,66,283,65,1361,64,1921,63,2638,62,1941,67,1140,68,4615,69,6665,70,1290,71,800,66.5
2026-04-17 11:35:52 PM,KXATPCHALLENGERMATCH-26APR18FOMSUN-SUN,66,283,65,1365,64,1921,63,2638,62,1941,67,1140,68,4615,69,6665,70,1290,71,800,66.5
2026-04-17 11:35:52 PM,KXATPCHALLENGERMATCH-26APR18FOMSUN-SUN,66,283,65,1365,64,1921,63,2638,62,1941,67,1144,68,4615,69,6665,70,1290,71,800,66.5
2026-04-17 11:35:55 PM,KXATPCHALLENGERMATCH-26APR18FOMSUN-SUN,66,283,65,1365,64,1921,63,2638,62,1941,67,1144,68,9615,69,6665,70,1290,71,800,66.5
2026-04-17 11:36:06 PM,KXATPCHALLENGERMATCH-26APR18FOMSUN-SUN,66,283,65,1365,64,1921,63,2638,62,1941,67,1002,68,9615,69,6665,70,1290,71,800,66.5
2026-04-17 11:36:06 PM,KXATPCHALLENGERMATCH-26APR18FOMSUN-SUN,66,283,65,1365,64,1921,63,2638,62,1941,67,1002,68,4615,69,6665,70,1290,71,800,66.5
2026-04-17 11:36:06 PM,KXATPCHALLENGERMATCH-26APR18FOMSUN-SUN,66,283,65,1365,64,1921,63,2638,62,1941,67,1002,68,4615,69,6665,70,6290,71,800,66.5
2026-04-17 11:36:46 PM,KXATPCHALLENGERMATCH-26APR18FOMSUN-SUN,66,283,65,1365,64,1921,63,2638,62,1941,67,1147,68,4615,69,6665,70,6290,71,800,66.5
2026-04-17 11:37:25 PM,KXATPCHALLENGERMATCH-26APR18FOMSUN-SUN,66,283,65,1365,64,1921,63,2638,62,1941,67,1002,68,4615,69,6665,70,6290,71,800,66.5
2026-04-17 11:37:27 PM,KXATPCHALLENGERMATCH-26APR18FOMSUN-SUN,66,283,65,1365,64,1921,63,2638,62,1941,67,945,68,4615,69,6665,70,6290,71,800,66.5
2026-04-17 11:37:36 PM,KXATPCHALLENGERMATCH-26APR18FOMSUN-SUN,66,283,65,1365,64,1921,63,2638,62,1941,67,940,68,4615,69,6665,70,6290,71,800,66.5
2026-04-17 11:37:44 PM,KXATPCHALLENGERMATCH-26APR18FOMSUN-SUN,66,283,65,1365,64,1921,63,2638,62,1941,67,940,68,4615,69,1665,70,6290,71,800,66.5
2026-04-17 11:37:44 PM,KXATPCHALLENGERMATCH-26APR18FOMSUN-SUN,66,283,65,1365,64,1921,63,2638,62,1941,67,940,68,4615,69,1665,70,1290,71,800,66.5
2026-04-17 11:37:56 PM,KXATPCHALLENGERMATCH-26APR18FOMSUN-SUN,66,283,65,1365,64,1921,63,2638,62,1941,67,869,68,4615,69,1665,70,1290,71,800,66.5
2026-04-17 11:37:56 PM,KXATPCHALLENGERMATCH-26APR18FOMSUN-SUN,66,318,65,1365,64,1921,63,2638,62,1941,67,869,68,4615,69,1665,70,1290,71,800,66.5
2026-04-17 11:37:56 PM,KXATPCHALLENGERMATCH-26APR18FOMSUN-SUN,66,318,65,1365,64,1921,63,2638,62,1941,67,928,68,4615,69,1665,70,1290,71,800,66.5
2026-04-17 11:38:05 PM,KXATPCHALLENGERMATCH-26APR18FOMSUN-SUN,66,318,65,1365,64,1921,63,2638,62,1941,67,976,68,4615,69,1665,70,1290,71,800,66.5
2026-04-17 11:38:05 PM,KXATPCHALLENGERMATCH-26APR18FOMSUN-SUN,66,283,65,1365,64,1921,63,2638,62,1941,67,976,68,4615,69,1665,70,1290,71,800,66.5
2026-04-17 11:38:37 PM,KXATPCHALLENGERMATCH-26APR18FOMSUN-SUN,66,283,65,1365,64,1921,63,2638,62,1941,67,976,68,4615,69,6665,70,1290,71,800,66.5
2026-04-17 11:38:37 PM,KXATPCHALLENGERMATCH-26APR18FOMSUN-SUN,66,283,65,1365,64,1921,63,2638,62,1941,67,976,68,4615,69,6665,70,6290,71,800,66.5
2026-04-17 11:38:45 PM,KXATPCHALLENGERMATCH-26APR18FOMSUN-SUN,66,283,65,1365,64,1921,63,2638,62,1941,67,976,68,4615,69,1665,70,6290,71,800,66.5
2026-04-17 11:38:45 PM,KXATPCHALLENGERMATCH-26APR18FOMSUN-SUN,66,283,65,1365,64,1921,63,2638,62,1941,67,976,68,4615,69,1665,70,1290,71,800,66.5
2026-04-17 11:38:45 PM,KXATPCHALLENGERMATCH-26APR18FOMSUN-SUN,66,283,65,1365,64,1921,63,2638,62,1941,67,1011,68,4615,69,1665,70,1290,71,800,66.5
2026-04-17 11:38:58 PM,KXATPCHALLENGERMATCH-26APR18FOMSUN-SUN,66,283,65,1365,64,1921,63,2638,62,1941,67,1011,68,4615,69,6665,70,1290,71,800,66.5
2026-04-17 11:38:58 PM,KXATPCHALLENGERMATCH-26APR18FOMSUN-SUN,66,283,65,1365,64,1921,63,2638,62,1941,67,1011,68,4615,69,6665,70,6290,71,800,66.5
2026-04-17 11:39:07 PM,KXATPCHALLENGERMATCH-26APR18FOMSUN-SUN,66,283,65,1365,64,1921,63,2638,62,1941,67,1011,68,4615,69,1665,70,6290,71,800,66.5
2026-04-17 11:39:07 PM,KXATPCHALLENGERMATCH-26APR18FOMSUN-SUN,66,283,65,1365,64,1921,63,2638,62,1941,67,1011,68,4615,69,1665,70,1290,71,800,66.5
2026-04-17 11:39:27 PM,KXATPCHALLENGERMATCH-26APR18FOMSUN-SUN,66,283,65,1365,64,1921,63,2638,62,1941,67,1011,68,4615,69,6665,70,1290,71,800,66.5
2026-04-17 11:39:27 PM,KXATPCHALLENGERMATCH-26APR18FOMSUN-SUN,66,283,65,1365,64,1921,63,2638,62,1941,67,1011,68,4615,69,6665,70,6290,71,800,66.5
2026-04-17 11:39:45 PM,KXATPCHALLENGERMATCH-26APR18FOMSUN-SUN,66,283,65,1365,64,1921,63,2638,62,1941,67,1011,68,4615,69,1665,70,6290,71,800,66.5
2026-04-17 11:39:45 PM,KXATPCHALLENGERMATCH-26APR18FOMSUN-SUN,66,283,65,1365,64,1921,63,2638,62,1941,67,1011,68,4615,69,1665,70,1290,71,800,66.5
2026-04-17 11:40:19 PM,KXATPCHALLENGERMATCH-26APR18FOMSUN-SUN,66,283,65,1365,64,1921,63,2638,62,1941,67,1011,68,9615,69,1665,70,1290,71,800,66.5
2026-04-17 11:40:19 PM,KXATPCHALLENGERMATCH-26APR18FOMSUN-SUN,66,283,65,1365,64,1921,63,2638,62,1941,67,1011,68,9615,69,6665,70,1290,71,800,66.5
2026-04-17 11:40:41 PM,KXATPCHALLENGERMATCH-26APR18FOMSUN-SUN,66,283,65,1365,64,1921,63,2638,62,1941,67,974,68,9615,69,6665,70,1290,71,800,66.5
2026-04-17 11:40:41 PM,KXATPCHALLENGERMATCH-26APR18FOMSUN-SUN,66,283,65,1365,64,1921,63,2638,62,1941,67,939,68,9615,69,6665,70,1290,71,800,66.5
2026-04-17 11:41:11 PM,KXATPCHALLENGERMATCH-26APR18FOMSUN-SUN,66,283,65,1365,64,1921,63,2638,62,1941,67,928,68,9615,69,6665,70,1290,71,800,66.5
2026-04-17 11:41:11 PM,KXATPCHALLENGERMATCH-26APR18FOMSUN-SUN,66,283,65,1365,64,1921,63,2638,62,1941,67,924,68,9615,69,6665,70,1290,71,800,66.5
2026-04-17 11:41:11 PM,KXATPCHALLENGERMATCH-26APR18FOMSUN-SUN,66,283,65,1365,64,1921,63,2638,62,1941,67,655,68,9615,69,6665,70,1290,71,800,66.5
2026-04-17 11:41:11 PM,KXATPCHALLENGERMATCH-26APR18FOMSUN-SUN,66,283,65,1365,64,1921,63,2638,62,1941,67,651,68,9615,69,6665,70,1290,71,800,66.5
2026-04-17 11:41:11 PM,KXATPCHALLENGERMATCH-26APR18FOMSUN-SUN,66,283,65,1365,64,1921,63,2638,62,1941,67,651,68,9621,69,6665,70,1290,71,800,66.5
2026-04-17 11:41:11 PM,KXATPCHALLENGERMATCH-26APR18FOMSUN-SUN,66,283,65,1365,64,1921,63,2638,62,1941,67,651,68,9621,69,6675,70,1290,71,800,66.5
2026-04-17 11:41:11 PM,KXATPCHALLENGERMATCH-26APR18FOMSUN-SUN,66,283,65,1365,64,1921,63,2638,62,1941,67,651,68,9656,69,6675,70,1290,71,800,66.5
2026-04-17 11:41:12 PM,KXATPCHALLENGERMATCH-26APR18FOMSUN-SUN,66,283,65,1365,64,1921,63,2638,62,1941,67,651,68,4656,69,6675,70,1290,71,800,66.5
2026-04-17 11:41:12 PM,KXATPCHALLENGERMATCH-26APR18FOMSUN-SUN,66,283,65,1365,64,1921,63,2638,62,1941,67,651,68,4656,69,6675,70,6290,71,800,66.5
2026-04-17 11:41:12 PM,KXATPCHALLENGERMATCH-26APR18FOMSUN-SUN,66,283,65,1365,64,1921,63,2094,62,1941,67,651,68,4656,69,6675,70,6290,71,800,66.5
2026-04-17 11:41:12 PM,KXATPCHALLENGERMATCH-26APR18FOMSUN-SUN,66,283,65,1365,64,1921,63,2094,62,1941,67,651,68,4656,69,6675,70,1290,71,800,66.5
2026-04-17 11:41:12 PM,KXATPCHALLENGERMATCH-26APR18FOMSUN-SUN,66,283,65,1365,64,1921,63,2094,62,1941,67,651,68,4621,69,6675,70,1290,71,800,66.5
2026-04-17 11:41:12 PM,KXATPCHALLENGERMATCH-26APR18FOMSUN-SUN,66,283,65,1365,64,1921,63,2646,62,1941,67,651,68,4621,69,6675,70,1290,71,800,66.5
2026-04-17 11:41:32 PM,KXATPCHALLENGERMATCH-26APR18FOMSUN-SUN,66,283,65,1365,64,1921,63,2646,62,1941,67,651,68,4621,69,1675,70,1290,71,800,66.5
2026-04-17 11:41:40 PM,KXATPCHALLENGERMATCH-26APR18FOMSUN-SUN,66,283,65,1365,64,1921,63,2646,62,1941,67,796,68,4621,69,1675,70,1290,71,800,66.5
2026-04-17 11:42:36 PM,KXATPCHALLENGERMATCH-26APR18FOMSUN-SUN,66,283,65,1365,64,1921,63,2646,62,1941,67,1296,68,4621,69,1675,70,1290,71,800,66.5
2026-04-17 11:42:41 PM,KXATPCHALLENGERMATCH-26APR18FOMSUN-SUN,66,283,65,1365,64,1921,63,2646,62,1941,67,1289,68,4621,69,1675,70,1290,71,800,66.5
2026-04-17 11:42:50 PM,KXATPCHALLENGERMATCH-26APR18FOMSUN-SUN,66,283,65,1365,64,1921,63,2646,62,1941,67,1289,68,4621,69,6675,70,1290,71,800,66.5
2026-04-17 11:42:50 PM,KXATPCHALLENGERMATCH-26APR18FOMSUN-SUN,66,283,65,1365,64,1921,63,2646,62,1941,67,1289,68,4621,69,6675,70,6290,71,800,66.5
2026-04-17 11:43:04 PM,KXATPCHALLENGERMATCH-26APR18FOMSUN-SUN,66,283,65,1365,64,1921,63,2646,62,1941,67,1289,68,4621,69,1675,70,6290,71,800,66.5
2026-04-17 11:43:04 PM,KXATPCHALLENGERMATCH-26APR18FOMSUN-SUN,66,283,65,1365,64,1921,63,2646,62,1941,67,1289,68,4621,69,1675,70,1290,71,800,66.5
2026-04-17 11:44:00 PM,KXATPCHALLENGERMATCH-26APR18FOMSUN-SUN,66,283,65,1365,64,1921,63,2646,62,1941,67,1144,68,4621,69,1675,70,1290,71,800,66.5
2026-04-17 11:44:14 PM,KXATPCHALLENGERMATCH-26APR18FOMSUN-SUN,66,283,65,1365,64,1921,63,2646,62,1941,67,1104,68,4621,69,1675,70,1290,71,800,66.5
2026-04-17 11:44:15 PM,KXATPCHALLENGERMATCH-26APR18FOMSUN-SUN,66,283,65,1365,64,1921,63,2646,62,1941,67,1002,68,4621,69,1675,70,1290,71,800,66.5
2026-04-17 11:44:44 PM,KXATPCHALLENGERMATCH-26APR18FOMSUN-SUN,66,283,65,1365,64,1921,63,2646,62,1941,67,1147,68,4621,69,1675,70,1290,71,800,66.5
2026-04-17 11:45:04 PM,KXATPCHALLENGERMATCH-26APR18FOMSUN-SUN,66,283,65,1365,64,1921,63,2646,62,1941,67,1002,68,4621,69,1675,70,1290,71,800,66.5
2026-04-17 11:45:46 PM,KXATPCHALLENGERMATCH-26APR18FOMSUN-SUN,66,283,65,1365,64,1921,63,2646,62,1941,67,1002,68,5138,69,1675,70,1290,71,800,66.5
2026-04-17 11:46:08 PM,KXATPCHALLENGERMATCH-26APR18FOMSUN-SUN,66,283,65,1365,64,1921,63,2646,62,1941,67,1096,68,5138,69,1675,70,1290,71,800,66.5
2026-04-17 11:46:16 PM,KXATPCHALLENGERMATCH-26APR18FOMSUN-SUN,66,283,65,1365,64,1921,63,2646,62,1941,67,1247,68,5138,69,1675,70,1290,71,800,66.5
2026-04-17 11:48:11 PM,KXATPCHALLENGERMATCH-26APR18FOMSUN-SUN,66,283,65,1365,64,1921,63,2646,62,1941,67,1189,68,5138,69,1675,70,1290,71,800,66.5
2026-04-17 11:48:47 PM,KXATPCHALLENGERMATCH-26APR18FOMSUN-SUN,66,283,65,1365,64,1921,63,2646,62,1941,67,1175,68,5138,69,1675,70,1290,71,800,66.5
2026-04-17 11:49:19 PM,KXATPCHALLENGERMATCH-26APR18FOMSUN-SUN,66,283,65,1365,64,1921,63,2646,62,1941,67,1131,68,5138,69,1675,70,1290,71,800,66.5
2026-04-17 11:49:39 PM,KXATPCHALLENGERMATCH-26APR18FOMSUN-SUN,66,283,65,1365,64,1921,63,2646,62,1941,67,1130,68,5138,69,1675,70,1290,71,800,66.5
2026-04-17 11:49:48 PM,KXATPCHALLENGERMATCH-26APR18FOMSUN-SUN,66,283,65,1365,64,1921,63,2646,62,1941,67,999,68,5138,69,1675,70,1290,71,800,66.5
2026-04-17 11:49:48 PM,KXATPCHALLENGERMATCH-26APR18FOMSUN-SUN,66,283,65,1365,64,2478,63,2646,62,1941,67,999,68,5138,69,1675,70,1290,71,800,66.5
2026-04-17 11:49:49 PM,KXATPCHALLENGERMATCH-26APR18FOMSUN-SUN,66,283,65,1365,64,2478,63,2094,62,1941,67,999,68,5138,69,1675,70,1290,71,800,66.5
2026-04-17 11:49:49 PM,KXATPCHALLENGERMATCH-26APR18FOMSUN-SUN,66,283,65,1365,64,1921,63,2094,62,1941,67,999,68,5138,69,1675,70,1290,71,800,66.5
2026-04-17 11:50:43 PM,KXATPCHALLENGERMATCH-26APR18FOMSUN-SUN,66,283,65,1365,64,1921,63,2651,62,1941,67,999,68,5138,69,1675,70,1290,71,800,66.5
2026-04-17 11:50:43 PM,KXATPCHALLENGERMATCH-26APR18FOMSUN-SUN,66,283,65,1365,64,1921,63,2651,62,1941,67,999,68,5138,69,6675,70,1290,71,800,66.5
2026-04-17 11:50:43 PM,KXATPCHALLENGERMATCH-26APR18FOMSUN-SUN,66,283,65,1365,64,1921,63,2651,62,1941,67,999,68,5138,69,6675,70,6290,71,800,66.5
2026-04-17 11:50:57 PM,KXATPCHALLENGERMATCH-26APR18FOMSUN-SUN,66,283,65,1365,64,2478,63,2651,62,1941,67,999,68,5138,69,6675,70,6290,71,800,66.5
2026-04-17 11:50:57 PM,KXATPCHALLENGERMATCH-26APR18FOMSUN-SUN,66,283,65,1365,64,2478,63,2094,62,1941,67,999,68,5138,69,6675,70,6290,71,800,66.5
2026-04-17 11:50:58 PM,KXATPCHALLENGERMATCH-26APR18FOMSUN-SUN,66,283,65,1365,64,1921,63,2094,62,1941,67,999,68,5138,69,6675,70,6290,71,800,66.5
2026-04-17 11:51:01 PM,KXATPCHALLENGERMATCH-26APR18FOMSUN-SUN,66,283,65,1365,64,1921,63,2094,62,1941,67,999,68,5138,69,1675,70,6290,71,800,66.5
2026-04-17 11:51:01 PM,KXATPCHALLENGERMATCH-26APR18FOMSUN-SUN,66,283,65,1365,64,1921,63,2094,62,1941,67,999,68,5138,69,1675,70,1290,71,800,66.5
2026-04-17 11:51:22 PM,KXATPCHALLENGERMATCH-26APR18FOMSUN-SUN,66,283,65,1365,64,1921,63,2651,62,1941,67,999,68,5138,69,1675,70,1290,71,800,66.5
2026-04-17 11:52:59 PM,KXATPCHALLENGERMATCH-26APR18FOMSUN-SUN,66,283,65,1365,64,1921,63,2651,62,1941,67,868,68,5138,69,1675,70,1290,71,800,66.5
2026-04-17 11:52:59 PM,KXATPCHALLENGERMATCH-26APR18FOMSUN-SUN,66,283,65,1365,64,1921,63,2651,62,1941,67,809,68,5138,69,1675,70,1290,71,800,66.5
2026-04-17 11:52:59 PM,KXATPCHALLENGERMATCH-26APR18FOMSUN-SUN,66,283,65,1365,64,1921,63,2651,62,1941,67,782,68,5138,69,1675,70,1290,71,800,66.5
2026-04-17 11:52:59 PM,KXATPCHALLENGERMATCH-26APR18FOMSUN-SUN,66,283,65,1365,64,1921,63,2651,62,1941,67,1628,68,5138,69,1675,70,1290,71,800,66.5
2026-04-17 11:53:03 PM,KXATPCHALLENGERMATCH-26APR18FOMSUN-SUN,66,283,65,1365,64,1921,63,2651,62,1941,67,21628,68,5138,69,1675,70,1290,71,800,66.5
2026-04-17 11:54:13 PM,KXATPCHALLENGERMATCH-26APR18FOMSUN-SUN,66,283,65,1365,64,1921,63,2651,62,1941,67,21618,68,5138,69,1675,70,1290,71,800,66.5
2026-04-17 11:54:31 PM,KXATPCHALLENGERMATCH-26APR18FOMSUN-SUN,66,283,65,1365,64,1921,63,2651,62,1941,67,21607,68,5138,69,1675,70,1290,71,800,66.5
2026-04-17 11:54:31 PM,KXATPCHALLENGERMATCH-26APR18FOMSUN-SUN,66,283,65,1365,64,1921,63,2651,62,1941,67,21521,68,5138,69,1675,70,1290,71,800,66.5
2026-04-17 11:54:43 PM,KXATPCHALLENGERMATCH-26APR18FOMSUN-SUN,66,283,65,1365,64,1921,63,2651,62,1941,67,21481,68,5138,69,1675,70,1290,71,800,66.5
2026-04-18 12:00:18 AM,KXATPCHALLENGERMATCH-26APR18FOMSUN-SUN,66,283,65,1365,64,2486,63,2651,62,1941,67,21481,68,5138,69,1675,70,1290,71,800,66.5
2026-04-18 12:00:19 AM,KXATPCHALLENGERMATCH-26APR18FOMSUN-SUN,66,283,65,1365,64,2486,63,2651,62,1941,67,21481,68,10138,69,1675,70,1290,71,800,66.5
2026-04-18 12:00:19 AM,KXATPCHALLENGERMATCH-26APR18FOMSUN-SUN,66,283,65,1365,64,2486,63,2651,62,1941,67,21481,68,10138,69,6675,70,1290,71,800,66.5
2026-04-18 12:00:19 AM,KXATPCHALLENGERMATCH-26APR18FOMSUN-SUN,66,283,65,1365,64,2486,63,2094,62,1941,67,21481,68,10138,69,6675,70,1290,71,800,66.5
2026-04-18 12:00:21 AM,KXATPCHALLENGERMATCH-26APR18FOMSUN-SUN,66,283,65,1365,64,2486,63,2094,62,1941,67,21481,68,5138,69,6675,70,1290,71,800,66.5
2026-04-18 12:00:21 AM,KXATPCHALLENGERMATCH-26APR18FOMSUN-SUN,66,283,65,1365,64,2486,63,2094,62,1941,67,21481,68,5138,69,1675,70,1290,71,800,66.5
2026-04-18 12:00:21 AM,KXATPCHALLENGERMATCH-26APR18FOMSUN-SUN,66,283,65,1365,64,1921,63,2094,62,1941,67,21481,68,5138,69,1675,70,1290,71,800,66.5
2026-04-18 12:00:27 AM,KXATPCHALLENGERMATCH-26APR18FOMSUN-SUN,66,283,65,1365,64,1921,63,2659,62,1941,67,21481,68,5138,69,1675,70,1290,71,800,66.5
2026-04-18 12:03:07 AM,KXATPCHALLENGERMATCH-26APR18FOMSUN-SUN,66,283,65,1365,64,1921,63,2659,62,1941,67,21445,68,5138,69,1675,70,1290,71,800,66.5
2026-04-18 12:05:09 AM,KXATPCHALLENGERMATCH-26APR18FOMSUN-SUN,66,283,65,1365,64,1921,63,2659,62,1941,67,21444,68,5138,69,1675,70,1290,71,800,66.5
2026-04-18 12:05:15 AM,KXATPCHALLENGERMATCH-26APR18FOMSUN-SUN,66,283,65,1365,64,1921,63,2659,62,1941,67,21437,68,5138,69,1675,70,1290,71,800,66.5
2026-04-18 12:05:21 AM,KXATPCHALLENGERMATCH-26APR18FOMSUN-SUN,66,283,65,1365,64,1921,63,2659,62,1941,67,21423,68,5138,69,1675,70,1290,71,800,66.5
2026-04-18 12:05:35 AM,KXATPCHALLENGERMATCH-26APR18FOMSUN-SUN,66,283,65,1365,64,1921,63,2659,62,1941,67,21423,68,10138,69,1675,70,1290,71,800,66.5
2026-04-18 12:05:35 AM,KXATPCHALLENGERMATCH-26APR18FOMSUN-SUN,66,283,65,1365,64,1921,63,2659,62,1941,67,21423,68,10138,69,6675,70,1290,71,800,66.5
2026-04-18 12:05:39 AM,KXATPCHALLENGERMATCH-26APR18FOMSUN-SUN,66,283,65,1365,64,1921,63,2659,62,1941,67,21423,68,5138,69,6675,70,1290,71,800,66.5
2026-04-18 12:05:39 AM,KXATPCHALLENGERMATCH-26APR18FOMSUN-SUN,66,283,65,1365,64,1921,63,2659,62,1941,67,21423,68,5138,69,6675,70,6290,71,800,66.5
2026-04-18 12:05:44 AM,KXATPCHALLENGERMATCH-26APR18FOMSUN-SUN,66,283,65,1365,64,2497,63,2659,62,1941,67,21423,68,5138,69,6675,70,6290,71,800,66.5
2026-04-18 12:05:44 AM,KXATPCHALLENGERMATCH-26APR18FOMSUN-SUN,66,283,65,1365,64,2497,63,2659,62,1941,67,21423,68,5138,69,1675,70,6290,71,800,66.5
2026-04-18 12:05:44 AM,KXATPCHALLENGERMATCH-26APR18FOMSUN-SUN,66,283,65,1365,64,2497,63,2659,62,1941,67,21423,68,5138,69,1675,70,1290,71,800,66.5
2026-04-18 12:05:44 AM,KXATPCHALLENGERMATCH-26APR18FOMSUN-SUN,66,283,65,1365,64,2497,63,2094,62,1941,67,21423,68,5138,69,1675,70,1290,71,800,66.5
2026-04-18 12:05:49 AM,KXATPCHALLENGERMATCH-26APR18FOMSUN-SUN,66,283,65,1365,64,1921,63,2094,62,1941,67,21423,68,5138,69,1675,70,1290,71,800,66.5
2026-04-18 12:05:55 AM,KXATPCHALLENGERMATCH-26APR18FOMSUN-SUN,66,283,65,1365,64,1921,63,2670,62,1941,67,21423,68,5138,69,1675,70,1290,71,800,66.5
2026-04-18 12:06:13 AM,KXATPCHALLENGERMATCH-26APR18FOMSUN-SUN,66,283,65,1365,64,1921,63,2094,62,1941,67,21423,68,5138,69,1675,70,1290,71,800,66.5
2026-04-18 12:06:13 AM,KXATPCHALLENGERMATCH-26APR18FOMSUN-SUN,66,283,65,1365,64,1921,63,2670,62,1941,67,21423,68,5138,69,1675,70,1290,71,800,66.5
2026-04-18 12:06:13 AM,KXATPCHALLENGERMATCH-26APR18FOMSUN-SUN,66,283,65,1365,64,1917,63,2670,62,1941,67,21423,68,5138,69,1675,70,1290,71,800,66.5
2026-04-18 12:06:13 AM,KXATPCHALLENGERMATCH-26APR18FOMSUN-SUN,66,283,65,1365,64,1907,63,2670,62,1941,67,21423,68,5138,69,1675,70,1290,71,800,66.5
2026-04-18 12:06:13 AM,KXATPCHALLENGERMATCH-26APR18FOMSUN-SUN,66,283,65,1365,64,1907,63,2670,62,1941,67,21423,68,5138,69,1665,70,1290,71,800,66.5
2026-04-18 12:06:13 AM,KXATPCHALLENGERMATCH-26APR18FOMSUN-SUN,66,283,65,1365,64,1907,63,2670,62,1941,67,21423,68,5132,69,1665,70,1290,71,800,66.5
2026-04-18 12:06:13 AM,KXATPCHALLENGERMATCH-26APR18FOMSUN-SUN,66,283,65,1365,64,1907,63,2670,62,1941,67,21423,68,5121,69,1665,70,1290,71,800,66.5
2026-04-18 12:06:37 AM,KXATPCHALLENGERMATCH-26APR18FOMSUN-SUN,66,283,65,1365,64,1907,63,2670,62,1941,67,21423,68,10121,69,1665,70,1290,71,800,66.5
2026-04-18 12:06:37 AM,KXATPCHALLENGERMATCH-26APR18FOMSUN-SUN,66,283,65,1365,64,1907,63,2670,62,1941,67,21423,68,10121,69,6665,70,1290,71,800,66.5
2026-04-18 12:06:37 AM,KXATPCHALLENGERMATCH-26APR18FOMSUN-SUN,66,308,65,1365,64,1907,63,2670,62,1941,67,21423,68,10121,69,6665,70,1290,71,800,66.5
2026-04-18 12:06:37 AM,KXATPCHALLENGERMATCH-26APR18FOMSUN-SUN,66,308,65,1365,64,1907,63,2670,62,1941,67,21423,68,10121,69,6665,70,1297,71,800,66.5
2026-04-18 12:06:37 AM,KXATPCHALLENGERMATCH-26APR18FOMSUN-SUN,66,308,65,1365,64,1907,63,2670,62,1941,67,21423,68,10121,69,6665,70,1297,71,811,66.5
2026-04-18 12:07:11 AM,KXATPCHALLENGERMATCH-26APR18FOMSUN-SUN,66,308,65,1365,64,1907,63,2670,62,1941,67,21419,68,10121,69,6665,70,1297,71,811,66.5
2026-04-18 12:07:11 AM,KXATPCHALLENGERMATCH-26APR18FOMSUN-SUN,66,308,65,1365,64,1907,63,2670,62,1941,67,21419,68,5121,69,6665,70,1297,71,811,66.5
2026-04-18 12:07:11 AM,KXATPCHALLENGERMATCH-26APR18FOMSUN-SUN,66,308,65,1365,64,1907,63,2670,62,1941,67,21419,68,5121,69,6665,70,6297,71,811,66.5
2026-04-18 12:07:11 AM,KXATPCHALLENGERMATCH-26APR18FOMSUN-SUN,66,308,65,1365,64,1907,63,2670,62,1941,67,21419,68,5121,69,1665,70,6297,71,811,66.5
2026-04-18 12:07:11 AM,KXATPCHALLENGERMATCH-26APR18FOMSUN-SUN,66,308,65,1365,64,1907,63,2670,62,1941,67,21419,68,5121,69,1665,70,1297,71,811,66.5
2026-04-18 12:07:13 AM,KXATPCHALLENGERMATCH-26APR18FOMSUN-SUN,66,283,65,1365,64,1907,63,2670,62,1941,67,21419,68,5121,69,1665,70,1297,71,811,66.5
2026-04-18 12:07:13 AM,KXATPCHALLENGERMATCH-26APR18FOMSUN-SUN,66,283,65,1365,64,1907,63,2670,62,1941,67,21419,68,5121,69,1665,70,1290,71,811,66.5
2026-04-18 12:07:13 AM,KXATPCHALLENGERMATCH-26APR18FOMSUN-SUN,66,283,65,1365,64,1907,63,2670,62,1941,67,21419,68,5121,69,1665,70,1290,71,800,66.5
2026-04-18 12:07:13 AM,KXATPCHALLENGERMATCH-26APR18FOMSUN-SUN,66,283,65,1365,64,1918,63,2670,62,1941,67,21419,68,5121,69,1665,70,1290,71,800,66.5
2026-04-18 12:07:13 AM,KXATPCHALLENGERMATCH-26APR18FOMSUN-SUN,66,283,65,1365,64,1918,63,2670,62,1941,67,21419,68,5138,69,1665,70,1290,71,800,66.5
2026-04-18 12:07:13 AM,KXATPCHALLENGERMATCH-26APR18FOMSUN-SUN,66,283,65,1365,64,1918,63,2670,62,1941,67,21419,68,5138,69,1675,70,1290,71,800,66.5
2026-04-18 12:07:23 AM,KXATPCHALLENGERMATCH-26APR18FOMSUN-SUN,66,283,65,1365,64,1918,63,2670,62,1941,67,21369,68,5138,69,1675,70,1290,71,800,66.5
2026-04-18 12:07:31 AM,KXATPCHALLENGERMATCH-26APR18FOMSUN-SUN,66,283,65,1365,64,2494,63,2670,62,1941,67,21369,68,5138,69,1675,70,1290,71,800,66.5
2026-04-18 12:07:31 AM,KXATPCHALLENGERMATCH-26APR18FOMSUN-SUN,66,283,65,1365,64,2494,63,2670,62,1941,67,21369,68,5138,69,6675,70,1290,71,800,66.5
2026-04-18 12:07:31 AM,KXATPCHALLENGERMATCH-26APR18FOMSUN-SUN,66,283,65,1365,64,2494,63,2670,62,1941,67,21369,68,5138,69,6675,70,6290,71,800,66.5
2026-04-18 12:07:31 AM,KXATPCHALLENGERMATCH-26APR18FOMSUN-SUN,66,283,65,1365,64,2494,63,2094,62,1941,67,21369,68,5138,69,6675,70,6290,71,800,66.5
2026-04-18 12:07:31 AM,KXATPCHALLENGERMATCH-26APR18FOMSUN-SUN,66,283,65,1365,64,1918,63,2094,62,1941,67,21369,68,5138,69,6675,70,6290,71,800,66.5
2026-04-18 12:07:31 AM,KXATPCHALLENGERMATCH-26APR18FOMSUN-SUN,66,283,65,1365,64,1918,63,2094,62,1941,67,21369,68,5138,69,1675,70,6290,71,800,66.5
2026-04-18 12:07:31 AM,KXATPCHALLENGERMATCH-26APR18FOMSUN-SUN,66,283,65,1365,64,1918,63,2094,62,1941,67,21369,68,5138,69,1675,70,1290,71,800,66.5
2026-04-18 12:07:44 AM,KXATPCHALLENGERMATCH-26APR18FOMSUN-SUN,66,283,65,1365,64,1918,63,2671,62,1941,67,21369,68,5138,69,1675,70,1290,71,800,66.5
2026-04-18 12:08:02 AM,KXATPCHALLENGERMATCH-26APR18FOMSUN-SUN,66,283,65,1365,64,1918,63,2671,62,1141,67,21369,68,5138,69,1675,70,1290,71,800,66.5
2026-04-18 12:08:02 AM,KXATPCHALLENGERMATCH-26APR18FOMSUN-SUN,66,283,65,1365,64,1918,63,1871,62,1141,67,21369,68,5138,69,1675,70,1290,71,800,66.5
2026-04-18 12:08:02 AM,KXATPCHALLENGERMATCH-26APR18FOMSUN-SUN,66,283,65,565,64,1918,63,1871,62,1141,67,21369,68,5138,69,1675,70,1290,71,800,66.5
2026-04-18 12:08:02 AM,KXATPCHALLENGERMATCH-26APR18FOMSUN-SUN,66,283,65,565,64,1918,63,1871,62,1141,67,21369,68,4338,69,1675,70,1290,71,800,66.5
2026-04-18 12:08:02 AM,KXATPCHALLENGERMATCH-26APR18FOMSUN-SUN,66,283,65,565,64,1918,63,1871,62,1141,67,21369,68,4338,69,1675,70,1290,72,800,66.5
2026-04-18 12:08:02 AM,KXATPCHALLENGERMATCH-26APR18FOMSUN-SUN,66,283,65,565,64,1918,63,1871,62,1141,67,21369,68,4338,69,1675,70,490,72,800,66.5
2026-04-18 12:08:03 AM,KXATPCHALLENGERMATCH-26APR18FOMSUN-SUN,66,283,65,565,64,1918,63,1871,62,1941,67,21369,68,4338,69,1675,70,490,72,800,66.5
2026-04-18 12:08:03 AM,KXATPCHALLENGERMATCH-26APR18FOMSUN-SUN,66,283,65,565,64,2718,63,1871,62,1941,67,21369,68,4338,69,1675,70,490,72,800,66.5
2026-04-18 12:08:03 AM,KXATPCHALLENGERMATCH-26APR18FOMSUN-SUN,66,283,65,565,64,2718,63,1871,62,1941,67,22169,68,4338,69,1675,70,490,72,800,66.5
2026-04-18 12:08:03 AM,KXATPCHALLENGERMATCH-26APR18FOMSUN-SUN,66,283,65,565,64,2718,63,1871,62,1941,67,22169,68,4338,69,1675,70,1290,72,800,66.5
2026-04-18 12:08:03 AM,KXATPCHALLENGERMATCH-26APR18FOMSUN-SUN,66,283,65,565,64,2718,63,1871,62,1941,67,22169,68,4338,69,2475,70,1290,72,800,66.5
2026-04-18 12:08:12 AM,KXATPCHALLENGERMATCH-26APR18FOMSUN-SUN,66,283,65,565,64,2718,63,1871,62,6941,67,22169,68,4338,69,2475,70,1290,72,800,66.5
2026-04-18 12:08:12 AM,KXATPCHALLENGERMATCH-26APR18FOMSUN-SUN,66,283,65,565,64,2718,63,1871,62,6941,67,22169,68,4338,69,7475,70,1290,72,800,66.5
2026-04-18 12:08:12 AM,KXATPCHALLENGERMATCH-26APR18FOMSUN-SUN,66,283,65,565,64,2718,63,1871,62,6941,67,22169,68,4338,69,7475,70,6290,72,800,66.5
2026-04-18 12:08:34 AM,KXATPCHALLENGERMATCH-26APR18FOMSUN-SUN,66,283,65,565,64,2718,63,1871,62,1941,67,22169,68,4338,69,7475,70,6290,72,800,66.5
2026-04-18 12:08:34 AM,KXATPCHALLENGERMATCH-26APR18FOMSUN-SUN,66,283,65,565,64,2718,63,1871,62,1941,67,22169,68,4338,69,2475,70,6290,72,800,66.5
2026-04-18 12:08:34 AM,KXATPCHALLENGERMATCH-26APR18FOMSUN-SUN,66,283,65,565,64,2718,63,1871,62,1941,67,22169,68,4338,69,2475,70,1290,72,800,66.5
2026-04-18 12:09:08 AM,KXATPCHALLENGERMATCH-26APR18FOMSUN-SUN,66,283,65,565,64,2718,63,1871,62,6941,67,22169,68,4338,69,2475,70,1290,72,800,66.5
2026-04-18 12:09:08 AM,KXATPCHALLENGERMATCH-26APR18FOMSUN-SUN,66,283,65,565,64,2718,63,1871,62,6941,67,22169,68,4338,69,7475,70,1290,72,800,66.5
2026-04-18 12:09:08 AM,KXATPCHALLENGERMATCH-26APR18FOMSUN-SUN,66,283,65,565,64,2718,63,1871,62,6941,67,22169,68,4338,69,7475,70,6290,72,800,66.5
2026-04-18 12:09:56 AM,KXATPCHALLENGERMATCH-26APR18FOMSUN-SUN,66,283,65,565,64,2718,63,1871,62,6941,67,22174,68,4338,69,7475,70,6290,72,800,66.5
2026-04-18 12:10:00 AM,KXATPCHALLENGERMATCH-26APR18FOMSUN-SUN,66,283,65,565,64,2718,63,1871,62,6941,67,22174,68,4337,69,7475,70,6290,72,800,66.5
2026-04-18 12:10:00 AM,KXATPCHALLENGERMATCH-26APR18FOMSUN-SUN,66,283,65,565,64,2718,63,1714,62,6941,67,22174,68,4337,69,7475,70,6290,72,800,66.5
2026-04-18 12:10:00 AM,KXATPCHALLENGERMATCH-26APR18FOMSUN-SUN,66,283,65,565,64,2718,63,1704,62,6941,67,22174,68,4337,69,7475,70,6290,72,800,66.5
2026-04-18 12:10:00 AM,KXATPCHALLENGERMATCH-26APR18FOMSUN-SUN,66,283,65,565,64,2718,63,1704,62,6941,67,22174,68,4337,69,7335,70,6290,72,800,66.5
2026-04-18 12:10:00 AM,KXATPCHALLENGERMATCH-26APR18FOMSUN-SUN,66,283,65,565,64,2718,63,1704,62,6781,67,22174,68,4337,69,7335,70,6290,72,800,66.5
2026-04-18 12:10:00 AM,KXATPCHALLENGERMATCH-26APR18FOMSUN-SUN,66,283,65,565,64,2718,63,1704,62,6781,67,22174,68,4337,69,7334,70,6290,72,800,66.5
2026-04-18 12:10:00 AM,KXATPCHALLENGERMATCH-26APR18FOMSUN-SUN,66,283,65,565,64,2718,63,1704,62,6781,67,22174,68,4337,69,7334,70,5841,72,800,66.5
2026-04-18 12:10:00 AM,KXATPCHALLENGERMATCH-26APR18FOMSUN-SUN,66,283,65,565,64,2718,63,1694,62,6781,67,22174,68,4337,69,7334,70,5841,72,800,66.5
2026-04-18 12:10:00 AM,KXATPCHALLENGERMATCH-26APR18FOMSUN-SUN,66,283,65,565,64,2718,63,1694,62,6781,67,22174,68,4337,69,6889,70,5841,72,800,66.5
2026-04-18 12:10:00 AM,KXATPCHALLENGERMATCH-26APR18FOMSUN-SUN,66,283,65,565,64,2718,63,1694,62,6781,67,22174,68,3893,69,6889,70,5841,72,800,66.5
2026-04-18 12:10:00 AM,KXATPCHALLENGERMATCH-26APR18FOMSUN-SUN,66,283,65,565,64,2718,63,1694,62,6781,67,22174,68,3100,69,6889,70,5841,72,800,66.5
2026-04-18 12:10:00 AM,KXATPCHALLENGERMATCH-26APR18FOMSUN-SUN,66,283,65,565,64,2718,63,1694,62,6781,67,22175,68,3100,69,6889,70,5841,72,800,66.5
2026-04-18 12:10:00 AM,KXATPCHALLENGERMATCH-26APR18FOMSUN-SUN,66,8,65,565,64,2718,63,1694,62,6781,67,22175,68,3100,69,6889,70,5841,72,800,66.5
2026-04-18 12:10:00 AM,KXATPCHALLENGERMATCH-26APR18FOMSUN-SUN,66,8,65,565,64,2718,63,1694,62,6781,67,22175,68,3100,69,6889,70,841,72,800,66.5
2026-04-18 12:10:00 AM,KXATPCHALLENGERMATCH-26APR18FOMSUN-SUN,66,8,65,565,64,2718,63,1694,62,6781,67,22175,68,2825,69,6889,70,841,72,800,66.5
2026-04-18 12:10:00 AM,KXATPCHALLENGERMATCH-26APR18FOMSUN-SUN,66,8,65,565,64,2718,63,2368,62,6781,67,22175,68,2825,69,6889,70,841,72,800,66.5
2026-04-18 12:10:00 AM,KXATPCHALLENGERMATCH-26APR18FOMSUN-SUN,66,8,65,565,64,2718,63,2368,62,6781,67,22175,68,3499,69,6889,70,841,72,800,66.5
2026-04-18 12:10:00 AM,KXATPCHALLENGERMATCH-26APR18FOMSUN-SUN,66,8,65,565,64,2718,63,2368,62,6781,67,22175,68,3499,69,6889,70,841,72,2237,66.5
2026-04-18 12:11:10 AM,KXATPCHALLENGERMATCH-26APR18FOMSUN-SUN,66,8,65,565,64,2728,63,2368,62,6781,67,22175,68,3499,69,6889,70,841,72,2237,66.5
2026-04-18 12:11:10 AM,KXATPCHALLENGERMATCH-26APR18FOMSUN-SUN,66,8,65,565,64,2728,63,2368,62,6781,67,22175,68,3509,69,6889,70,841,72,2237,66.5
2026-04-18 12:11:10 AM,KXATPCHALLENGERMATCH-26APR18FOMSUN-SUN,66,8,65,565,64,2728,63,2368,62,6781,67,22185,68,3509,69,6889,70,841,72,2237,66.5
2026-04-18 12:11:10 AM,KXATPCHALLENGERMATCH-26APR18FOMSUN-SUN,66,8,65,575,64,2728,63,2368,62,6781,67,22185,68,3509,69,6889,70,841,72,2237,66.5
2026-04-18 12:11:13 AM,KXATPCHALLENGERMATCH-26APR18FOMSUN-SUN,66,8,65,575,64,2728,63,2378,62,6781,67,22185,68,3509,69,6889,70,841,72,2237,66.5
2026-04-18 12:11:13 AM,KXATPCHALLENGERMATCH-26APR18FOMSUN-SUN,66,8,65,575,64,2728,63,2388,62,6781,67,22185,68,3509,69,6889,70,841,72,2237,66.5
2026-04-18 12:12:24 AM,KXATPCHALLENGERMATCH-26APR18FOMSUN-SUN,66,8,65,575,64,2728,63,2388,62,6781,67,22070,68,3509,69,6889,70,841,72,2237,66.5
2026-04-18 12:12:42 AM,KXATPCHALLENGERMATCH-26APR18FOMSUN-SUN,66,8,65,575,64,2728,63,2388,62,6781,67,22065,68,3509,69,6889,70,841,72,2237,66.5
2026-04-18 12:13:00 AM,KXATPCHALLENGERMATCH-26APR18FOMSUN-SUN,66,8,65,575,64,2728,63,2388,62,5981,67,22065,68,3509,69,6889,70,841,72,2237,66.5
2026-04-18 12:13:00 AM,KXATPCHALLENGERMATCH-26APR18FOMSUN-SUN,66,8,65,575,64,1928,63,2388,62,5981,67,22065,68,3509,69,6889,70,841,72,2237,66.5
2026-04-18 12:13:00 AM,KXATPCHALLENGERMATCH-26APR18FOMSUN-SUN,66,8,65,575,64,1928,63,2388,62,5981,67,21265,68,3509,69,6889,70,841,72,2237,66.5
2026-04-18 12:13:00 AM,KXATPCHALLENGERMATCH-26APR18FOMSUN-SUN,66,8,65,575,64,1928,63,2388,62,5981,67,21265,68,3509,69,6889,70,41,72,2237,66.5
2026-04-18 12:13:00 AM,KXATPCHALLENGERMATCH-26APR18FOMSUN-SUN,66,8,65,575,64,1928,63,2388,62,5981,67,21265,68,3509,69,6089,70,41,72,2237,66.5
2026-04-18 12:14:17 AM,KXATPCHALLENGERMATCH-26APR18FOMSUN-SUN,66,8,65,575,64,1928,63,2388,62,5981,67,21265,68,2992,69,6089,70,41,72,2237,66.5
2026-04-18 12:14:31 AM,KXATPCHALLENGERMATCH-26APR18FOMSUN-SUN,66,8,65,575,64,1928,63,2388,62,5981,67,21260,68,2992,69,6089,70,41,72,2237,66.5
2026-04-18 12:16:54 AM,KXATPCHALLENGERMATCH-26APR18FOMSUN-SUN,66,8,65,575,64,1928,63,2388,62,5981,67,21239,68,2992,69,6089,70,41,72,2237,66.5
2026-04-18 12:17:15 AM,KXATPCHALLENGERMATCH-26APR18FOMSUN-SUN,66,8,65,575,64,2510,63,2388,62,5981,67,21239,68,2992,69,6089,70,41,72,2237,66.5
2026-04-18 12:17:15 AM,KXATPCHALLENGERMATCH-26APR18FOMSUN-SUN,66,8,65,575,64,2510,63,1811,62,5981,67,21239,68,2992,69,6089,70,41,72,2237,66.5
2026-04-18 12:17:18 AM,KXATPCHALLENGERMATCH-26APR18FOMSUN-SUN,66,8,65,575,64,1928,63,1811,62,5981,67,21239,68,2992,69,6089,70,41,72,2237,66.5
2026-04-18 12:17:23 AM,KXATPCHALLENGERMATCH-26APR18FOMSUN-SUN,66,8,65,575,64,1928,63,2393,62,5981,67,21239,68,2992,69,6089,70,41,72,2237,66.5
2026-04-18 12:19:10 AM,KXATPCHALLENGERMATCH-26APR18FOMSUN-SUN,66,8,65,575,64,1928,63,1811,62,5981,67,21239,68,2992,69,6089,70,41,72,2237,66.5
2026-04-18 12:19:11 AM,KXATPCHALLENGERMATCH-26APR18FOMSUN-SUN,66,8,65,575,64,1928,63,2393,62,5981,67,21239,68,2992,69,6089,70,41,72,2237,66.5
2026-04-18 12:19:32 AM,KXATPCHALLENGERMATCH-26APR18FOMSUN-SUN,66,8,65,575,64,2510,63,2393,62,5981,67,21239,68,2992,69,6089,70,41,72,2237,66.5
2026-04-18 12:19:32 AM,KXATPCHALLENGERMATCH-26APR18FOMSUN-SUN,66,8,65,575,64,2510,63,2393,62,5981,67,21145,68,2992,69,6089,70,41,72,2237,66.5
2026-04-18 12:19:32 AM,KXATPCHALLENGERMATCH-26APR18FOMSUN-SUN,66,8,65,575,64,2510,63,2393,62,5981,67,20994,68,2992,69,6089,70,41,72,2237,66.5
2026-04-18 12:19:32 AM,KXATPCHALLENGERMATCH-26APR18FOMSUN-SUN,66,8,65,575,64,2510,63,2393,62,5981,67,21668,68,2992,69,6089,70,41,72,2237,66.5
2026-04-18 12:19:32 AM,KXATPCHALLENGERMATCH-26APR18FOMSUN-SUN,66,8,65,575,64,2510,63,1811,62,5981,67,21668,68,2992,69,6089,70,41,72,2237,66.5
2026-04-18 12:19:32 AM,KXATPCHALLENGERMATCH-26APR18FOMSUN-SUN,66,8,65,575,64,2510,63,1811,62,5981,67,21668,68,2992,69,1089,70,41,72,2237,66.5
2026-04-18 12:19:32 AM,KXATPCHALLENGERMATCH-26APR18FOMSUN-SUN,66,8,65,575,64,2510,63,1811,62,5981,67,21668,68,3314,69,1089,70,41,72,2237,66.5
2026-04-18 12:19:33 AM,KXATPCHALLENGERMATCH-26APR18FOMSUN-SUN,66,8,65,575,64,2510,63,1811,62,981,67,21668,68,3314,69,1089,70,41,72,2237,66.5
2026-04-18 12:19:33 AM,KXATPCHALLENGERMATCH-26APR18FOMSUN-SUN,66,8,65,575,64,2510,63,1137,62,981,67,21668,68,3314,69,1089,70,41,72,2237,66.5
2026-04-18 12:19:33 AM,KXATPCHALLENGERMATCH-26APR18FOMSUN-SUN,66,8,65,575,64,2510,63,1137,62,981,67,21668,68,2640,69,1089,70,41,72,2237,66.5
2026-04-18 12:19:33 AM,KXATPCHALLENGERMATCH-26APR18FOMSUN-SUN,66,8,65,575,64,2510,63,1137,62,981,67,20994,68,2640,69,1089,70,41,72,2237,66.5
2026-04-18 12:19:33 AM,KXATPCHALLENGERMATCH-26APR18FOMSUN-SUN,66,8,65,575,64,2510,63,1137,62,981,67,20994,68,2640,69,1089,70,41,72,800,66.5
2026-04-18 12:19:37 AM,KXATPCHALLENGERMATCH-26APR18FOMSUN-SUN,66,8,65,575,64,1928,63,1137,62,981,67,20994,68,2640,69,1089,70,41,72,800,66.5
2026-04-18 12:19:42 AM,KXATPCHALLENGERMATCH-26APR18FOMSUN-SUN,66,8,65,575,64,1928,63,1137,62,981,67,21315,68,2640,69,1089,70,41,72,800,66.5
2026-04-18 12:19:42 AM,KXATPCHALLENGERMATCH-26APR18FOMSUN-SUN,66,8,65,575,64,1928,63,1811,62,981,67,21315,68,2640,69,1089,70,41,72,800,66.5
2026-04-18 12:19:42 AM,KXATPCHALLENGERMATCH-26APR18FOMSUN-SUN,66,8,65,575,64,1928,63,1811,62,1655,67,21315,68,2640,69,1089,70,41,72,800,66.5
2026-04-18 12:19:42 AM,KXATPCHALLENGERMATCH-26APR18FOMSUN-SUN,66,8,65,575,64,1928,63,1811,62,1655,67,21989,68,2640,69,1089,70,41,72,800,66.5
2026-04-18 12:19:42 AM,KXATPCHALLENGERMATCH-26APR18FOMSUN-SUN,66,8,65,575,64,1928,63,1811,62,1655,67,21989,68,3314,69,1089,70,41,72,800,66.5
2026-04-18 12:19:42 AM,KXATPCHALLENGERMATCH-26APR18FOMSUN-SUN,66,8,65,575,64,1928,63,1811,62,1655,67,21989,68,2992,69,1089,70,41,72,800,66.5
2026-04-18 12:19:42 AM,KXATPCHALLENGERMATCH-26APR18FOMSUN-SUN,66,8,65,575,64,1928,63,1811,62,1655,67,21315,68,2992,69,1089,70,41,72,800,66.5
2026-04-18 12:19:43 AM,KXATPCHALLENGERMATCH-26APR18FOMSUN-SUN,66,8,65,575,64,1928,63,1811,62,1655,67,21315,68,2992,69,1089,70,41,72,2237,66.5
2026-04-18 12:19:45 AM,KXATPCHALLENGERMATCH-26APR18FOMSUN-SUN,66,8,65,575,64,1928,63,1811,62,1655,67,21315,68,2992,69,1763,70,41,72,2237,66.5
2026-04-18 12:19:52 AM,KXATPCHALLENGERMATCH-26APR18FOMSUN-SUN,66,8,65,575,64,1928,63,2393,62,1655,67,21315,68,2992,69,1763,70,41,72,2237,66.5
2026-04-18 12:19:59 AM,KXATPCHALLENGERMATCH-26APR18FOMSUN-SUN,66,8,65,575,64,1928,63,1811,62,1655,67,21315,68,2992,69,1763,70,41,72,2237,66.5
2026-04-18 12:20:00 AM,KXATPCHALLENGERMATCH-26APR18FOMSUN-SUN,66,8,65,575,64,1928,63,1801,62,1655,67,21315,68,2992,69,1763,70,41,72,2237,66.5
2026-04-18 12:20:00 AM,KXATPCHALLENGERMATCH-26APR18FOMSUN-SUN,66,8,65,575,64,1928,63,1791,62,1655,67,21315,68,2992,69,1763,70,41,72,2237,66.5
2026-04-18 12:20:00 AM,KXATPCHALLENGERMATCH-26APR18FOMSUN-SUN,66,8,65,575,64,1928,63,1799,62,1655,67,21315,68,2992,69,1763,70,41,72,2237,66.5
2026-04-18 12:20:00 AM,KXATPCHALLENGERMATCH-26APR18FOMSUN-SUN,66,8,65,575,64,1928,63,1799,62,1655,67,21315,68,2992,69,1763,70,49,72,2237,66.5
2026-04-18 12:20:00 AM,KXATPCHALLENGERMATCH-26APR18FOMSUN-SUN,66,8,65,571,64,1928,63,1799,62,1655,67,21315,68,2992,69,1763,70,49,72,2237,66.5
2026-04-18 12:20:00 AM,KXATPCHALLENGERMATCH-26APR18FOMSUN-SUN,66,8,65,563,64,1928,63,1799,62,1655,67,21315,68,2992,69,1763,70,49,72,2237,66.5
2026-04-18 12:20:00 AM,KXATPCHALLENGERMATCH-26APR18FOMSUN-SUN,66,8,65,563,64,1917,63,1799,62,1655,67,21315,68,2992,69,1763,70,49,72,2237,66.5
2026-04-18 12:20:00 AM,KXATPCHALLENGERMATCH-26APR18FOMSUN-SUN,66,8,65,563,64,1917,63,1799,62,1655,67,21315,68,2975,69,1763,70,49,72,2237,66.5
2026-04-18 12:20:00 AM,KXATPCHALLENGERMATCH-26APR18FOMSUN-SUN,66,8,65,563,64,1917,63,1799,62,1655,67,21315,68,2975,69,1753,70,49,72,2237,66.5
2026-04-18 12:20:00 AM,KXATPCHALLENGERMATCH-26APR18FOMSUN-SUN,66,8,65,563,64,1922,63,1799,62,1655,67,21315,68,2975,69,1753,70,49,72,2237,66.5
2026-04-18 12:20:00 AM,KXATPCHALLENGERMATCH-26APR18FOMSUN-SUN,66,8,65,563,64,1922,63,1799,62,1655,67,21315,68,2975,69,1758,70,49,72,2237,66.5
2026-04-18 12:20:01 AM,KXATPCHALLENGERMATCH-26APR18FOMSUN-SUN,66,8,65,563,64,1922,63,2381,62,1655,67,21315,68,2975,69,1758,70,49,72,2237,66.5
2026-04-18 12:20:01 AM,KXATPCHALLENGERMATCH-26APR18FOMSUN-SUN,66,8,65,563,64,1922,63,1799,62,1655,67,21315,68,2975,69,1758,70,49,72,2237,66.5
2026-04-18 12:20:12 AM,KXATPCHALLENGERMATCH-26APR18FOMSUN-SUN,66,8,65,563,64,2504,63,1799,62,1655,67,21315,68,2975,69,1758,70,49,72,2237,66.5
2026-04-18 12:20:16 AM,KXATPCHALLENGERMATCH-26APR18FOMSUN-SUN,66,8,65,563,64,1922,63,1799,62,1655,67,21315,68,2975,69,1758,70,49,72,2237,66.5
2026-04-18 12:20:58 AM,KXATPCHALLENGERMATCH-26APR18FOMSUN-SUN,66,8,65,563,64,1922,63,1809,62,1655,67,21315,68,2975,69,1758,70,49,72,2237,66.5
2026-04-18 12:20:58 AM,KXATPCHALLENGERMATCH-26APR18FOMSUN-SUN,66,8,65,563,64,1922,63,1819,62,1655,67,21315,68,2975,69,1758,70,49,72,2237,66.5
2026-04-18 12:20:59 AM,KXATPCHALLENGERMATCH-26APR18FOMSUN-SUN,66,8,65,563,64,1922,63,2401,62,1655,67,21315,68,2975,69,1758,70,49,72,2237,66.5
2026-04-18 12:21:01 AM,KXATPCHALLENGERMATCH-26APR18FOMSUN-SUN,66,8,65,563,64,1922,63,2401,62,1655,67,21280,68,2975,69,1758,70,49,72,2237,66.5
2026-04-18 12:21:02 AM,KXATPCHALLENGERMATCH-26APR18FOMSUN-SUN,66,8,65,563,64,1922,63,1819,62,1655,67,21280,68,2975,69,1758,70,49,72,2237,66.5
2026-04-18 12:21:08 AM,KXATPCHALLENGERMATCH-26APR18FOMSUN-SUN,66,1,65,563,64,1922,63,1819,62,1655,67,21280,68,2975,69,1758,70,49,72,2237,66.5
2026-04-18 12:21:08 AM,KXATPCHALLENGERMATCH-26APR18FOMSUN-SUN,66,1,65,556,64,1922,63,1819,62,1655,67,21280,68,2975,69,1758,70,49,72,2237,66.5
2026-04-18 12:21:08 AM,KXATPCHALLENGERMATCH-26APR18FOMSUN-SUN,66,1,65,285,64,1922,63,1819,62,1655,67,21280,68,2975,69,1758,70,49,72,2237,66.5
2026-04-18 12:21:08 AM,KXATPCHALLENGERMATCH-26APR18FOMSUN-SUN,66,1,65,285,64,2504,63,1819,62,1655,67,21280,68,2975,69,1758,70,49,72,2237,66.5
2026-04-18 12:21:19 AM,KXATPCHALLENGERMATCH-26APR18FOMSUN-SUN,66,1,65,285,64,1922,63,1819,62,1655,67,21280,68,2975,69,1758,70,49,72,2237,66.5
2026-04-18 12:21:46 AM,KXATPCHALLENGERMATCH-26APR18FOMSUN-SUN,66,1,65,295,64,1922,63,1819,62,1655,67,21280,68,2975,69,1758,70,49,72,2237,66.5
2026-04-18 12:21:46 AM,KXATPCHALLENGERMATCH-26APR18FOMSUN-SUN,66,1,65,305,64,1922,63,1819,62,1655,67,21280,68,2975,69,1758,70,49,72,2237,66.5
2026-04-18 12:22:17 AM,KXATPCHALLENGERMATCH-26APR18FOMSUN-SUN,66,1,65,305,64,1922,63,1819,62,1655,67,21278,68,2975,69,1758,70,49,72,2237,66.5
2026-04-18 12:22:19 AM,KXATPCHALLENGERMATCH-26APR18FOMSUN-SUN,66,1,65,305,64,1922,63,1819,62,1655,67,21264,68,2975,69,1758,70,49,72,2237,66.5
2026-04-18 12:22:26 AM,KXATPCHALLENGERMATCH-26APR18FOMSUN-SUN,66,1,65,305,64,1922,63,1819,62,1655,67,21205,68,2975,69,1758,70,49,72,2237,66.5
2026-04-18 12:22:26 AM,KXATPCHALLENGERMATCH-26APR18FOMSUN-SUN,66,1,65,305,64,1922,63,1819,62,1655,67,20760,68,2975,69,1758,70,49,72,2237,66.5
2026-04-18 12:22:26 AM,KXATPCHALLENGERMATCH-26APR18FOMSUN-SUN,66,1,65,305,64,1922,63,1819,62,1655,67,20760,68,2975,69,2621,70,49,72,2237,66.5
2026-04-18 12:22:26 AM,KXATPCHALLENGERMATCH-26APR18FOMSUN-SUN,66,1,65,340,64,1922,63,1819,62,1655,67,20760,68,2975,69,2621,70,49,72,2237,66.5
2026-04-18 12:22:28 AM,KXATPCHALLENGERMATCH-26APR18FOMSUN-SUN,66,1,65,305,64,1922,63,1819,62,1655,67,20760,68,2975,69,2621,70,49,72,2237,66.5
2026-04-18 12:24:04 AM,KXATPCHALLENGERMATCH-26APR18FOMSUN-SUN,66,1,65,305,64,1922,63,1819,62,1655,67,20753,68,2975,69,2621,70,49,72,2237,66.5
2026-04-18 12:24:05 AM,KXATPCHALLENGERMATCH-26APR18FOMSUN-SUN,66,1,65,340,64,1922,63,1819,62,1655,67,20753,68,2975,69,2621,70,49,72,2237,66.5
2026-04-18 12:24:06 AM,KXATPCHALLENGERMATCH-26APR18FOMSUN-SUN,66,1,65,305,64,1922,63,1819,62,1655,67,20753,68,2975,69,2621,70,49,72,2237,66.5
2026-04-18 12:24:08 AM,KXATPCHALLENGERMATCH-26APR18FOMSUN-SUN,66,1,65,305,64,1922,63,2401,62,1655,67,20753,68,2975,69,2621,70,49,72,2237,66.5
2026-04-18 12:24:11 AM,KXATPCHALLENGERMATCH-26APR18FOMSUN-SUN,66,1,65,305,64,1922,63,1819,62,1655,67,20753,68,2975,69,2621,70,49,72,2237,66.5
2026-04-18 12:24:50 AM,KXATPCHALLENGERMATCH-26APR18FOMSUN-SUN,66,1,65,305,64,1922,63,1819,62,1655,67,20503,68,2975,69,2621,70,49,72,2237,66.5
2026-04-18 12:24:50 AM,KXATPCHALLENGERMATCH-26APR18FOMSUN-SUN,66,1,65,305,64,1922,63,1819,62,1655,67,20503,68,2975,69,2621,70,49,72,2500,66.5
2026-04-18 12:24:50 AM,KXATPCHALLENGERMATCH-26APR18FOMSUN-SUN,66,1,65,305,64,2504,63,1819,62,1655,67,20503,68,2975,69,2621,70,49,72,2500,66.5
2026-04-18 12:24:51 AM,KXATPCHALLENGERMATCH-26APR18FOMSUN-SUN,66,1,65,340,64,2504,63,1819,62,1655,67,20503,68,2975,69,2621,70,49,72,2500,66.5
2026-04-18 12:24:53 AM,KXATPCHALLENGERMATCH-26APR18FOMSUN-SUN,66,1,65,305,64,2504,63,1819,62,1655,67,20503,68,2975,69,2621,70,49,72,2500,66.5
2026-04-18 12:24:54 AM,KXATPCHALLENGERMATCH-26APR18FOMSUN-SUN,66,1,65,305,64,2504,63,1819,62,1655,67,20496,68,2975,69,2621,70,49,72,2500,66.5
2026-04-18 12:24:57 AM,KXATPCHALLENGERMATCH-26APR18FOMSUN-SUN,66,1,65,305,64,2504,63,1819,62,1655,67,20361,68,2975,69,2621,70,49,72,2500,66.5
2026-04-18 12:24:57 AM,KXATPCHALLENGERMATCH-26APR18FOMSUN-SUN,66,1,65,305,64,2504,63,1819,62,1655,67,20116,68,2975,69,2621,70,49,72,2500,66.5
2026-04-18 12:24:57 AM,KXATPCHALLENGERMATCH-26APR18FOMSUN-SUN,66,1,65,1075,64,2504,63,1819,62,1655,67,20116,68,2975,69,2621,70,49,72,2500,66.5
2026-04-18 12:24:57 AM,KXATPCHALLENGERMATCH-26APR18FOMSUN-SUN,66,1,65,1075,64,2504,63,1819,62,681,67,20116,68,2975,69,2621,70,49,72,2500,66.5
2026-04-18 12:24:57 AM,KXATPCHALLENGERMATCH-26APR18FOMSUN-SUN,66,1,65,1075,64,2504,63,1145,62,681,67,20116,68,2975,69,2621,70,49,72,2500,66.5
2026-04-18 12:24:57 AM,KXATPCHALLENGERMATCH-26APR18FOMSUN-SUN,66,1,65,1075,64,2504,63,1145,62,7,67,20116,68,2975,69,2621,70,49,72,2500,66.5
2026-04-18 12:24:58 AM,KXATPCHALLENGERMATCH-26APR18FOMSUN-SUN,66,1,65,1075,64,2504,63,1145,62,7,67,20116,68,2975,69,1947,70,49,72,2500,66.5
2026-04-18 12:24:58 AM,KXATPCHALLENGERMATCH-26APR18FOMSUN-SUN,66,1,65,1075,64,1922,63,1145,62,7,67,20116,68,2975,69,1947,70,49,72,2500,66.5
2026-04-18 12:24:58 AM,KXATPCHALLENGERMATCH-26APR18FOMSUN-SUN,66,1,65,1075,64,1922,63,1145,62,7,67,20116,68,2301,69,1947,70,49,72,2500,66.5
2026-04-18 12:24:58 AM,KXATPCHALLENGERMATCH-26APR18FOMSUN-SUN,66,1,65,1075,64,1922,63,1726,62,7,67,20116,68,2301,69,1947,70,49,72,2500,66.5
2026-04-18 12:25:00 AM,KXATPCHALLENGERMATCH-26APR18FOMSUN-SUN,66,1,65,1075,64,1922,63,1726,62,7,67,20790,68,2301,69,1947,70,49,72,2500,66.5
2026-04-18 12:25:00 AM,KXATPCHALLENGERMATCH-26APR18FOMSUN-SUN,66,1,65,1075,64,1922,63,1726,62,7,67,20790,68,2975,69,1947,70,49,72,2500,66.5
2026-04-18 12:25:10 AM,KXATPCHALLENGERMATCH-26APR18FOMSUN-SUN,66,1,65,1075,64,1922,63,1726,62,7,67,20116,68,2975,69,1947,70,49,72,2500,66.5
2026-04-18 12:25:10 AM,KXATPCHALLENGERMATCH-26APR18FOMSUN-SUN,66,1,65,1075,64,1922,63,1726,62,7,67,20116,68,2975,69,2621,70,49,72,2500,66.5
2026-04-18 12:25:14 AM,KXATPCHALLENGERMATCH-26APR18FOMSUN-SUN,66,1,65,1075,64,1922,63,1726,62,7,67,20115,68,2975,69,2621,70,49,72,2500,66.5
2026-04-18 12:25:19 AM,KXATPCHALLENGERMATCH-26APR18FOMSUN-SUN,66,1,65,1075,64,1922,63,1726,62,7,67,20114,68,2975,69,2621,70,49,72,2500,66.5
2026-04-18 12:25:23 AM,KXATPCHALLENGERMATCH-26APR18FOMSUN-SUN,66,1,65,1075,64,1922,63,1726,62,7,67,20113,68,2975,69,2621,70,49,72,2500,66.5
2026-04-18 12:25:54 AM,KXATPCHALLENGERMATCH-26APR18FOMSUN-SUN,66,1,65,1075,64,2503,63,1726,62,7,67,20113,68,2975,69,2621,70,49,72,2500,66.5
2026-04-18 12:25:54 AM,KXATPCHALLENGERMATCH-26APR18FOMSUN-SUN,66,1,65,1075,64,2503,63,1726,62,7,67,20113,68,3297,69,2621,70,49,72,2500,66.5
2026-04-18 12:25:54 AM,KXATPCHALLENGERMATCH-26APR18FOMSUN-SUN,66,1,65,1075,64,2503,63,1726,62,7,67,19792,68,3297,69,2621,70,49,72,2500,66.5
2026-04-18 12:25:54 AM,KXATPCHALLENGERMATCH-26APR18FOMSUN-SUN,66,1,65,1075,64,2503,63,1726,62,7,67,19792,68,3297,69,2621,70,49,72,2300,66.5
2026-04-18 12:25:54 AM,KXATPCHALLENGERMATCH-26APR18FOMSUN-SUN,66,1,65,1075,64,2503,63,1726,62,7,67,20466,68,3297,69,2621,70,49,72,2300,66.5
2026-04-18 12:25:54 AM,KXATPCHALLENGERMATCH-26APR18FOMSUN-SUN,66,1,65,1075,64,2503,63,1726,62,7,67,20466,68,3297,69,1947,70,49,72,2300,66.5
2026-04-18 12:25:55 AM,KXATPCHALLENGERMATCH-26APR18FOMSUN-SUN,66,1,65,1075,64,2503,63,1145,62,7,67,20466,68,3297,69,1947,70,49,72,2300,66.5
2026-04-18 12:25:55 AM,KXATPCHALLENGERMATCH-26APR18FOMSUN-SUN,66,1,65,1075,64,2503,63,1145,62,7,67,20466,68,3297,69,1947,70,49,72,863,66.5
2026-04-18 12:25:55 AM,KXATPCHALLENGERMATCH-26APR18FOMSUN-SUN,66,1,65,1075,64,2503,63,1145,62,7,67,20466,68,2623,69,1947,70,49,72,863,66.5
2026-04-18 12:25:55 AM,KXATPCHALLENGERMATCH-26APR18FOMSUN-SUN,66,1,65,1075,64,2503,63,1145,62,7,67,19792,68,2623,69,1947,70,49,72,863,66.5
2026-04-18 12:26:02 AM,KXATPCHALLENGERMATCH-26APR18FOMSUN-SUN,66,1,65,1075,64,2503,63,1145,62,7,67,20113,68,2623,69,1947,70,49,72,863,66.5
2026-04-18 12:26:02 AM,KXATPCHALLENGERMATCH-26APR18FOMSUN-SUN,66,1,65,1075,64,2503,63,1145,62,7,67,20113,68,2623,69,1947,70,49,72,800,66.5
2026-04-18 12:26:03 AM,KXATPCHALLENGERMATCH-26APR18FOMSUN-SUN,66,1,65,1075,64,1922,63,1145,62,7,67,20113,68,2623,69,1947,70,49,72,800,66.5
2026-04-18 12:26:03 AM,KXATPCHALLENGERMATCH-26APR18FOMSUN-SUN,66,1,65,1075,64,1922,63,1145,62,7,67,20787,68,2623,69,1947,70,49,72,800,66.5
