ts_et,ticker,bid_1,bid_1_sz,bid_2,bid_2_sz,bid_3,bid_3_sz,bid_4,bid_4_sz,bid_5,bid_5_sz,ask_1,ask_1_sz,ask_2,ask_2_sz,ask_3,ask_3_sz,ask_4,ask_4_sz,ask_5,ask_5_sz,mid
2026-04-18 01:52:44 AM,KXATPCHALLENGERMATCH-26APR18BRORIE-BRO,4,500,1,1250,,,,,,,96,500,97,10,99,1250,,,,,50.0
2026-04-18 01:53:16 AM,KXATPCHALLENGERMATCH-26APR18BRORIE-BRO,4,500,1,1250,,,,,,,96,500,97,10,99,1251,,,,,50.0
2026-04-18 01:54:38 AM,KXATPCHALLENGERMATCH-26APR18BRORIE-BRO,4,500,1,3250,,,,,,,96,500,97,10,99,1251,,,,,50.0
2026-04-18 01:54:42 AM,KXATPCHALLENGERMATCH-26APR18BRORIE-BRO,4,500,1,3250,,,,,,,96,500,97,10,98,3,99,1251,,,50.0
2026-04-18 01:55:01 AM,KXATPCHALLENGERMATCH-26APR18BRORIE-BRO,30,1000,4,500,1,3250,,,,,96,500,97,10,98,3,99,1251,,,63.0
2026-04-18 02:00:04 AM,KXATPCHALLENGERMATCH-26APR18BRORIE-BRO,30,1000,4,600,1,3250,,,,,96,500,97,10,98,3,99,1251,,,63.0
2026-04-18 02:00:05 AM,KXATPCHALLENGERMATCH-26APR18BRORIE-BRO,30,1000,4,500,1,3250,,,,,96,500,97,10,98,3,99,1251,,,63.0
2026-04-18 02:02:14 AM,KXATPCHALLENGERMATCH-26APR18BRORIE-BRO,30,1000,4,500,1,3250,,,,,94,350,96,500,97,10,98,3,99,1251,62.0
2026-04-18 02:08:45 AM,KXATPCHALLENGERMATCH-26APR18BRORIE-BRO,30,1000,4,500,1,3250,,,,,94,350,96,500,97,12,98,3,99,1251,62.0
2026-04-18 02:13:26 AM,KXATPCHALLENGERMATCH-26APR18BRORIE-BRO,30,1000,4,500,1,3250,,,,,94,349,96,500,97,12,98,3,99,1251,62.0
2026-04-18 02:13:28 AM,KXATPCHALLENGERMATCH-26APR18BRORIE-BRO,30,1000,4,500,1,3250,,,,,94,348,96,500,97,12,98,3,99,1251,62.0
2026-04-18 02:13:32 AM,KXATPCHALLENGERMATCH-26APR18BRORIE-BRO,30,1000,4,500,1,3252,,,,,94,348,96,500,97,12,98,3,99,1251,62.0
2026-04-18 02:14:07 AM,KXATPCHALLENGERMATCH-26APR18BRORIE-BRO,30,998,4,500,1,3252,,,,,94,348,96,500,97,12,98,3,99,1251,62.0
2026-04-18 02:14:07 AM,KXATPCHALLENGERMATCH-26APR18BRORIE-BRO,30,998,4,500,1,3252,,,,,94,348,96,500,97,12,98,3,99,1253,62.0
2026-04-18 02:14:07 AM,KXATPCHALLENGERMATCH-26APR18BRORIE-BRO,30,998,25,2,4,500,1,3252,,,94,348,96,500,97,12,98,3,99,1253,62.0
2026-04-18 02:14:17 AM,KXATPCHALLENGERMATCH-26APR18BRORIE-BRO,30,998,25,2,20,2,4,500,1,3252,94,348,96,500,97,12,98,3,99,1253,62.0
2026-04-18 02:14:26 AM,KXATPCHALLENGERMATCH-26APR18BRORIE-BRO,30,998,25,2,20,2,15,2,4,500,94,348,96,500,97,12,98,3,99,1253,62.0
2026-04-18 02:15:07 AM,KXATPCHALLENGERMATCH-26APR18BRORIE-BRO,30,998,20,2,15,2,4,500,1,3252,94,348,96,500,97,12,98,3,99,1253,62.0
2026-04-18 02:15:07 AM,KXATPCHALLENGERMATCH-26APR18BRORIE-BRO,30,998,15,2,4,500,1,3252,,,94,348,96,500,97,12,98,3,99,1253,62.0
2026-04-18 02:15:07 AM,KXATPCHALLENGERMATCH-26APR18BRORIE-BRO,30,998,4,500,1,3252,,,,,94,348,96,500,97,12,98,3,99,1253,62.0
2026-04-18 02:15:07 AM,KXATPCHALLENGERMATCH-26APR18BRORIE-BRO,30,998,4,500,1,3252,,,,,94,348,96,500,97,12,98,3,99,1251,62.0
2026-04-18 02:15:47 AM,KXATPCHALLENGERMATCH-26APR18BRORIE-BRO,41,400,30,998,4,500,1,3252,,,94,348,96,500,97,12,98,3,99,1251,67.5
2026-04-18 02:20:54 AM,KXATPCHALLENGERMATCH-26APR18BRORIE-BRO,30,998,4,500,1,3252,,,,,94,348,96,500,97,12,98,3,99,1251,62.0
2026-04-18 02:20:57 AM,KXATPCHALLENGERMATCH-26APR18BRORIE-BRO,40,400,30,998,4,500,1,3252,,,94,348,96,500,97,12,98,3,99,1251,67.0
2026-04-18 02:33:30 AM,KXATPCHALLENGERMATCH-26APR18BRORIE-BRO,30,998,4,500,1,3252,,,,,94,348,96,500,97,12,98,3,99,1251,62.0
2026-04-18 02:33:35 AM,KXATPCHALLENGERMATCH-26APR18BRORIE-BRO,35,400,30,998,4,500,1,3252,,,94,348,96,500,97,12,98,3,99,1251,64.5
2026-04-18 02:35:24 AM,KXATPCHALLENGERMATCH-26APR18BRORIE-BRO,41,10,35,400,30,998,4,500,1,3252,94,348,96,500,97,12,98,3,99,1251,67.5
2026-04-18 02:35:24 AM,KXATPCHALLENGERMATCH-26APR18BRORIE-BRO,41,20,35,400,30,998,4,500,1,3252,94,348,96,500,97,12,98,3,99,1251,67.5
2026-04-18 02:35:25 AM,KXATPCHALLENGERMATCH-26APR18BRORIE-BRO,41,20,35,400,30,998,4,500,1,3252,45,10,94,348,96,500,97,12,98,3,43.0
2026-04-18 02:35:25 AM,KXATPCHALLENGERMATCH-26APR18BRORIE-BRO,41,20,35,400,30,998,4,500,1,3252,45,20,94,348,96,500,97,12,98,3,43.0
2026-04-18 02:35:34 AM,KXATPCHALLENGERMATCH-26APR18BRORIE-BRO,41,20,35,400,30,998,5,8557,4,500,45,20,94,348,96,500,97,12,98,3,43.0
2026-04-18 02:35:34 AM,KXATPCHALLENGERMATCH-26APR18BRORIE-BRO,41,20,35,400,30,998,5,8557,4,500,45,20,93,179,94,348,96,500,97,12,43.0
2026-04-18 02:36:33 AM,KXATPCHALLENGERMATCH-26APR18BRORIE-BRO,41,20,35,400,30,998,5,8557,4,500,45,20,57,24,93,179,94,348,96,500,43.0
2026-04-18 02:36:34 AM,KXATPCHALLENGERMATCH-26APR18BRORIE-BRO,41,20,35,400,30,998,5,8557,4,500,45,20,57,24,60,64,93,179,94,348,43.0
2026-04-18 02:36:34 AM,KXATPCHALLENGERMATCH-26APR18BRORIE-BRO,41,20,35,400,30,998,5,8557,4,500,45,20,57,24,60,64,65,88,93,179,43.0
2026-04-18 02:36:34 AM,KXATPCHALLENGERMATCH-26APR18BRORIE-BRO,41,20,35,400,30,998,5,8557,4,500,45,20,57,24,60,64,65,88,70,88,43.0
2026-04-18 02:39:00 AM,KXATPCHALLENGERMATCH-26APR18BRORIE-BRO,41,20,35,400,30,998,5,8557,4,500,45,20,57,24,60,64,65,100,70,88,43.0
2026-04-18 02:39:00 AM,KXATPCHALLENGERMATCH-26APR18BRORIE-BRO,41,20,35,400,30,998,5,8557,4,500,45,20,56,33,57,24,60,64,65,100,43.0
2026-04-18 02:39:00 AM,KXATPCHALLENGERMATCH-26APR18BRORIE-BRO,41,20,35,400,30,998,5,8557,4,500,45,20,56,33,57,24,60,64,61,33,43.0
2026-04-18 02:39:26 AM,KXATPCHALLENGERMATCH-26APR18BRORIE-BRO,41,20,35,400,30,998,5,8557,4,500,45,20,51,800,56,33,57,24,60,64,43.0
2026-04-18 02:40:39 AM,KXATPCHALLENGERMATCH-26APR18BRORIE-BRO,41,20,35,400,30,998,5,8557,4,500,45,60,51,800,56,33,57,24,60,64,43.0
2026-04-18 02:41:50 AM,KXATPCHALLENGERMATCH-26APR18BRORIE-BRO,41,20,35,400,30,998,5,8557,4,500,45,60,56,33,57,24,60,64,61,33,43.0
2026-04-18 02:41:50 AM,KXATPCHALLENGERMATCH-26APR18BRORIE-BRO,41,20,35,400,30,998,5,8557,4,500,45,60,49,800,56,33,57,24,60,64,43.0
2026-04-18 02:42:13 AM,KXATPCHALLENGERMATCH-26APR18BRORIE-BRO,41,20,35,400,30,998,5,8557,4,823,45,60,49,800,56,33,57,24,60,64,43.0
2026-04-18 02:42:13 AM,KXATPCHALLENGERMATCH-26APR18BRORIE-BRO,41,20,35,400,30,998,5,8751,4,823,45,60,49,800,56,33,57,24,60,64,43.0
2026-04-18 02:42:15 AM,KXATPCHALLENGERMATCH-26APR18BRORIE-BRO,41,20,35,400,30,998,6,116,5,8751,45,60,49,800,56,33,57,24,60,64,43.0
2026-04-18 02:42:37 AM,KXATPCHALLENGERMATCH-26APR18BRORIE-BRO,41,20,35,400,30,998,6,116,5,8751,45,178,49,800,56,33,57,24,60,64,43.0
2026-04-18 02:44:14 AM,KXATPCHALLENGERMATCH-26APR18BRORIE-BRO,41,20,35,400,6,116,5,8751,4,823,45,178,49,800,56,33,57,24,60,64,43.0
2026-04-18 02:46:08 AM,KXATPCHALLENGERMATCH-26APR18BRORIE-BRO,41,19,35,400,6,116,5,8751,4,823,45,178,49,800,56,33,57,24,60,64,43.0
2026-04-18 02:47:13 AM,KXATPCHALLENGERMATCH-26APR18BRORIE-BRO,41,10,35,400,6,116,5,8751,4,823,45,178,49,800,56,33,57,24,60,64,43.0
2026-04-18 02:47:13 AM,KXATPCHALLENGERMATCH-26APR18BRORIE-BRO,35,400,6,116,5,8751,4,823,3,540,45,178,49,800,56,33,57,24,60,64,40.0
2026-04-18 02:47:13 AM,KXATPCHALLENGERMATCH-26APR18BRORIE-BRO,35,379,6,116,5,8751,4,823,3,540,45,178,49,800,56,33,57,24,60,64,40.0
2026-04-18 02:47:41 AM,KXATPCHALLENGERMATCH-26APR18BRORIE-BRO,35,379,6,116,5,8751,4,823,3,540,44,8,45,178,49,800,56,33,57,24,39.5
2026-04-18 02:47:41 AM,KXATPCHALLENGERMATCH-26APR18BRORIE-BRO,35,379,6,116,5,8751,4,823,3,540,44,8,45,178,56,33,57,24,60,64,39.5
2026-04-18 02:47:41 AM,KXATPCHALLENGERMATCH-26APR18BRORIE-BRO,35,379,6,116,5,8751,4,823,3,540,44,8,45,178,46,800,56,33,57,24,39.5
2026-04-18 02:47:41 AM,KXATPCHALLENGERMATCH-26APR18BRORIE-BRO,35,379,6,116,5,8751,4,823,3,540,44,21,45,178,46,800,56,33,57,24,39.5
2026-04-18 02:47:41 AM,KXATPCHALLENGERMATCH-26APR18BRORIE-BRO,35,379,6,116,5,8751,4,823,3,540,45,178,46,800,56,33,57,24,60,64,40.0
2026-04-18 02:47:41 AM,KXATPCHALLENGERMATCH-26APR18BRORIE-BRO,35,379,6,116,5,8751,4,823,3,540,43,8,45,178,46,800,56,33,57,24,39.0
2026-04-18 02:47:42 AM,KXATPCHALLENGERMATCH-26APR18BRORIE-BRO,37,10,35,379,6,116,5,8751,4,823,43,8,45,178,46,800,56,33,57,24,40.0
2026-04-18 02:47:42 AM,KXATPCHALLENGERMATCH-26APR18BRORIE-BRO,37,20,35,379,6,116,5,8751,4,823,43,8,45,178,46,800,56,33,57,24,40.0
2026-04-18 02:47:42 AM,KXATPCHALLENGERMATCH-26APR18BRORIE-BRO,37,20,35,379,6,116,5,8751,4,823,43,8,45,168,46,800,56,33,57,24,40.0
2026-04-18 02:47:42 AM,KXATPCHALLENGERMATCH-26APR18BRORIE-BRO,37,20,35,379,6,116,5,8751,4,823,43,8,45,158,46,800,56,33,57,24,40.0
2026-04-18 02:47:42 AM,KXATPCHALLENGERMATCH-26APR18BRORIE-BRO,37,20,35,379,6,116,5,8751,4,823,42,10,43,8,45,158,46,800,56,33,39.5
2026-04-18 02:47:42 AM,KXATPCHALLENGERMATCH-26APR18BRORIE-BRO,37,20,35,379,6,116,5,8751,4,823,42,10,45,158,46,800,56,33,57,24,39.5
2026-04-18 02:47:42 AM,KXATPCHALLENGERMATCH-26APR18BRORIE-BRO,37,20,35,379,6,116,5,8751,4,823,42,20,45,158,46,800,56,33,57,24,39.5
2026-04-18 02:48:08 AM,KXATPCHALLENGERMATCH-26APR18BRORIE-BRO,37,20,35,379,6,116,5,8751,4,823,40,21,42,20,45,158,46,800,56,33,38.5
2026-04-18 02:48:48 AM,KXATPCHALLENGERMATCH-26APR18BRORIE-BRO,37,10,35,379,6,116,5,8751,4,823,40,21,42,20,45,158,46,800,56,33,38.5
2026-04-18 02:48:48 AM,KXATPCHALLENGERMATCH-26APR18BRORIE-BRO,35,379,6,116,5,8751,4,823,3,540,40,21,42,20,45,158,46,800,56,33,37.5
2026-04-18 02:48:48 AM,KXATPCHALLENGERMATCH-26APR18BRORIE-BRO,35,379,6,116,5,8751,4,823,3,540,40,31,42,20,45,158,46,800,56,33,37.5
2026-04-18 02:48:48 AM,KXATPCHALLENGERMATCH-26APR18BRORIE-BRO,35,379,6,116,5,8751,4,823,3,540,40,41,42,20,45,158,46,800,56,33,37.5
2026-04-18 02:49:46 AM,KXATPCHALLENGERMATCH-26APR18BRORIE-BRO,35,379,6,116,5,8751,4,823,3,540,40,20,42,20,45,158,46,800,56,33,37.5
2026-04-18 02:49:46 AM,KXATPCHALLENGERMATCH-26APR18BRORIE-BRO,35,379,6,116,5,8751,4,823,3,540,40,10,42,20,45,158,46,800,56,33,37.5
2026-04-18 02:49:46 AM,KXATPCHALLENGERMATCH-26APR18BRORIE-BRO,35,379,6,116,5,8751,4,823,3,540,42,20,45,158,46,800,56,33,57,24,38.5
2026-04-18 02:49:46 AM,KXATPCHALLENGERMATCH-26APR18BRORIE-BRO,35,379,6,116,5,8751,4,823,3,540,42,10,45,158,46,800,56,33,57,24,38.5
2026-04-18 02:49:46 AM,KXATPCHALLENGERMATCH-26APR18BRORIE-BRO,35,379,6,116,5,8751,4,823,3,540,45,158,46,800,56,33,57,24,60,64,40.0
2026-04-18 02:49:46 AM,KXATPCHALLENGERMATCH-26APR18BRORIE-BRO,35,379,6,116,5,8751,4,823,3,540,45,118,46,800,56,33,57,24,60,64,40.0
2026-04-18 02:49:46 AM,KXATPCHALLENGERMATCH-26APR18BRORIE-BRO,35,379,6,116,5,8751,4,823,3,540,46,800,56,33,57,24,60,64,61,33,40.5
2026-04-18 02:49:46 AM,KXATPCHALLENGERMATCH-26APR18BRORIE-BRO,35,379,6,116,5,8751,4,823,3,540,46,591,56,33,57,24,60,64,61,33,40.5
2026-04-18 02:49:46 AM,KXATPCHALLENGERMATCH-26APR18BRORIE-BRO,35,379,6,116,5,8751,4,823,3,540,45,21,46,591,56,33,57,24,60,64,40.0
2026-04-18 02:49:46 AM,KXATPCHALLENGERMATCH-26APR18BRORIE-BRO,35,379,6,116,5,8751,4,823,3,540,45,21,46,1,56,33,57,24,60,64,40.0
2026-04-18 02:49:46 AM,KXATPCHALLENGERMATCH-26APR18BRORIE-BRO,35,379,6,116,5,8751,4,823,3,540,45,21,46,1,55,1390,56,33,57,24,40.0
2026-04-18 02:49:46 AM,KXATPCHALLENGERMATCH-26APR18BRORIE-BRO,35,379,6,116,5,8751,4,823,3,540,45,21,46,1,56,33,57,24,60,64,40.0
2026-04-18 02:49:46 AM,KXATPCHALLENGERMATCH-26APR18BRORIE-BRO,35,379,6,116,5,8751,4,823,3,540,45,21,46,1,48,855,56,33,57,24,40.0
2026-04-18 02:51:01 AM,KXATPCHALLENGERMATCH-26APR18BRORIE-BRO,37,10,35,379,6,116,5,8751,4,823,45,21,46,1,48,855,56,33,57,24,41.0
2026-04-18 02:51:02 AM,KXATPCHALLENGERMATCH-26APR18BRORIE-BRO,37,20,35,379,6,116,5,8751,4,823,45,21,46,1,48,855,56,33,57,24,41.0
2026-04-18 02:51:02 AM,KXATPCHALLENGERMATCH-26APR18BRORIE-BRO,39,10,37,20,35,379,6,116,5,8751,45,21,46,1,48,855,56,33,57,24,42.0
2026-04-18 02:51:02 AM,KXATPCHALLENGERMATCH-26APR18BRORIE-BRO,39,20,37,20,35,379,6,116,5,8751,45,21,46,1,48,855,56,33,57,24,42.0
2026-04-18 02:51:11 AM,KXATPCHALLENGERMATCH-26APR18BRORIE-BRO,39,20,37,20,35,379,7,200,6,116,45,21,46,1,48,855,56,33,57,24,42.0
2026-04-18 02:51:11 AM,KXATPCHALLENGERMATCH-26APR18BRORIE-BRO,39,20,37,20,35,379,7,200,6,116,45,21,46,1,47,88,48,855,56,33,42.0
2026-04-18 02:51:15 AM,KXATPCHALLENGERMATCH-26APR18BRORIE-BRO,39,20,37,20,35,379,7,200,6,116,45,21,46,2,47,88,48,855,56,33,42.0
2026-04-18 02:51:22 AM,KXATPCHALLENGERMATCH-26APR18BRORIE-BRO,39,20,37,20,35,379,20,5000,7,200,45,21,46,2,47,88,48,855,56,33,42.0
2026-04-18 02:51:22 AM,KXATPCHALLENGERMATCH-26APR18BRORIE-BRO,39,20,37,20,35,379,20,5000,6,116,45,21,46,2,47,88,48,855,56,33,42.0
2026-04-18 02:51:22 AM,KXATPCHALLENGERMATCH-26APR18BRORIE-BRO,39,20,37,20,35,379,21,200,20,5000,45,21,46,2,47,88,48,855,56,33,42.0
2026-04-18 02:51:23 AM,KXATPCHALLENGERMATCH-26APR18BRORIE-BRO,39,20,37,20,35,379,22,100,21,200,45,21,46,2,47,88,48,855,56,33,42.0
2026-04-18 02:51:23 AM,KXATPCHALLENGERMATCH-26APR18BRORIE-BRO,39,20,37,20,35,379,29,60,22,100,45,21,46,2,47,88,48,855,56,33,42.0
2026-04-18 02:51:24 AM,KXATPCHALLENGERMATCH-26APR18BRORIE-BRO,39,20,37,20,35,379,29,60,22,100,45,21,46,2,47,88,48,855,55,60,42.0
2026-04-18 02:52:21 AM,KXATPCHALLENGERMATCH-26APR18BRORIE-BRO,39,10,37,20,35,379,29,60,22,100,45,21,46,2,47,88,48,855,55,60,42.0
2026-04-18 02:52:21 AM,KXATPCHALLENGERMATCH-26APR18BRORIE-BRO,37,20,35,379,29,60,22,100,21,200,45,21,46,2,47,88,48,855,55,60,41.0
2026-04-18 02:52:21 AM,KXATPCHALLENGERMATCH-26APR18BRORIE-BRO,37,12,35,379,29,60,22,100,21,200,45,21,46,2,47,88,48,855,55,60,41.0
2026-04-18 02:52:21 AM,KXATPCHALLENGERMATCH-26APR18BRORIE-BRO,37,12,35,379,29,60,22,100,21,200,46,2,47,88,48,855,55,60,56,33,41.5
2026-04-18 02:52:21 AM,KXATPCHALLENGERMATCH-26APR18BRORIE-BRO,37,12,35,379,29,60,22,100,21,200,45,21,46,2,47,88,48,855,55,60,41.0
2026-04-18 02:52:21 AM,KXATPCHALLENGERMATCH-26APR18BRORIE-BRO,37,12,35,379,29,60,22,100,21,200,45,21,46,1,47,88,48,855,55,60,41.0
2026-04-18 02:52:21 AM,KXATPCHALLENGERMATCH-26APR18BRORIE-BRO,37,12,35,379,29,60,22,100,21,200,45,21,46,1,47,30,48,855,55,60,41.0
2026-04-18 02:52:21 AM,KXATPCHALLENGERMATCH-26APR18BRORIE-BRO,37,12,35,379,29,60,22,100,20,5000,45,21,46,1,47,30,48,855,55,60,41.0
2026-04-18 02:52:21 AM,KXATPCHALLENGERMATCH-26APR18BRORIE-BRO,37,12,36,161,35,379,29,60,22,100,45,21,46,1,47,30,48,855,55,60,41.0
2026-04-18 02:52:21 AM,KXATPCHALLENGERMATCH-26APR18BRORIE-BRO,37,12,36,68,35,379,29,60,22,100,45,21,46,1,47,30,48,855,55,60,41.0
2026-04-18 02:52:21 AM,KXATPCHALLENGERMATCH-26APR18BRORIE-BRO,37,12,36,68,35,379,29,60,22,100,45,21,46,107,47,30,48,855,55,60,41.0
2026-04-18 02:52:21 AM,KXATPCHALLENGERMATCH-26APR18BRORIE-BRO,37,12,36,68,35,379,29,60,23,200,45,21,46,107,47,30,48,855,55,60,41.0
2026-04-18 02:52:21 AM,KXATPCHALLENGERMATCH-26APR18BRORIE-BRO,37,12,36,68,35,379,29,60,24,100,45,21,46,107,47,30,48,855,55,60,41.0
2026-04-18 02:52:43 AM,KXATPCHALLENGERMATCH-26APR18BRORIE-BRO,37,12,35,379,29,60,24,100,23,200,45,21,46,107,47,30,48,855,55,60,41.0
2026-04-18 02:52:43 AM,KXATPCHALLENGERMATCH-26APR18BRORIE-BRO,37,12,35,379,29,60,24,100,23,200,45,21,46,107,48,855,55,60,56,33,41.0
2026-04-18 02:52:58 AM,KXATPCHALLENGERMATCH-26APR18BRORIE-BRO,37,12,35,379,29,60,24,100,23,200,46,107,48,855,55,60,56,33,57,24,41.5
2026-04-18 02:52:58 AM,KXATPCHALLENGERMATCH-26APR18BRORIE-BRO,37,12,35,379,29,60,24,100,23,200,45,21,46,107,48,855,55,60,56,33,41.0
2026-04-18 02:52:58 AM,KXATPCHALLENGERMATCH-26APR18BRORIE-BRO,37,12,35,379,29,60,24,100,23,200,45,6,46,107,48,855,55,60,56,33,41.0
2026-04-18 02:52:58 AM,KXATPCHALLENGERMATCH-26APR18BRORIE-BRO,37,12,35,379,29,60,24,100,23,200,45,6,46,107,55,60,56,33,57,24,41.0
2026-04-18 02:52:58 AM,KXATPCHALLENGERMATCH-26APR18BRORIE-BRO,37,12,35,379,29,60,24,100,23,200,45,6,46,107,50,855,55,60,56,33,41.0
2026-04-18 02:52:59 AM,KXATPCHALLENGERMATCH-26APR18BRORIE-BRO,37,12,35,379,29,60,24,100,23,200,45,6,46,1,50,855,55,60,56,33,41.0
2026-04-18 02:52:59 AM,KXATPCHALLENGERMATCH-26APR18BRORIE-BRO,37,12,35,379,29,60,24,100,23,200,45,6,46,1,49,116,50,855,55,60,41.0
2026-04-18 02:53:16 AM,KXATPCHALLENGERMATCH-26APR18BRORIE-BRO,37,2,35,379,29,60,24,100,23,200,45,6,46,1,49,116,50,855,55,60,41.0
2026-04-18 02:53:16 AM,KXATPCHALLENGERMATCH-26APR18BRORIE-BRO,37,2,35,379,29,60,24,100,23,200,42,10,45,6,46,1,49,116,50,855,39.5
2026-04-18 02:53:16 AM,KXATPCHALLENGERMATCH-26APR18BRORIE-BRO,37,2,35,379,29,60,24,100,23,200,42,10,46,1,49,116,50,855,56,33,39.5
2026-04-18 02:53:16 AM,KXATPCHALLENGERMATCH-26APR18BRORIE-BRO,37,2,35,379,29,60,24,100,23,200,42,20,46,1,49,116,50,855,56,33,39.5
2026-04-18 02:53:16 AM,KXATPCHALLENGERMATCH-26APR18BRORIE-BRO,37,2,35,379,29,60,24,100,23,200,42,20,46,1,48,60,49,116,50,855,39.5
2026-04-18 02:53:16 AM,KXATPCHALLENGERMATCH-26APR18BRORIE-BRO,37,2,35,379,29,60,24,100,23,200,42,20,46,1,48,60,50,855,56,33,39.5
2026-04-18 02:53:16 AM,KXATPCHALLENGERMATCH-26APR18BRORIE-BRO,37,2,35,379,29,60,24,100,23,200,42,20,46,1,47,166,48,60,50,855,39.5
2026-04-18 02:53:17 AM,KXATPCHALLENGERMATCH-26APR18BRORIE-BRO,37,2,35,379,29,60,24,100,23,200,42,20,46,2,47,166,48,60,50,855,39.5
2026-04-18 02:53:28 AM,KXATPCHALLENGERMATCH-26APR18BRORIE-BRO,37,1,35,379,29,60,24,100,23,200,42,20,46,2,47,166,48,60,50,855,39.5
2026-04-18 02:53:28 AM,KXATPCHALLENGERMATCH-26APR18BRORIE-BRO,37,1,35,379,29,60,24,100,23,200,42,20,46,1,47,166,48,60,50,855,39.5
2026-04-18 02:53:45 AM,KXATPCHALLENGERMATCH-26APR18BRORIE-BRO,37,1,35,379,29,60,24,100,23,200,42,10,46,1,47,166,48,60,50,855,39.5
2026-04-18 02:53:45 AM,KXATPCHALLENGERMATCH-26APR18BRORIE-BRO,37,1,35,379,29,60,24,100,23,200,46,1,47,166,48,60,50,855,56,33,41.5
2026-04-18 02:53:45 AM,KXATPCHALLENGERMATCH-26APR18BRORIE-BRO,37,1,35,379,29,60,24,100,23,200,46,7,47,166,48,60,50,855,56,33,41.5
2026-04-18 02:53:46 AM,KXATPCHALLENGERMATCH-26APR18BRORIE-BRO,37,1,35,379,29,60,24,100,23,200,46,7,48,60,50,855,56,33,57,24,41.5
2026-04-18 02:53:46 AM,KXATPCHALLENGERMATCH-26APR18BRORIE-BRO,37,1,35,379,29,60,24,100,23,200,46,7,47,151,48,60,50,855,56,33,41.5
2026-04-18 02:53:47 AM,KXATPCHALLENGERMATCH-26APR18BRORIE-BRO,37,1,35,379,29,60,24,100,23,200,46,7,47,151,50,855,56,33,57,24,41.5
2026-04-18 02:53:47 AM,KXATPCHALLENGERMATCH-26APR18BRORIE-BRO,37,1,35,379,29,60,24,100,23,200,46,7,47,151,50,855,55,60,56,33,41.5
2026-04-18 02:54:13 AM,KXATPCHALLENGERMATCH-26APR18BRORIE-BRO,37,1,35,379,29,60,24,100,23,200,46,14,47,151,50,855,55,60,56,33,41.5
2026-04-18 02:54:34 AM,KXATPCHALLENGERMATCH-26APR18BRORIE-BRO,37,1,35,379,29,60,24,100,23,200,46,14,47,151,55,60,56,33,57,24,41.5
2026-04-18 02:54:34 AM,KXATPCHALLENGERMATCH-26APR18BRORIE-BRO,37,1,35,379,29,60,24,100,23,200,45,855,46,14,47,151,55,60,56,33,41.0
2026-04-18 02:54:34 AM,KXATPCHALLENGERMATCH-26APR18BRORIE-BRO,37,1,35,379,29,60,24,100,23,200,45,855,46,23,47,151,55,60,56,33,41.0
2026-04-18 02:54:34 AM,KXATPCHALLENGERMATCH-26APR18BRORIE-BRO,37,1,35,379,29,60,24,100,23,200,45,855,46,1,47,151,55,60,56,33,41.0
2026-04-18 02:54:34 AM,KXATPCHALLENGERMATCH-26APR18BRORIE-BRO,37,1,35,379,29,60,24,100,23,200,44,21,45,855,46,1,47,151,55,60,40.5
2026-04-18 02:54:34 AM,KXATPCHALLENGERMATCH-26APR18BRORIE-BRO,37,1,35,379,29,60,24,100,23,200,44,21,45,855,46,1,55,60,56,33,40.5
2026-04-18 02:54:34 AM,KXATPCHALLENGERMATCH-26APR18BRORIE-BRO,37,1,35,379,29,60,24,100,23,200,44,137,45,855,46,1,55,60,56,33,40.5
2026-04-18 02:54:35 AM,KXATPCHALLENGERMATCH-26APR18BRORIE-BRO,37,1,35,379,29,60,24,100,23,200,44,21,45,855,46,1,55,60,56,33,40.5
2026-04-18 02:54:35 AM,KXATPCHALLENGERMATCH-26APR18BRORIE-BRO,37,1,35,379,29,60,24,100,23,200,44,137,45,855,46,1,55,60,56,33,40.5
2026-04-18 02:54:36 AM,KXATPCHALLENGERMATCH-26APR18BRORIE-BRO,37,1,35,379,29,60,24,100,23,200,44,21,45,855,46,1,55,60,56,33,40.5
2026-04-18 02:54:36 AM,KXATPCHALLENGERMATCH-26APR18BRORIE-BRO,37,1,35,379,29,60,24,100,23,200,44,137,45,855,46,1,55,60,56,33,40.5
2026-04-18 02:54:37 AM,KXATPCHALLENGERMATCH-26APR18BRORIE-BRO,37,1,35,379,29,60,24,100,23,200,44,21,45,855,46,1,55,60,56,33,40.5
2026-04-18 02:54:37 AM,KXATPCHALLENGERMATCH-26APR18BRORIE-BRO,37,1,35,379,29,60,24,100,23,200,44,137,45,855,46,1,55,60,56,33,40.5
2026-04-18 02:54:38 AM,KXATPCHALLENGERMATCH-26APR18BRORIE-BRO,37,1,35,379,29,60,24,100,23,200,44,21,45,855,46,1,55,60,56,33,40.5
2026-04-18 02:54:38 AM,KXATPCHALLENGERMATCH-26APR18BRORIE-BRO,37,1,35,379,29,60,24,100,23,200,44,137,45,855,46,1,55,60,56,33,40.5
2026-04-18 02:54:38 AM,KXATPCHALLENGERMATCH-26APR18BRORIE-BRO,37,1,35,379,29,60,24,100,23,200,44,21,45,855,46,1,55,60,56,33,40.5
2026-04-18 02:54:38 AM,KXATPCHALLENGERMATCH-26APR18BRORIE-BRO,37,1,35,379,29,60,24,100,23,200,44,137,45,855,46,1,55,60,56,33,40.5
2026-04-18 02:54:39 AM,KXATPCHALLENGERMATCH-26APR18BRORIE-BRO,37,1,35,379,29,60,24,100,23,200,44,21,45,855,46,1,55,60,56,33,40.5
2026-04-18 02:54:40 AM,KXATPCHALLENGERMATCH-26APR18BRORIE-BRO,37,1,35,379,29,60,24,100,23,200,44,137,45,855,46,1,55,60,56,33,40.5
2026-04-18 02:54:40 AM,KXATPCHALLENGERMATCH-26APR18BRORIE-BRO,37,1,35,379,29,60,24,100,23,200,44,21,45,855,46,1,55,60,56,33,40.5
2026-04-18 02:54:41 AM,KXATPCHALLENGERMATCH-26APR18BRORIE-BRO,37,1,35,379,29,60,24,100,23,200,44,137,45,855,46,1,55,60,56,33,40.5
2026-04-18 02:54:41 AM,KXATPCHALLENGERMATCH-26APR18BRORIE-BRO,37,1,35,379,29,60,24,100,23,200,44,21,45,855,46,1,55,60,56,33,40.5
2026-04-18 02:54:41 AM,KXATPCHALLENGERMATCH-26APR18BRORIE-BRO,37,1,35,379,29,60,24,100,23,200,44,137,45,855,46,1,55,60,56,33,40.5
2026-04-18 02:54:41 AM,KXATPCHALLENGERMATCH-26APR18BRORIE-BRO,37,1,35,379,29,60,24,100,23,200,44,21,45,855,46,1,55,60,56,33,40.5
2026-04-18 02:54:41 AM,KXATPCHALLENGERMATCH-26APR18BRORIE-BRO,37,1,35,379,29,60,24,100,23,200,44,137,45,855,46,1,55,60,56,33,40.5
2026-04-18 02:54:42 AM,KXATPCHALLENGERMATCH-26APR18BRORIE-BRO,37,1,35,379,29,60,24,100,23,200,44,21,45,855,46,1,55,60,56,33,40.5
2026-04-18 02:54:42 AM,KXATPCHALLENGERMATCH-26APR18BRORIE-BRO,37,1,35,379,29,60,24,100,23,200,44,137,45,855,46,1,55,60,56,33,40.5
2026-04-18 02:54:42 AM,KXATPCHALLENGERMATCH-26APR18BRORIE-BRO,37,1,35,379,29,60,24,100,23,200,44,21,45,855,46,1,55,60,56,33,40.5
2026-04-18 02:54:42 AM,KXATPCHALLENGERMATCH-26APR18BRORIE-BRO,37,1,35,379,29,60,24,100,23,200,44,137,45,855,46,1,55,60,56,33,40.5
2026-04-18 02:54:43 AM,KXATPCHALLENGERMATCH-26APR18BRORIE-BRO,37,1,35,379,29,60,24,100,23,200,44,21,45,855,46,1,55,60,56,33,40.5
2026-04-18 02:54:43 AM,KXATPCHALLENGERMATCH-26APR18BRORIE-BRO,37,1,35,379,29,60,24,100,23,200,44,137,45,855,46,1,55,60,56,33,40.5
2026-04-18 02:54:44 AM,KXATPCHALLENGERMATCH-26APR18BRORIE-BRO,37,1,35,379,29,60,24,100,23,200,44,21,45,855,46,1,55,60,56,33,40.5
2026-04-18 02:54:44 AM,KXATPCHALLENGERMATCH-26APR18BRORIE-BRO,37,1,35,379,29,60,24,100,23,200,44,137,45,855,46,1,55,60,56,33,40.5
2026-04-18 02:54:44 AM,KXATPCHALLENGERMATCH-26APR18BRORIE-BRO,37,1,35,379,29,60,24,100,23,200,44,21,45,855,46,1,55,60,56,33,40.5
2026-04-18 02:54:44 AM,KXATPCHALLENGERMATCH-26APR18BRORIE-BRO,37,1,35,379,29,60,24,100,23,200,44,137,45,855,46,1,55,60,56,33,40.5
2026-04-18 02:54:45 AM,KXATPCHALLENGERMATCH-26APR18BRORIE-BRO,37,1,35,379,29,60,24,100,23,200,44,21,45,855,46,1,55,60,56,33,40.5
2026-04-18 02:54:45 AM,KXATPCHALLENGERMATCH-26APR18BRORIE-BRO,37,1,35,379,29,60,24,100,23,200,44,137,45,855,46,1,55,60,56,33,40.5
2026-04-18 02:54:45 AM,KXATPCHALLENGERMATCH-26APR18BRORIE-BRO,37,1,35,379,29,60,24,100,23,200,44,21,45,855,46,1,55,60,56,33,40.5
2026-04-18 02:54:45 AM,KXATPCHALLENGERMATCH-26APR18BRORIE-BRO,37,1,35,379,29,60,24,100,23,200,44,137,45,855,46,1,55,60,56,33,40.5
2026-04-18 02:54:46 AM,KXATPCHALLENGERMATCH-26APR18BRORIE-BRO,37,1,35,379,29,60,24,100,23,200,43,177,44,137,45,855,46,1,55,60,40.0
2026-04-18 02:54:46 AM,KXATPCHALLENGERMATCH-26APR18BRORIE-BRO,37,1,35,379,29,60,24,100,23,200,43,177,44,116,45,855,46,1,55,60,40.0
2026-04-18 02:54:46 AM,KXATPCHALLENGERMATCH-26APR18BRORIE-BRO,37,1,35,379,29,60,24,100,23,200,43,177,45,855,46,1,55,60,56,33,40.0
2026-04-18 02:54:46 AM,KXATPCHALLENGERMATCH-26APR18BRORIE-BRO,37,1,35,379,29,60,24,100,23,200,45,855,46,1,55,60,56,33,57,24,41.0
2026-04-18 02:54:46 AM,KXATPCHALLENGERMATCH-26APR18BRORIE-BRO,37,1,35,379,29,60,24,100,23,200,45,1032,46,1,55,60,56,33,57,24,41.0
2026-04-18 02:54:46 AM,KXATPCHALLENGERMATCH-26APR18BRORIE-BRO,37,1,35,379,29,60,24,100,23,200,44,21,45,1032,46,1,55,60,56,33,40.5
2026-04-18 02:54:46 AM,KXATPCHALLENGERMATCH-26APR18BRORIE-BRO,37,1,35,379,29,60,24,100,23,200,44,21,45,177,46,1,55,60,56,33,40.5
2026-04-18 02:54:46 AM,KXATPCHALLENGERMATCH-26APR18BRORIE-BRO,37,1,35,379,29,60,24,100,23,200,44,21,45,177,46,1,54,1978,55,60,40.5
2026-04-18 02:54:46 AM,KXATPCHALLENGERMATCH-26APR18BRORIE-BRO,37,1,35,379,29,60,24,100,23,200,44,21,45,177,46,1,55,60,56,33,40.5
2026-04-18 02:54:46 AM,KXATPCHALLENGERMATCH-26APR18BRORIE-BRO,37,1,35,379,29,60,24,100,23,200,44,21,45,1032,46,1,55,60,56,33,40.5
2026-04-18 02:54:46 AM,KXATPCHALLENGERMATCH-26APR18BRORIE-BRO,37,1,35,379,29,60,24,100,23,200,44,21,45,1032,46,1,56,33,57,24,40.5
2026-04-18 02:54:46 AM,KXATPCHALLENGERMATCH-26APR18BRORIE-BRO,37,1,35,379,29,60,24,100,23,200,44,21,45,1032,46,1,53,60,56,33,40.5
2026-04-18 02:54:46 AM,KXATPCHALLENGERMATCH-26APR18BRORIE-BRO,37,1,35,379,29,60,24,100,23,200,44,137,45,1032,46,1,53,60,56,33,40.5
2026-04-18 02:54:47 AM,KXATPCHALLENGERMATCH-26APR18BRORIE-BRO,37,1,35,379,29,60,24,100,23,200,44,21,45,1032,46,1,53,60,56,33,40.5
2026-04-18 02:54:47 AM,KXATPCHALLENGERMATCH-26APR18BRORIE-BRO,37,1,35,379,29,60,24,100,23,200,44,137,45,1032,46,1,53,60,56,33,40.5
2026-04-18 02:54:47 AM,KXATPCHALLENGERMATCH-26APR18BRORIE-BRO,37,1,35,379,29,60,24,100,23,200,44,21,45,1032,46,1,53,60,56,33,40.5
2026-04-18 02:54:47 AM,KXATPCHALLENGERMATCH-26APR18BRORIE-BRO,37,1,35,379,29,60,24,100,23,200,44,137,45,1032,46,1,53,60,56,33,40.5
2026-04-18 02:54:48 AM,KXATPCHALLENGERMATCH-26APR18BRORIE-BRO,37,1,35,379,29,60,24,100,23,200,44,21,45,1032,46,1,53,60,56,33,40.5
2026-04-18 02:54:48 AM,KXATPCHALLENGERMATCH-26APR18BRORIE-BRO,37,1,35,379,29,60,24,100,23,200,44,137,45,1032,46,1,53,60,56,33,40.5
2026-04-18 02:54:49 AM,KXATPCHALLENGERMATCH-26APR18BRORIE-BRO,37,1,35,379,29,60,24,100,23,200,44,21,45,1032,46,1,53,60,56,33,40.5
2026-04-18 02:54:49 AM,KXATPCHALLENGERMATCH-26APR18BRORIE-BRO,37,1,35,379,29,60,24,100,23,200,44,137,45,1032,46,1,53,60,56,33,40.5
2026-04-18 02:54:50 AM,KXATPCHALLENGERMATCH-26APR18BRORIE-BRO,37,1,35,379,29,60,24,100,23,200,44,21,45,1032,46,1,53,60,56,33,40.5
2026-04-18 02:54:50 AM,KXATPCHALLENGERMATCH-26APR18BRORIE-BRO,37,1,35,379,29,60,24,100,23,200,44,137,45,1032,46,1,53,60,56,33,40.5
2026-04-18 02:54:50 AM,KXATPCHALLENGERMATCH-26APR18BRORIE-BRO,37,1,35,379,29,60,24,100,23,200,44,21,45,1032,46,1,53,60,56,33,40.5
2026-04-18 02:54:50 AM,KXATPCHALLENGERMATCH-26APR18BRORIE-BRO,37,1,35,379,29,60,24,100,23,200,44,137,45,1032,46,1,53,60,56,33,40.5
2026-04-18 02:54:51 AM,KXATPCHALLENGERMATCH-26APR18BRORIE-BRO,37,1,35,379,29,60,24,100,23,200,44,21,45,1032,46,1,53,60,56,33,40.5
2026-04-18 02:54:51 AM,KXATPCHALLENGERMATCH-26APR18BRORIE-BRO,37,1,35,379,29,60,24,100,23,200,44,137,45,1032,46,1,53,60,56,33,40.5
2026-04-18 02:54:51 AM,KXATPCHALLENGERMATCH-26APR18BRORIE-BRO,37,1,35,379,29,60,24,100,23,200,44,21,45,1032,46,1,53,60,56,33,40.5
2026-04-18 02:54:52 AM,KXATPCHALLENGERMATCH-26APR18BRORIE-BRO,37,1,35,379,29,60,24,100,23,200,44,137,45,1032,46,1,53,60,56,33,40.5
2026-04-18 02:54:52 AM,KXATPCHALLENGERMATCH-26APR18BRORIE-BRO,37,1,35,379,29,60,24,100,23,200,44,21,45,1032,46,1,53,60,56,33,40.5
2026-04-18 02:54:52 AM,KXATPCHALLENGERMATCH-26APR18BRORIE-BRO,37,1,35,379,29,60,24,100,23,200,44,137,45,1032,46,1,53,60,56,33,40.5
2026-04-18 02:54:53 AM,KXATPCHALLENGERMATCH-26APR18BRORIE-BRO,37,1,35,379,29,60,24,100,23,200,44,21,45,1032,46,1,53,60,56,33,40.5
2026-04-18 02:54:53 AM,KXATPCHALLENGERMATCH-26APR18BRORIE-BRO,37,1,35,379,29,60,24,100,23,200,44,137,45,1032,46,1,53,60,56,33,40.5
2026-04-18 02:54:53 AM,KXATPCHALLENGERMATCH-26APR18BRORIE-BRO,37,1,35,379,29,60,24,100,23,200,44,21,45,1032,46,1,53,60,56,33,40.5
2026-04-18 02:54:53 AM,KXATPCHALLENGERMATCH-26APR18BRORIE-BRO,37,1,35,379,29,60,24,100,23,200,44,137,45,1032,46,1,53,60,56,33,40.5
2026-04-18 02:54:54 AM,KXATPCHALLENGERMATCH-26APR18BRORIE-BRO,37,1,35,379,29,60,24,100,23,200,44,21,45,1032,46,1,53,60,56,33,40.5
2026-04-18 02:54:54 AM,KXATPCHALLENGERMATCH-26APR18BRORIE-BRO,37,1,35,379,29,60,24,100,23,200,44,137,45,1032,46,1,53,60,56,33,40.5
2026-04-18 02:54:54 AM,KXATPCHALLENGERMATCH-26APR18BRORIE-BRO,37,1,35,379,29,60,24,100,23,200,44,21,45,1032,46,1,53,60,56,33,40.5
2026-04-18 02:54:55 AM,KXATPCHALLENGERMATCH-26APR18BRORIE-BRO,37,1,35,379,29,60,24,100,23,200,44,137,45,1032,46,1,53,60,56,33,40.5
2026-04-18 02:54:55 AM,KXATPCHALLENGERMATCH-26APR18BRORIE-BRO,37,1,35,379,29,60,24,100,23,200,44,21,45,1032,46,1,53,60,56,33,40.5
2026-04-18 02:54:55 AM,KXATPCHALLENGERMATCH-26APR18BRORIE-BRO,37,1,35,379,29,60,24,100,23,200,44,137,45,1032,46,1,53,60,56,33,40.5
2026-04-18 02:54:55 AM,KXATPCHALLENGERMATCH-26APR18BRORIE-BRO,37,1,35,379,29,60,24,100,23,200,44,21,45,1032,46,1,53,60,56,33,40.5
2026-04-18 02:54:55 AM,KXATPCHALLENGERMATCH-26APR18BRORIE-BRO,37,1,35,379,29,60,24,100,23,200,44,137,45,1032,46,1,53,60,56,33,40.5
2026-04-18 02:54:55 AM,KXATPCHALLENGERMATCH-26APR18BRORIE-BRO,37,1,35,379,29,60,24,100,23,200,44,167,45,1032,46,1,53,60,56,33,40.5
2026-04-18 02:54:55 AM,KXATPCHALLENGERMATCH-26APR18BRORIE-BRO,37,1,35,379,29,60,24,100,23,200,44,51,45,1032,46,1,53,60,56,33,40.5
2026-04-18 02:54:56 AM,KXATPCHALLENGERMATCH-26APR18BRORIE-BRO,37,1,35,379,29,60,24,100,23,200,44,170,45,1032,46,1,53,60,56,33,40.5
2026-04-18 02:54:56 AM,KXATPCHALLENGERMATCH-26APR18BRORIE-BRO,37,1,35,379,29,60,24,100,23,200,44,51,45,1032,46,1,53,60,56,33,40.5
2026-04-18 02:54:56 AM,KXATPCHALLENGERMATCH-26APR18BRORIE-BRO,37,1,35,379,29,60,24,100,23,200,44,170,45,1032,46,1,53,60,56,33,40.5
2026-04-18 02:54:56 AM,KXATPCHALLENGERMATCH-26APR18BRORIE-BRO,37,1,35,379,29,60,24,100,23,200,44,51,45,1032,46,1,53,60,56,33,40.5
2026-04-18 02:54:57 AM,KXATPCHALLENGERMATCH-26APR18BRORIE-BRO,37,1,35,379,29,60,24,100,23,200,44,170,45,1032,46,1,53,60,56,33,40.5
2026-04-18 02:54:57 AM,KXATPCHALLENGERMATCH-26APR18BRORIE-BRO,37,1,35,379,29,60,24,100,23,200,44,51,45,1032,46,1,53,60,56,33,40.5
2026-04-18 02:54:57 AM,KXATPCHALLENGERMATCH-26APR18BRORIE-BRO,37,1,35,379,29,60,24,100,23,200,44,170,45,1032,46,1,53,60,56,33,40.5
2026-04-18 02:54:57 AM,KXATPCHALLENGERMATCH-26APR18BRORIE-BRO,37,1,35,379,29,60,24,100,23,200,44,51,45,1032,46,1,53,60,56,33,40.5
2026-04-18 02:54:57 AM,KXATPCHALLENGERMATCH-26APR18BRORIE-BRO,37,1,35,379,29,60,24,100,23,200,44,170,45,1032,46,1,53,60,56,33,40.5
2026-04-18 02:54:58 AM,KXATPCHALLENGERMATCH-26APR18BRORIE-BRO,37,1,35,379,29,60,24,100,23,200,44,51,45,1032,46,1,53,60,56,33,40.5
2026-04-18 02:54:58 AM,KXATPCHALLENGERMATCH-26APR18BRORIE-BRO,37,1,35,379,29,60,24,100,23,200,44,170,45,1032,46,1,53,60,56,33,40.5
2026-04-18 02:54:58 AM,KXATPCHALLENGERMATCH-26APR18BRORIE-BRO,37,1,35,379,29,60,24,100,23,200,44,51,45,1032,46,1,53,60,56,33,40.5
2026-04-18 02:54:59 AM,KXATPCHALLENGERMATCH-26APR18BRORIE-BRO,37,1,35,379,29,60,24,100,23,200,44,170,45,1032,46,1,53,60,56,33,40.5
2026-04-18 02:54:59 AM,KXATPCHALLENGERMATCH-26APR18BRORIE-BRO,37,1,35,379,29,60,24,100,23,200,44,51,45,1032,46,1,53,60,56,33,40.5
2026-04-18 02:54:59 AM,KXATPCHALLENGERMATCH-26APR18BRORIE-BRO,37,1,35,379,29,60,24,100,23,200,44,170,45,1032,46,1,53,60,56,33,40.5
2026-04-18 02:54:59 AM,KXATPCHALLENGERMATCH-26APR18BRORIE-BRO,37,1,35,379,29,60,24,100,23,200,44,51,45,1032,46,1,53,60,56,33,40.5
2026-04-18 02:55:00 AM,KXATPCHALLENGERMATCH-26APR18BRORIE-BRO,37,1,35,379,29,60,24,100,23,200,44,170,45,1032,46,1,53,60,56,33,40.5
2026-04-18 02:55:00 AM,KXATPCHALLENGERMATCH-26APR18BRORIE-BRO,37,1,35,379,29,60,24,100,23,200,44,51,45,1032,46,1,53,60,56,33,40.5
2026-04-18 02:55:00 AM,KXATPCHALLENGERMATCH-26APR18BRORIE-BRO,37,1,35,379,29,60,24,100,23,200,44,170,45,1032,46,1,53,60,56,33,40.5
2026-04-18 02:55:01 AM,KXATPCHALLENGERMATCH-26APR18BRORIE-BRO,37,1,35,379,29,60,24,100,23,200,44,51,45,1032,46,1,53,60,56,33,40.5
2026-04-18 02:55:01 AM,KXATPCHALLENGERMATCH-26APR18BRORIE-BRO,37,1,35,379,29,60,24,100,23,200,44,170,45,1032,46,1,53,60,56,33,40.5
2026-04-18 02:55:01 AM,KXATPCHALLENGERMATCH-26APR18BRORIE-BRO,37,1,35,379,29,60,24,100,23,200,44,51,45,1032,46,1,53,60,56,33,40.5
2026-04-18 02:55:01 AM,KXATPCHALLENGERMATCH-26APR18BRORIE-BRO,37,1,35,379,29,60,24,100,23,200,44,170,45,1032,46,1,53,60,56,33,40.5
2026-04-18 02:55:01 AM,KXATPCHALLENGERMATCH-26APR18BRORIE-BRO,37,1,35,379,29,60,24,100,23,200,44,51,45,1032,46,1,53,60,56,33,40.5
2026-04-18 02:55:02 AM,KXATPCHALLENGERMATCH-26APR18BRORIE-BRO,37,1,35,379,29,60,24,100,23,200,44,170,45,1032,46,1,53,60,56,33,40.5
2026-04-18 02:55:02 AM,KXATPCHALLENGERMATCH-26APR18BRORIE-BRO,37,1,35,379,29,60,24,100,23,200,44,51,45,1032,46,1,53,60,56,33,40.5
2026-04-18 02:55:02 AM,KXATPCHALLENGERMATCH-26APR18BRORIE-BRO,37,1,35,379,29,60,24,100,23,200,44,170,45,1032,46,1,53,60,56,33,40.5
2026-04-18 02:55:02 AM,KXATPCHALLENGERMATCH-26APR18BRORIE-BRO,37,1,35,379,29,60,24,100,23,200,44,51,45,1032,46,1,53,60,56,33,40.5
2026-04-18 02:55:03 AM,KXATPCHALLENGERMATCH-26APR18BRORIE-BRO,37,1,35,379,29,60,24,100,23,200,44,170,45,1032,46,1,53,60,56,33,40.5
2026-04-18 02:55:03 AM,KXATPCHALLENGERMATCH-26APR18BRORIE-BRO,37,1,35,379,29,60,24,100,23,200,44,51,45,1032,46,1,53,60,56,33,40.5
2026-04-18 02:55:03 AM,KXATPCHALLENGERMATCH-26APR18BRORIE-BRO,37,1,35,379,29,60,24,100,23,200,44,170,45,1032,46,1,53,60,56,33,40.5
2026-04-18 02:55:03 AM,KXATPCHALLENGERMATCH-26APR18BRORIE-BRO,37,1,35,379,29,60,24,100,23,200,44,51,45,1032,46,1,53,60,56,33,40.5
2026-04-18 02:55:04 AM,KXATPCHALLENGERMATCH-26APR18BRORIE-BRO,37,1,35,379,29,60,24,100,23,200,44,170,45,1032,46,1,53,60,56,33,40.5
2026-04-18 02:55:04 AM,KXATPCHALLENGERMATCH-26APR18BRORIE-BRO,37,1,35,379,29,60,24,100,23,200,44,51,45,1032,46,1,53,60,56,33,40.5
2026-04-18 02:55:04 AM,KXATPCHALLENGERMATCH-26APR18BRORIE-BRO,37,1,35,379,29,60,24,100,23,200,44,170,45,1032,46,1,53,60,56,33,40.5
2026-04-18 02:55:04 AM,KXATPCHALLENGERMATCH-26APR18BRORIE-BRO,37,1,35,379,29,60,24,100,23,200,44,51,45,1032,46,1,53,60,56,33,40.5
2026-04-18 02:55:04 AM,KXATPCHALLENGERMATCH-26APR18BRORIE-BRO,37,1,35,379,29,60,24,100,23,200,44,170,45,1032,46,1,53,60,56,33,40.5
2026-04-18 02:55:05 AM,KXATPCHALLENGERMATCH-26APR18BRORIE-BRO,37,1,35,379,29,60,24,100,23,200,44,51,45,1032,46,1,53,60,56,33,40.5
2026-04-18 02:55:05 AM,KXATPCHALLENGERMATCH-26APR18BRORIE-BRO,37,1,35,379,29,60,24,100,23,200,44,170,45,1032,46,1,53,60,56,33,40.5
2026-04-18 02:55:05 AM,KXATPCHALLENGERMATCH-26APR18BRORIE-BRO,37,1,35,379,29,60,24,100,23,200,44,51,45,1032,46,1,53,60,56,33,40.5
2026-04-18 02:55:05 AM,KXATPCHALLENGERMATCH-26APR18BRORIE-BRO,37,1,35,379,29,60,24,100,23,200,44,170,45,1032,46,1,53,60,56,33,40.5
2026-04-18 02:55:05 AM,KXATPCHALLENGERMATCH-26APR18BRORIE-BRO,37,1,35,379,29,60,24,100,23,200,44,51,45,1032,46,1,53,60,56,33,40.5
2026-04-18 02:55:05 AM,KXATPCHALLENGERMATCH-26APR18BRORIE-BRO,37,1,35,379,29,60,24,100,23,200,44,170,45,1032,46,1,53,60,56,33,40.5
2026-04-18 02:55:06 AM,KXATPCHALLENGERMATCH-26APR18BRORIE-BRO,37,1,35,379,29,60,24,100,23,200,44,51,45,1032,46,1,53,60,56,33,40.5
2026-04-18 02:55:06 AM,KXATPCHALLENGERMATCH-26APR18BRORIE-BRO,37,1,35,379,29,60,24,100,23,200,44,170,45,1032,46,1,53,60,56,33,40.5
2026-04-18 02:55:06 AM,KXATPCHALLENGERMATCH-26APR18BRORIE-BRO,37,1,35,379,29,60,24,100,23,200,44,51,45,1032,46,1,53,60,56,33,40.5
2026-04-18 02:55:06 AM,KXATPCHALLENGERMATCH-26APR18BRORIE-BRO,37,1,35,379,29,60,24,100,23,200,44,170,45,1032,46,1,53,60,56,33,40.5
2026-04-18 02:55:06 AM,KXATPCHALLENGERMATCH-26APR18BRORIE-BRO,37,1,35,379,29,60,24,100,23,200,44,51,45,1032,46,1,53,60,56,33,40.5
2026-04-18 02:55:06 AM,KXATPCHALLENGERMATCH-26APR18BRORIE-BRO,37,1,35,379,29,60,24,100,23,200,44,170,45,1032,46,1,53,60,56,33,40.5
2026-04-18 02:55:06 AM,KXATPCHALLENGERMATCH-26APR18BRORIE-BRO,37,1,35,379,29,60,24,100,23,200,44,51,45,1032,46,1,53,60,56,33,40.5
2026-04-18 02:55:07 AM,KXATPCHALLENGERMATCH-26APR18BRORIE-BRO,37,1,35,379,29,60,24,100,23,200,44,170,45,1032,46,1,53,60,56,33,40.5
2026-04-18 02:55:07 AM,KXATPCHALLENGERMATCH-26APR18BRORIE-BRO,37,1,35,379,29,60,24,100,23,200,44,51,45,1032,46,1,53,60,56,33,40.5
2026-04-18 02:55:07 AM,KXATPCHALLENGERMATCH-26APR18BRORIE-BRO,37,1,35,379,29,60,24,100,23,200,44,170,45,1032,46,1,53,60,56,33,40.5
2026-04-18 02:55:07 AM,KXATPCHALLENGERMATCH-26APR18BRORIE-BRO,37,1,35,379,29,60,24,100,23,200,44,51,45,1032,46,1,53,60,56,33,40.5
2026-04-18 02:55:07 AM,KXATPCHALLENGERMATCH-26APR18BRORIE-BRO,37,1,35,379,29,60,24,100,23,200,44,170,45,1032,46,1,53,60,56,33,40.5
2026-04-18 02:55:07 AM,KXATPCHALLENGERMATCH-26APR18BRORIE-BRO,37,1,35,379,29,60,24,100,23,200,44,51,45,1032,46,1,53,60,56,33,40.5
2026-04-18 02:55:08 AM,KXATPCHALLENGERMATCH-26APR18BRORIE-BRO,37,1,35,379,29,60,24,100,23,200,44,170,45,1032,46,1,53,60,56,33,40.5
2026-04-18 02:55:08 AM,KXATPCHALLENGERMATCH-26APR18BRORIE-BRO,37,1,35,379,29,60,24,100,23,200,44,51,45,1032,46,1,53,60,56,33,40.5
2026-04-18 02:55:08 AM,KXATPCHALLENGERMATCH-26APR18BRORIE-BRO,37,1,35,379,29,60,24,100,23,200,44,170,45,1032,46,1,53,60,56,33,40.5
2026-04-18 02:55:08 AM,KXATPCHALLENGERMATCH-26APR18BRORIE-BRO,37,1,35,379,29,60,24,100,23,200,44,51,45,1032,46,1,53,60,56,33,40.5
2026-04-18 02:55:08 AM,KXATPCHALLENGERMATCH-26APR18BRORIE-BRO,37,1,35,379,29,60,24,100,23,200,44,170,45,1032,46,1,53,60,56,33,40.5
2026-04-18 02:55:08 AM,KXATPCHALLENGERMATCH-26APR18BRORIE-BRO,37,1,35,379,29,60,24,100,23,200,44,51,45,1032,46,1,53,60,56,33,40.5
2026-04-18 02:55:08 AM,KXATPCHALLENGERMATCH-26APR18BRORIE-BRO,37,1,35,379,29,60,24,100,23,200,44,170,45,1032,46,1,53,60,56,33,40.5
2026-04-18 02:55:08 AM,KXATPCHALLENGERMATCH-26APR18BRORIE-BRO,37,1,35,379,29,60,24,100,23,200,44,51,45,1032,46,1,53,60,56,33,40.5
2026-04-18 02:55:08 AM,KXATPCHALLENGERMATCH-26APR18BRORIE-BRO,37,1,35,379,29,60,24,100,23,200,44,170,45,1032,46,1,53,60,56,33,40.5
2026-04-18 02:55:08 AM,KXATPCHALLENGERMATCH-26APR18BRORIE-BRO,37,1,35,379,29,60,24,100,23,200,44,51,45,1032,46,1,53,60,56,33,40.5
2026-04-18 02:55:09 AM,KXATPCHALLENGERMATCH-26APR18BRORIE-BRO,37,1,35,379,29,60,24,100,23,200,44,170,45,1032,46,1,53,60,56,33,40.5
2026-04-18 02:55:09 AM,KXATPCHALLENGERMATCH-26APR18BRORIE-BRO,37,1,35,379,29,60,24,100,23,200,44,51,45,1032,46,1,53,60,56,33,40.5
2026-04-18 02:55:09 AM,KXATPCHALLENGERMATCH-26APR18BRORIE-BRO,37,1,35,379,29,60,24,100,23,200,44,170,45,1032,46,1,53,60,56,33,40.5
2026-04-18 02:55:09 AM,KXATPCHALLENGERMATCH-26APR18BRORIE-BRO,37,1,35,379,29,60,24,100,23,200,44,51,45,1032,46,1,53,60,56,33,40.5
2026-04-18 02:55:09 AM,KXATPCHALLENGERMATCH-26APR18BRORIE-BRO,37,1,35,379,29,60,24,100,23,200,44,170,45,1032,46,1,53,60,56,33,40.5
2026-04-18 02:55:09 AM,KXATPCHALLENGERMATCH-26APR18BRORIE-BRO,37,1,35,379,29,60,24,100,23,200,44,51,45,1032,46,1,53,60,56,33,40.5
2026-04-18 02:55:09 AM,KXATPCHALLENGERMATCH-26APR18BRORIE-BRO,37,1,35,379,29,60,24,100,23,200,44,170,45,1032,46,1,53,60,56,33,40.5
2026-04-18 02:55:10 AM,KXATPCHALLENGERMATCH-26APR18BRORIE-BRO,37,1,35,379,29,60,24,100,23,200,44,51,45,1032,46,1,53,60,56,33,40.5
2026-04-18 02:55:10 AM,KXATPCHALLENGERMATCH-26APR18BRORIE-BRO,37,1,35,379,29,60,24,100,23,200,44,170,45,1032,46,1,53,60,56,33,40.5
2026-04-18 02:55:10 AM,KXATPCHALLENGERMATCH-26APR18BRORIE-BRO,37,1,35,379,29,60,24,100,23,200,44,51,45,1032,46,1,53,60,56,33,40.5
2026-04-18 02:55:10 AM,KXATPCHALLENGERMATCH-26APR18BRORIE-BRO,37,1,35,379,29,60,24,100,23,200,44,170,45,1032,46,1,53,60,56,33,40.5
2026-04-18 02:55:10 AM,KXATPCHALLENGERMATCH-26APR18BRORIE-BRO,37,1,35,379,29,60,24,100,23,200,44,51,45,1032,46,1,53,60,56,33,40.5
2026-04-18 02:55:10 AM,KXATPCHALLENGERMATCH-26APR18BRORIE-BRO,37,1,35,379,29,60,24,100,23,200,44,170,45,1032,46,1,53,60,56,33,40.5
2026-04-18 02:55:10 AM,KXATPCHALLENGERMATCH-26APR18BRORIE-BRO,37,1,35,379,29,60,24,100,23,200,44,51,45,1032,46,1,53,60,56,33,40.5
2026-04-18 02:55:11 AM,KXATPCHALLENGERMATCH-26APR18BRORIE-BRO,37,1,35,379,29,60,24,100,23,200,44,170,45,1032,46,1,53,60,56,33,40.5
2026-04-18 02:55:11 AM,KXATPCHALLENGERMATCH-26APR18BRORIE-BRO,37,1,35,379,29,60,24,100,23,200,44,51,45,1032,46,1,53,60,56,33,40.5
2026-04-18 02:55:11 AM,KXATPCHALLENGERMATCH-26APR18BRORIE-BRO,37,1,35,379,29,60,24,100,23,200,44,170,45,1032,46,1,53,60,56,33,40.5
2026-04-18 02:55:11 AM,KXATPCHALLENGERMATCH-26APR18BRORIE-BRO,37,1,35,379,29,60,24,100,23,200,44,51,45,1032,46,1,53,60,56,33,40.5
2026-04-18 02:55:11 AM,KXATPCHALLENGERMATCH-26APR18BRORIE-BRO,37,1,35,379,29,60,24,100,23,200,44,170,45,1032,46,1,53,60,56,33,40.5
2026-04-18 02:55:11 AM,KXATPCHALLENGERMATCH-26APR18BRORIE-BRO,37,1,35,379,29,60,24,100,23,200,44,51,45,1032,46,1,53,60,56,33,40.5
2026-04-18 02:55:11 AM,KXATPCHALLENGERMATCH-26APR18BRORIE-BRO,37,1,35,379,29,60,24,100,23,200,44,170,45,1032,46,1,53,60,56,33,40.5
2026-04-18 02:55:11 AM,KXATPCHALLENGERMATCH-26APR18BRORIE-BRO,37,1,35,379,29,60,24,100,23,200,44,51,45,1032,46,1,53,60,56,33,40.5
2026-04-18 02:55:12 AM,KXATPCHALLENGERMATCH-26APR18BRORIE-BRO,37,1,35,379,29,60,24,100,23,200,44,170,45,1032,46,1,53,60,56,33,40.5
2026-04-18 02:55:12 AM,KXATPCHALLENGERMATCH-26APR18BRORIE-BRO,37,1,35,379,29,60,24,100,23,200,44,51,45,1032,46,1,53,60,56,33,40.5
2026-04-18 02:55:12 AM,KXATPCHALLENGERMATCH-26APR18BRORIE-BRO,37,1,35,379,29,60,24,100,23,200,44,170,45,1032,46,1,53,60,56,33,40.5
2026-04-18 02:55:12 AM,KXATPCHALLENGERMATCH-26APR18BRORIE-BRO,37,1,35,379,29,60,24,100,23,200,44,51,45,1032,46,1,53,60,56,33,40.5
2026-04-18 02:55:12 AM,KXATPCHALLENGERMATCH-26APR18BRORIE-BRO,37,1,35,379,29,60,24,100,23,200,44,170,45,1032,46,1,53,60,56,33,40.5
2026-04-18 02:55:12 AM,KXATPCHALLENGERMATCH-26APR18BRORIE-BRO,37,1,35,379,29,60,24,100,23,200,44,51,45,1032,46,1,53,60,56,33,40.5
2026-04-18 02:55:12 AM,KXATPCHALLENGERMATCH-26APR18BRORIE-BRO,37,1,35,379,29,60,24,100,23,200,44,170,45,1032,46,1,53,60,56,33,40.5
2026-04-18 02:55:13 AM,KXATPCHALLENGERMATCH-26APR18BRORIE-BRO,37,1,35,379,29,60,24,100,23,200,44,51,45,1032,46,1,53,60,56,33,40.5
2026-04-18 02:55:13 AM,KXATPCHALLENGERMATCH-26APR18BRORIE-BRO,37,1,35,379,29,60,24,100,23,200,44,170,45,1032,46,1,53,60,56,33,40.5
2026-04-18 02:55:13 AM,KXATPCHALLENGERMATCH-26APR18BRORIE-BRO,37,1,35,379,29,60,24,100,23,200,44,51,45,1032,46,1,53,60,56,33,40.5
2026-04-18 02:55:13 AM,KXATPCHALLENGERMATCH-26APR18BRORIE-BRO,37,1,35,379,29,60,24,100,23,200,44,170,45,1032,46,1,53,60,56,33,40.5
2026-04-18 02:55:14 AM,KXATPCHALLENGERMATCH-26APR18BRORIE-BRO,37,1,35,379,29,60,24,100,23,200,44,51,45,1032,46,1,53,60,56,33,40.5
2026-04-18 02:55:14 AM,KXATPCHALLENGERMATCH-26APR18BRORIE-BRO,37,1,35,379,29,60,24,100,23,200,44,170,45,1032,46,1,53,60,56,33,40.5
2026-04-18 02:55:14 AM,KXATPCHALLENGERMATCH-26APR18BRORIE-BRO,37,1,35,379,29,60,24,100,23,200,44,51,45,1032,46,1,53,60,56,33,40.5
2026-04-18 02:55:14 AM,KXATPCHALLENGERMATCH-26APR18BRORIE-BRO,37,1,35,379,29,60,24,100,23,200,44,170,45,1032,46,1,53,60,56,33,40.5
2026-04-18 02:55:14 AM,KXATPCHALLENGERMATCH-26APR18BRORIE-BRO,37,1,35,379,29,60,24,100,23,200,44,51,45,1032,46,1,53,60,56,33,40.5
2026-04-18 02:55:15 AM,KXATPCHALLENGERMATCH-26APR18BRORIE-BRO,37,1,35,379,29,60,24,100,23,200,44,170,45,1032,46,1,53,60,56,33,40.5
2026-04-18 02:55:15 AM,KXATPCHALLENGERMATCH-26APR18BRORIE-BRO,37,1,35,379,29,60,24,100,23,200,44,51,45,1032,46,1,53,60,56,33,40.5
2026-04-18 02:55:15 AM,KXATPCHALLENGERMATCH-26APR18BRORIE-BRO,37,1,35,379,29,60,24,100,23,200,44,170,45,1032,46,1,53,60,56,33,40.5
2026-04-18 02:55:15 AM,KXATPCHALLENGERMATCH-26APR18BRORIE-BRO,37,1,35,379,29,60,24,100,23,200,44,51,45,1032,46,1,53,60,56,33,40.5
2026-04-18 02:55:15 AM,KXATPCHALLENGERMATCH-26APR18BRORIE-BRO,37,1,35,379,29,60,24,100,23,200,44,170,45,1032,46,1,53,60,56,33,40.5
2026-04-18 02:55:16 AM,KXATPCHALLENGERMATCH-26APR18BRORIE-BRO,37,1,35,379,29,60,24,100,23,200,44,51,45,1032,46,1,53,60,56,33,40.5
2026-04-18 02:55:16 AM,KXATPCHALLENGERMATCH-26APR18BRORIE-BRO,37,1,35,379,29,60,24,100,23,200,44,170,45,1032,46,1,53,60,56,33,40.5
2026-04-18 02:55:16 AM,KXATPCHALLENGERMATCH-26APR18BRORIE-BRO,37,1,35,379,29,60,24,100,23,200,44,51,45,1032,46,1,53,60,56,33,40.5
2026-04-18 02:55:16 AM,KXATPCHALLENGERMATCH-26APR18BRORIE-BRO,37,1,35,379,29,60,24,100,23,200,44,170,45,1032,46,1,53,60,56,33,40.5
2026-04-18 02:55:16 AM,KXATPCHALLENGERMATCH-26APR18BRORIE-BRO,37,1,35,379,29,60,24,100,23,200,44,51,45,1032,46,1,53,60,56,33,40.5
2026-04-18 02:55:16 AM,KXATPCHALLENGERMATCH-26APR18BRORIE-BRO,37,1,35,379,29,60,24,100,23,200,44,170,45,1032,46,1,53,60,56,33,40.5
2026-04-18 02:55:16 AM,KXATPCHALLENGERMATCH-26APR18BRORIE-BRO,37,1,35,379,29,60,24,100,23,200,44,51,45,1032,46,1,53,60,56,33,40.5
2026-04-18 02:55:17 AM,KXATPCHALLENGERMATCH-26APR18BRORIE-BRO,37,1,35,379,29,60,24,100,23,200,44,170,45,1032,46,1,53,60,56,33,40.5
2026-04-18 02:55:25 AM,KXATPCHALLENGERMATCH-26APR18BRORIE-BRO,37,1,35,379,29,60,24,100,23,200,44,149,45,1032,46,1,53,60,56,33,40.5
2026-04-18 02:55:25 AM,KXATPCHALLENGERMATCH-26APR18BRORIE-BRO,37,1,35,379,29,60,24,100,23,200,44,119,45,1032,46,1,53,60,56,33,40.5
2026-04-18 02:55:25 AM,KXATPCHALLENGERMATCH-26APR18BRORIE-BRO,37,1,35,379,29,60,24,100,23,200,45,1032,46,1,53,60,56,33,57,24,41.0
2026-04-18 02:55:25 AM,KXATPCHALLENGERMATCH-26APR18BRORIE-BRO,37,1,35,379,29,60,24,100,23,200,44,21,45,1032,46,1,53,60,56,33,40.5
2026-04-18 02:55:37 AM,KXATPCHALLENGERMATCH-26APR18BRORIE-BRO,37,1,35,379,29,60,24,100,23,200,45,1032,46,1,53,60,56,33,57,24,41.0
2026-04-18 02:55:37 AM,KXATPCHALLENGERMATCH-26APR18BRORIE-BRO,37,1,35,379,29,60,24,100,23,200,44,21,45,1032,46,1,53,60,56,33,40.5
2026-04-18 02:55:44 AM,KXATPCHALLENGERMATCH-26APR18BRORIE-BRO,37,11,35,379,29,60,24,100,23,200,44,21,45,1032,46,1,53,60,56,33,40.5
2026-04-18 02:55:44 AM,KXATPCHALLENGERMATCH-26APR18BRORIE-BRO,37,11,35,379,29,60,24,100,23,200,42,10,44,21,45,1032,46,1,53,60,39.5
2026-04-18 02:55:44 AM,KXATPCHALLENGERMATCH-26APR18BRORIE-BRO,37,11,35,379,29,60,24,100,23,200,42,10,45,1032,46,1,53,60,56,33,39.5
2026-04-18 02:55:44 AM,KXATPCHALLENGERMATCH-26APR18BRORIE-BRO,39,10,37,11,35,379,29,60,24,100,42,10,45,1032,46,1,53,60,56,33,40.5
2026-04-18 02:55:45 AM,KXATPCHALLENGERMATCH-26APR18BRORIE-BRO,39,10,37,11,35,379,29,60,24,100,45,1032,46,1,53,60,56,33,57,24,42.0
2026-04-18 02:55:45 AM,KXATPCHALLENGERMATCH-26APR18BRORIE-BRO,39,10,37,11,35,379,29,60,24,100,44,21,45,1032,46,1,53,60,56,33,41.5
2026-04-18 02:55:54 AM,KXATPCHALLENGERMATCH-26APR18BRORIE-BRO,39,10,37,11,35,379,29,60,24,100,45,1032,46,1,53,60,56,33,57,24,42.0
2026-04-18 02:55:54 AM,KXATPCHALLENGERMATCH-26APR18BRORIE-BRO,39,10,37,11,35,379,29,60,24,100,44,21,45,1032,46,1,53,60,56,33,41.5
2026-04-18 02:56:01 AM,KXATPCHALLENGERMATCH-26APR18BRORIE-BRO,39,10,37,11,35,379,29,60,24,100,45,1032,46,1,53,60,56,33,57,24,42.0
2026-04-18 02:56:01 AM,KXATPCHALLENGERMATCH-26APR18BRORIE-BRO,39,10,37,11,35,379,29,60,24,100,44,21,45,1032,46,1,53,60,56,33,41.5
2026-04-18 02:56:10 AM,KXATPCHALLENGERMATCH-26APR18BRORIE-BRO,39,10,37,11,35,379,29,60,24,100,45,1032,46,1,53,60,56,33,57,24,42.0
2026-04-18 02:56:10 AM,KXATPCHALLENGERMATCH-26APR18BRORIE-BRO,39,10,37,11,35,379,29,60,24,100,44,14,45,1032,46,1,53,60,56,33,41.5
2026-04-18 02:56:10 AM,KXATPCHALLENGERMATCH-26APR18BRORIE-BRO,39,10,37,11,35,379,29,60,24,100,44,14,45,177,46,1,53,60,56,33,41.5
2026-04-18 02:56:10 AM,KXATPCHALLENGERMATCH-26APR18BRORIE-BRO,39,10,37,11,35,379,29,60,24,100,44,14,45,177,46,1,47,855,53,60,41.5
2026-04-18 02:56:10 AM,KXATPCHALLENGERMATCH-26APR18BRORIE-BRO,39,10,37,11,35,379,29,60,24,100,45,177,46,1,47,855,53,60,56,33,42.0
2026-04-18 02:56:10 AM,KXATPCHALLENGERMATCH-26APR18BRORIE-BRO,39,10,37,11,35,379,29,60,24,100,46,1,47,855,53,60,56,33,57,24,42.5
2026-04-18 02:56:10 AM,KXATPCHALLENGERMATCH-26APR18BRORIE-BRO,39,10,37,11,35,379,29,60,24,100,46,1,47,1032,53,60,56,33,57,24,42.5
2026-04-18 02:56:10 AM,KXATPCHALLENGERMATCH-26APR18BRORIE-BRO,39,10,37,11,35,379,29,60,24,100,46,1,47,177,53,60,56,33,57,24,42.5
2026-04-18 02:56:10 AM,KXATPCHALLENGERMATCH-26APR18BRORIE-BRO,39,10,37,11,35,379,29,60,24,100,46,1,47,177,52,1521,53,60,56,33,42.5
2026-04-18 02:56:10 AM,KXATPCHALLENGERMATCH-26APR18BRORIE-BRO,39,10,37,11,35,379,29,60,24,100,46,11,47,177,52,1521,53,60,56,33,42.5
2026-04-18 02:56:10 AM,KXATPCHALLENGERMATCH-26APR18BRORIE-BRO,39,10,37,11,35,379,29,60,24,100,46,11,47,177,53,60,56,33,57,24,42.5
2026-04-18 02:56:10 AM,KXATPCHALLENGERMATCH-26APR18BRORIE-BRO,39,10,37,11,35,379,29,60,24,100,46,11,47,1032,53,60,56,33,57,24,42.5
2026-04-18 02:56:10 AM,KXATPCHALLENGERMATCH-26APR18BRORIE-BRO,39,10,37,11,35,379,29,60,24,100,46,11,47,1032,51,200,53,60,56,33,42.5
2026-04-18 02:56:10 AM,KXATPCHALLENGERMATCH-26APR18BRORIE-BRO,39,10,37,11,35,379,29,60,24,100,46,11,47,1032,53,60,56,33,57,24,42.5
2026-04-18 02:56:22 AM,KXATPCHALLENGERMATCH-26APR18BRORIE-BRO,39,10,37,11,35,379,29,60,24,100,46,41,47,1032,53,60,56,33,57,24,42.5
2026-04-18 02:56:31 AM,KXATPCHALLENGERMATCH-26APR18BRORIE-BRO,37,11,35,379,29,60,24,100,23,200,46,41,47,1032,53,60,56,33,57,24,41.5
2026-04-18 02:56:31 AM,KXATPCHALLENGERMATCH-26APR18BRORIE-BRO,37,10,35,379,29,60,24,100,23,200,46,41,47,1032,53,60,56,33,57,24,41.5
2026-04-18 02:56:31 AM,KXATPCHALLENGERMATCH-26APR18BRORIE-BRO,35,379,29,60,24,100,23,200,20,5000,46,41,47,1032,53,60,56,33,57,24,40.5
2026-04-18 02:56:31 AM,KXATPCHALLENGERMATCH-26APR18BRORIE-BRO,35,363,29,60,24,100,23,200,20,5000,46,41,47,1032,53,60,56,33,57,24,40.5
2026-04-18 02:56:31 AM,KXATPCHALLENGERMATCH-26APR18BRORIE-BRO,35,363,29,60,24,100,23,200,20,5000,46,31,47,1032,53,60,56,33,57,24,40.5
2026-04-18 02:56:31 AM,KXATPCHALLENGERMATCH-26APR18BRORIE-BRO,35,363,29,60,24,100,23,200,20,5000,46,31,47,177,53,60,56,33,57,24,40.5
2026-04-18 02:56:31 AM,KXATPCHALLENGERMATCH-26APR18BRORIE-BRO,35,363,29,60,24,100,23,200,20,5000,45,849,46,31,47,177,53,60,56,33,40.0
2026-04-18 02:56:31 AM,KXATPCHALLENGERMATCH-26APR18BRORIE-BRO,35,363,29,60,24,100,23,200,20,5000,45,849,46,1,47,177,53,60,56,33,40.0
2026-04-18 02:56:31 AM,KXATPCHALLENGERMATCH-26APR18BRORIE-BRO,35,363,24,100,23,200,20,5000,6,116,45,849,46,1,47,177,53,60,56,33,40.0
2026-04-18 02:56:31 AM,KXATPCHALLENGERMATCH-26APR18BRORIE-BRO,35,363,25,60,24,100,23,200,20,5000,45,849,46,1,47,177,53,60,56,33,40.0
2026-04-18 02:56:31 AM,KXATPCHALLENGERMATCH-26APR18BRORIE-BRO,35,363,25,60,24,100,23,200,20,5000,45,849,46,1,53,60,56,33,57,24,40.0
2026-04-18 02:56:31 AM,KXATPCHALLENGERMATCH-26APR18BRORIE-BRO,35,363,25,60,24,100,23,200,20,5000,46,1,53,60,56,33,57,24,60,64,40.5
2026-04-18 02:56:31 AM,KXATPCHALLENGERMATCH-26APR18BRORIE-BRO,35,363,25,60,24,100,23,200,20,5000,46,1,52,1967,53,60,56,33,57,24,40.5
2026-04-18 02:56:31 AM,KXATPCHALLENGERMATCH-26APR18BRORIE-BRO,35,363,25,60,24,100,23,200,20,5000,46,1,51,24,52,1967,53,60,56,33,40.5
2026-04-18 02:56:31 AM,KXATPCHALLENGERMATCH-26APR18BRORIE-BRO,35,363,25,60,24,100,23,200,20,5000,46,1,51,24,52,1982,53,60,56,33,40.5
2026-04-18 02:56:31 AM,KXATPCHALLENGERMATCH-26APR18BRORIE-BRO,35,363,25,60,24,100,23,200,20,5000,46,1,51,24,52,1982,56,33,57,24,40.5
2026-04-18 02:56:31 AM,KXATPCHALLENGERMATCH-26APR18BRORIE-BRO,35,363,25,60,24,100,23,200,20,5000,46,1,51,24,52,15,56,33,57,24,40.5
2026-04-18 02:56:31 AM,KXATPCHALLENGERMATCH-26APR18BRORIE-BRO,35,363,25,60,24,100,23,200,20,5000,46,1,50,1516,51,24,52,15,56,33,40.5
2026-04-18 02:56:31 AM,KXATPCHALLENGERMATCH-26APR18BRORIE-BRO,35,363,25,60,24,100,23,200,20,5000,46,1,50,1516,51,24,56,33,57,24,40.5
2026-04-18 02:56:31 AM,KXATPCHALLENGERMATCH-26APR18BRORIE-BRO,35,363,25,60,24,100,23,200,20,5000,46,1,50,1516,56,33,57,24,60,64,40.5
2026-04-18 02:56:31 AM,KXATPCHALLENGERMATCH-26APR18BRORIE-BRO,35,363,25,60,24,100,23,200,20,5000,46,1,49,23,50,1516,56,33,57,24,40.5
2026-04-18 02:56:31 AM,KXATPCHALLENGERMATCH-26APR18BRORIE-BRO,35,363,25,60,24,100,23,200,20,5000,46,1,49,23,56,33,57,24,60,64,40.5
2026-04-18 02:56:31 AM,KXATPCHALLENGERMATCH-26APR18BRORIE-BRO,35,363,25,60,24,100,23,200,20,5000,46,1,49,23,55,2500,56,33,57,24,40.5
2026-04-18 02:56:31 AM,KXATPCHALLENGERMATCH-26APR18BRORIE-BRO,35,363,25,60,24,100,23,200,20,5000,46,1,49,23,56,33,57,24,60,64,40.5
2026-04-18 02:56:31 AM,KXATPCHALLENGERMATCH-26APR18BRORIE-BRO,35,363,25,60,24,100,23,200,20,5000,46,1,48,1249,49,23,56,33,57,24,40.5
2026-04-18 02:56:32 AM,KXATPCHALLENGERMATCH-26APR18BRORIE-BRO,35,363,25,60,24,100,23,200,20,5000,46,1,48,1249,56,33,57,24,58,60,40.5
2026-04-18 02:56:32 AM,KXATPCHALLENGERMATCH-26APR18BRORIE-BRO,35,363,25,60,24,100,23,200,20,5000,46,1,47,10,48,1249,56,33,57,24,40.5
2026-04-18 02:56:32 AM,KXATPCHALLENGERMATCH-26APR18BRORIE-BRO,35,363,25,60,24,100,23,200,20,5000,46,1,47,10,48,1249,54,101,56,33,40.5
2026-04-18 02:56:32 AM,KXATPCHALLENGERMATCH-26APR18BRORIE-BRO,35,363,25,60,24,100,23,200,20,5000,46,1,47,10,48,1249,50,15,54,101,40.5
2026-04-18 02:56:32 AM,KXATPCHALLENGERMATCH-26APR18BRORIE-BRO,35,363,25,60,24,100,23,200,20,5000,46,1,47,10,50,15,54,101,56,33,40.5
2026-04-18 02:56:32 AM,KXATPCHALLENGERMATCH-26APR18BRORIE-BRO,35,363,25,60,24,100,23,200,20,5000,46,1,47,10,50,15,54,101,55,2500,40.5
2026-04-18 02:56:32 AM,KXATPCHALLENGERMATCH-26APR18BRORIE-BRO,35,363,25,60,24,100,23,200,20,5000,46,1,47,10,54,101,55,2500,56,33,40.5
2026-04-18 02:56:32 AM,KXATPCHALLENGERMATCH-26APR18BRORIE-BRO,35,363,25,60,24,100,23,200,20,5000,46,1,47,10,54,101,56,33,57,24,40.5
2026-04-18 02:56:32 AM,KXATPCHALLENGERMATCH-26APR18BRORIE-BRO,35,363,25,60,24,100,23,200,20,5000,46,984,47,10,54,101,56,33,57,24,40.5
2026-04-18 02:56:32 AM,KXATPCHALLENGERMATCH-26APR18BRORIE-BRO,35,363,25,60,24,100,23,200,20,5000,46,984,47,10,53,60,54,101,56,33,40.5
2026-04-18 02:56:32 AM,KXATPCHALLENGERMATCH-26APR18BRORIE-BRO,35,363,25,60,24,100,23,200,20,5000,46,984,47,10,53,60,56,33,57,24,40.5
2026-04-18 02:56:32 AM,KXATPCHALLENGERMATCH-26APR18BRORIE-BRO,35,363,25,60,24,100,23,200,20,5000,46,984,53,60,56,33,57,24,60,64,40.5
2026-04-18 02:56:32 AM,KXATPCHALLENGERMATCH-26APR18BRORIE-BRO,35,363,25,60,24,100,23,200,20,5000,45,10,46,984,53,60,56,33,57,24,40.0
2026-04-18 02:56:32 AM,KXATPCHALLENGERMATCH-26APR18BRORIE-BRO,35,363,25,60,24,100,23,200,20,5000,45,10,46,1,53,60,56,33,57,24,40.0
2026-04-18 02:56:32 AM,KXATPCHALLENGERMATCH-26APR18BRORIE-BRO,35,363,25,60,24,100,23,200,20,5000,45,10,46,1,52,1967,53,60,56,33,40.0
2026-04-18 02:56:32 AM,KXATPCHALLENGERMATCH-26APR18BRORIE-BRO,35,363,25,60,24,100,23,200,20,5000,45,10,46,1,53,60,56,33,57,24,40.0
2026-04-18 02:56:32 AM,KXATPCHALLENGERMATCH-26APR18BRORIE-BRO,35,363,25,60,24,100,23,200,20,5000,45,859,46,1,53,60,56,33,57,24,40.0
2026-04-18 02:56:32 AM,KXATPCHALLENGERMATCH-26APR18BRORIE-BRO,35,363,25,60,24,100,23,200,20,5000,45,859,46,1,56,33,57,24,60,64,40.0
2026-04-18 02:56:32 AM,KXATPCHALLENGERMATCH-26APR18BRORIE-BRO,35,363,25,60,24,100,23,200,20,5000,45,859,46,1,51,60,56,33,57,24,40.0
2026-04-18 02:56:32 AM,KXATPCHALLENGERMATCH-26APR18BRORIE-BRO,35,363,25,60,24,100,23,200,20,5000,45,859,46,1,51,169,56,33,57,24,40.0
2026-04-18 02:56:32 AM,KXATPCHALLENGERMATCH-26APR18BRORIE-BRO,35,363,25,60,24,100,23,200,20,5000,45,859,46,1,51,60,56,33,57,24,40.0
2026-04-18 02:56:32 AM,KXATPCHALLENGERMATCH-26APR18BRORIE-BRO,35,363,25,60,24,100,23,200,20,5000,45,861,46,1,51,60,56,33,57,24,40.0
2026-04-18 02:56:32 AM,KXATPCHALLENGERMATCH-26APR18BRORIE-BRO,35,363,25,60,24,100,23,200,20,5000,45,861,46,1,50,15,51,60,56,33,40.0
2026-04-18 02:56:36 AM,KXATPCHALLENGERMATCH-26APR18BRORIE-BRO,35,363,25,60,24,100,23,200,20,5000,44,5,45,861,46,1,50,15,51,60,39.5
2026-04-18 02:56:36 AM,KXATPCHALLENGERMATCH-26APR18BRORIE-BRO,35,363,25,60,24,100,23,200,20,5000,44,5,45,849,46,1,50,15,51,60,39.5
2026-04-18 02:56:36 AM,KXATPCHALLENGERMATCH-26APR18BRORIE-BRO,35,363,25,60,24,100,23,200,20,5000,44,5,45,849,46,1,50,15,56,33,39.5
2026-04-18 02:56:36 AM,KXATPCHALLENGERMATCH-26APR18BRORIE-BRO,35,363,25,60,24,100,23,200,20,5000,44,5,45,849,46,1,50,15,54,60,39.5
2026-04-18 02:56:36 AM,KXATPCHALLENGERMATCH-26APR18BRORIE-BRO,35,363,25,60,24,100,23,200,20,5000,44,5,45,849,46,1,54,60,56,33,39.5
2026-04-18 02:56:36 AM,KXATPCHALLENGERMATCH-26APR18BRORIE-BRO,35,363,25,60,24,100,23,200,20,5000,44,35,45,849,46,1,54,60,56,33,39.5
2026-04-18 02:56:40 AM,KXATPCHALLENGERMATCH-26APR18BRORIE-BRO,35,363,25,60,24,100,23,200,20,5000,44,35,46,1,54,60,56,33,57,24,39.5
2026-04-18 02:56:40 AM,KXATPCHALLENGERMATCH-26APR18BRORIE-BRO,35,363,25,60,24,100,23,200,20,5000,43,849,44,35,46,1,54,60,56,33,39.0
2026-04-18 02:56:40 AM,KXATPCHALLENGERMATCH-26APR18BRORIE-BRO,35,363,25,60,24,100,23,200,20,5000,43,849,44,5,46,1,54,60,56,33,39.0
2026-04-18 02:56:40 AM,KXATPCHALLENGERMATCH-26APR18BRORIE-BRO,39,10,35,363,25,60,24,100,23,200,43,849,44,5,46,1,54,60,56,33,41.0
2026-04-18 02:56:40 AM,KXATPCHALLENGERMATCH-26APR18BRORIE-BRO,39,10,35,363,25,60,24,100,23,200,43,849,46,1,54,60,56,33,57,24,41.0
2026-04-18 02:56:40 AM,KXATPCHALLENGERMATCH-26APR18BRORIE-BRO,39,10,35,363,24,100,23,200,20,5000,43,849,46,1,54,60,56,33,57,24,41.0
2026-04-18 02:56:40 AM,KXATPCHALLENGERMATCH-26APR18BRORIE-BRO,39,10,35,363,24,100,23,200,20,5000,46,1,54,60,56,33,57,24,60,64,42.5
2026-04-18 02:56:40 AM,KXATPCHALLENGERMATCH-26APR18BRORIE-BRO,39,10,35,363,24,100,23,200,20,5000,46,1,53,2500,54,60,56,33,57,24,42.5
2026-04-18 02:56:40 AM,KXATPCHALLENGERMATCH-26APR18BRORIE-BRO,39,10,35,363,24,100,23,200,20,5000,46,1,52,25,53,2500,54,60,56,33,42.5
2026-04-18 02:56:40 AM,KXATPCHALLENGERMATCH-26APR18BRORIE-BRO,39,10,35,363,24,100,23,200,20,5000,46,1,52,25,53,2500,56,33,57,24,42.5
2026-04-18 02:56:40 AM,KXATPCHALLENGERMATCH-26APR18BRORIE-BRO,39,10,35,363,24,100,23,200,20,5000,46,1,52,25,56,33,57,24,60,64,42.5
2026-04-18 02:56:40 AM,KXATPCHALLENGERMATCH-26APR18BRORIE-BRO,39,10,35,363,24,100,23,200,20,5000,46,1,51,2234,52,25,56,33,57,24,42.5
2026-04-18 02:56:40 AM,KXATPCHALLENGERMATCH-26APR18BRORIE-BRO,39,10,35,363,24,100,23,200,20,5000,46,1,51,2234,52,40,56,33,57,24,42.5
2026-04-18 02:56:40 AM,KXATPCHALLENGERMATCH-26APR18BRORIE-BRO,39,10,35,363,24,100,23,200,20,5000,46,1,51,2234,52,15,56,33,57,24,42.5
2026-04-18 02:56:40 AM,KXATPCHALLENGERMATCH-26APR18BRORIE-BRO,39,10,35,363,24,100,23,200,20,5000,46,1,50,24,51,2234,52,15,56,33,42.5
2026-04-18 02:56:40 AM,KXATPCHALLENGERMATCH-26APR18BRORIE-BRO,39,10,35,363,29,60,24,100,23,200,46,1,50,24,51,2234,52,15,56,33,42.5
2026-04-18 02:56:40 AM,KXATPCHALLENGERMATCH-26APR18BRORIE-BRO,39,10,35,363,29,60,24,100,23,200,46,1,50,24,52,15,56,33,57,24,42.5
2026-04-18 02:56:40 AM,KXATPCHALLENGERMATCH-26APR18BRORIE-BRO,39,10,35,363,29,60,24,100,23,200,46,1,49,1700,50,24,52,15,56,33,42.5
2026-04-18 02:56:40 AM,KXATPCHALLENGERMATCH-26APR18BRORIE-BRO,39,10,35,363,29,60,24,100,23,200,46,1,49,1700,50,24,56,33,57,24,42.5
2026-04-18 02:56:40 AM,KXATPCHALLENGERMATCH-26APR18BRORIE-BRO,39,10,35,363,29,60,24,100,23,200,46,1,49,1700,56,33,57,24,60,64,42.5
2026-04-18 02:56:40 AM,KXATPCHALLENGERMATCH-26APR18BRORIE-BRO,39,10,35,363,29,60,24,100,23,200,46,1,48,23,49,1700,56,33,57,24,42.5
2026-04-18 02:56:40 AM,KXATPCHALLENGERMATCH-26APR18BRORIE-BRO,39,10,35,363,29,60,24,100,23,200,46,1,48,23,56,33,57,24,60,64,42.5
2026-04-18 02:56:40 AM,KXATPCHALLENGERMATCH-26APR18BRORIE-BRO,39,10,35,363,29,60,24,100,23,200,46,1,48,23,55,2500,56,33,57,24,42.5
2026-04-18 02:56:40 AM,KXATPCHALLENGERMATCH-26APR18BRORIE-BRO,39,10,35,363,29,60,24,100,23,200,46,1,48,23,56,33,57,24,58,60,42.5
2026-04-18 02:56:40 AM,KXATPCHALLENGERMATCH-26APR18BRORIE-BRO,39,10,35,363,29,60,24,100,23,200,46,1,47,1383,48,23,56,33,57,24,42.5
2026-04-18 02:56:40 AM,KXATPCHALLENGERMATCH-26APR18BRORIE-BRO,39,10,35,363,29,60,24,100,23,200,46,1,47,1383,48,23,54,60,56,33,42.5
2026-04-18 02:56:41 AM,KXATPCHALLENGERMATCH-26APR18BRORIE-BRO,39,10,35,363,29,60,24,100,23,200,46,1,47,1383,54,60,56,33,57,24,42.5
2026-04-18 02:56:41 AM,KXATPCHALLENGERMATCH-26APR18BRORIE-BRO,39,10,35,363,29,60,24,100,23,200,46,23,47,1383,54,60,56,33,57,24,42.5
2026-04-18 02:56:41 AM,KXATPCHALLENGERMATCH-26APR18BRORIE-BRO,39,10,35,363,29,60,24,100,23,200,46,23,54,60,56,33,57,24,60,64,42.5
2026-04-18 02:56:41 AM,KXATPCHALLENGERMATCH-26APR18BRORIE-BRO,39,10,35,363,29,60,24,100,23,200,46,23,53,2500,54,60,56,33,57,24,42.5
2026-04-18 02:56:41 AM,KXATPCHALLENGERMATCH-26APR18BRORIE-BRO,39,10,35,363,29,60,24,100,23,200,46,38,53,2500,54,60,56,33,57,24,42.5
2026-04-18 02:56:41 AM,KXATPCHALLENGERMATCH-26APR18BRORIE-BRO,39,10,35,363,29,60,24,100,23,200,46,38,54,60,56,33,57,24,60,64,42.5
2026-04-18 02:56:41 AM,KXATPCHALLENGERMATCH-26APR18BRORIE-BRO,39,10,35,363,29,60,24,100,23,200,45,1116,46,38,54,60,56,33,57,24,42.0
2026-04-18 02:56:41 AM,KXATPCHALLENGERMATCH-26APR18BRORIE-BRO,39,10,35,363,29,60,24,100,23,200,45,1116,46,23,54,60,56,33,57,24,42.0
2026-04-18 02:56:41 AM,KXATPCHALLENGERMATCH-26APR18BRORIE-BRO,39,10,35,363,29,60,24,100,23,200,45,1116,46,23,56,33,57,24,60,64,42.0
2026-04-18 02:56:41 AM,KXATPCHALLENGERMATCH-26APR18BRORIE-BRO,39,10,35,363,29,60,24,100,23,200,45,1116,46,23,52,60,56,33,57,24,42.0
2026-04-18 02:56:41 AM,KXATPCHALLENGERMATCH-26APR18BRORIE-BRO,39,10,35,363,29,60,24,100,23,200,45,1116,46,1,52,60,56,33,57,24,42.0
2026-04-18 02:56:41 AM,KXATPCHALLENGERMATCH-26APR18BRORIE-BRO,39,10,35,363,29,60,24,100,23,200,44,18,45,1116,46,1,52,60,56,33,41.5
2026-04-18 02:56:41 AM,KXATPCHALLENGERMATCH-26APR18BRORIE-BRO,39,10,35,363,29,60,24,100,23,200,44,18,46,1,52,60,56,33,57,24,41.5
2026-04-18 02:56:41 AM,KXATPCHALLENGERMATCH-26APR18BRORIE-BRO,39,10,35,363,29,60,24,100,23,200,44,18,46,1,51,2234,52,60,56,33,41.5
2026-04-18 02:56:41 AM,KXATPCHALLENGERMATCH-26APR18BRORIE-BRO,39,10,35,363,29,60,24,100,23,200,44,18,46,1,52,60,56,33,57,24,41.5
2026-04-18 02:56:41 AM,KXATPCHALLENGERMATCH-26APR18BRORIE-BRO,39,10,35,363,29,60,24,100,23,200,43,849,44,18,46,1,52,60,56,33,41.0
2026-04-18 02:56:41 AM,KXATPCHALLENGERMATCH-26APR18BRORIE-BRO,39,10,35,363,29,60,24,100,23,200,43,849,44,18,46,1,56,33,57,24,41.0
2026-04-18 02:56:41 AM,KXATPCHALLENGERMATCH-26APR18BRORIE-BRO,39,10,35,363,29,60,24,100,23,200,43,849,44,18,46,1,50,60,56,33,41.0
2026-04-18 02:56:41 AM,KXATPCHALLENGERMATCH-26APR18BRORIE-BRO,39,10,35,363,29,60,24,100,23,200,43,849,46,1,50,60,56,33,57,24,41.0
2026-04-18 02:56:41 AM,KXATPCHALLENGERMATCH-26APR18BRORIE-BRO,39,10,35,363,29,60,24,100,23,200,46,1,50,60,56,33,57,24,60,64,42.5
2026-04-18 02:56:41 AM,KXATPCHALLENGERMATCH-26APR18BRORIE-BRO,39,10,35,363,29,60,24,100,23,200,46,1,49,1700,50,60,56,33,57,24,42.5
2026-04-18 02:56:41 AM,KXATPCHALLENGERMATCH-26APR18BRORIE-BRO,39,10,35,363,29,60,24,100,23,200,46,1,49,1715,50,60,56,33,57,24,42.5
2026-04-18 02:56:41 AM,KXATPCHALLENGERMATCH-26APR18BRORIE-BRO,39,10,35,363,29,60,24,100,23,200,46,1,48,23,49,1715,50,60,56,33,42.5
2026-04-18 02:56:41 AM,KXATPCHALLENGERMATCH-26APR18BRORIE-BRO,39,10,35,363,29,60,24,100,23,200,46,1,48,23,49,1715,56,33,57,24,42.5
2026-04-18 02:56:41 AM,KXATPCHALLENGERMATCH-26APR18BRORIE-BRO,39,10,35,363,29,60,24,100,23,200,46,1,48,23,49,15,56,33,57,24,42.5
2026-04-18 02:56:41 AM,KXATPCHALLENGERMATCH-26APR18BRORIE-BRO,39,10,35,363,29,60,24,100,23,200,46,1,47,1383,48,23,49,15,56,33,42.5
2026-04-18 02:56:41 AM,KXATPCHALLENGERMATCH-26APR18BRORIE-BRO,39,10,35,363,29,60,24,100,23,200,46,1,47,1383,48,23,56,33,57,24,42.5
2026-04-18 02:56:41 AM,KXATPCHALLENGERMATCH-26APR18BRORIE-BRO,39,10,35,363,29,60,24,100,23,200,46,1,47,1383,56,33,57,24,60,64,42.5
2026-04-18 02:56:41 AM,KXATPCHALLENGERMATCH-26APR18BRORIE-BRO,39,10,35,363,29,60,24,100,23,200,46,23,47,1383,56,33,57,24,60,64,42.5
2026-04-18 02:56:41 AM,KXATPCHALLENGERMATCH-26APR18BRORIE-BRO,39,10,35,363,29,60,24,100,23,200,46,23,56,33,57,24,60,64,61,33,42.5
2026-04-18 02:56:41 AM,KXATPCHALLENGERMATCH-26APR18BRORIE-BRO,39,10,35,363,29,60,24,100,23,200,46,23,55,2500,56,33,57,24,60,64,42.5
2026-04-18 02:56:41 AM,KXATPCHALLENGERMATCH-26APR18BRORIE-BRO,39,10,35,363,29,60,24,100,23,200,46,23,56,33,57,24,60,64,61,33,42.5
2026-04-18 02:56:41 AM,KXATPCHALLENGERMATCH-26APR18BRORIE-BRO,39,10,35,363,29,60,24,100,23,200,45,1116,46,23,56,33,57,24,60,64,42.0
2026-04-18 02:56:41 AM,KXATPCHALLENGERMATCH-26APR18BRORIE-BRO,39,10,35,363,29,60,24,100,23,200,45,1116,46,1,56,33,57,24,60,64,42.0
2026-04-18 02:56:41 AM,KXATPCHALLENGERMATCH-26APR18BRORIE-BRO,39,10,35,363,29,60,24,100,23,200,44,18,45,1116,46,1,56,33,57,24,41.5
2026-04-18 02:56:41 AM,KXATPCHALLENGERMATCH-26APR18BRORIE-BRO,39,10,35,363,29,60,24,100,23,200,44,18,45,1116,46,1,55,60,56,33,41.5
2026-04-18 02:56:41 AM,KXATPCHALLENGERMATCH-26APR18BRORIE-BRO,39,10,35,363,29,60,24,100,23,200,44,18,46,1,55,60,56,33,57,24,41.5
2026-04-18 02:56:41 AM,KXATPCHALLENGERMATCH-26APR18BRORIE-BRO,39,10,35,363,29,60,24,100,23,200,44,18,46,1,55,2560,56,33,57,24,41.5
2026-04-18 02:56:41 AM,KXATPCHALLENGERMATCH-26APR18BRORIE-BRO,39,10,35,363,29,60,24,100,23,200,44,33,46,1,55,2560,56,33,57,24,41.5
2026-04-18 02:56:41 AM,KXATPCHALLENGERMATCH-26APR18BRORIE-BRO,39,10,35,363,29,60,24,100,23,200,44,33,46,1,55,60,56,33,57,24,41.5
2026-04-18 02:56:41 AM,KXATPCHALLENGERMATCH-26APR18BRORIE-BRO,39,10,35,363,29,60,24,100,23,200,43,849,44,33,46,1,55,60,56,33,41.0
2026-04-18 02:56:41 AM,KXATPCHALLENGERMATCH-26APR18BRORIE-BRO,39,10,35,363,29,60,24,100,23,200,43,849,44,18,46,1,55,60,56,33,41.0
2026-04-18 02:56:41 AM,KXATPCHALLENGERMATCH-26APR18BRORIE-BRO,39,10,35,363,29,60,24,100,23,200,43,849,46,1,55,60,56,33,57,24,41.0
2026-04-18 02:56:41 AM,KXATPCHALLENGERMATCH-26APR18BRORIE-BRO,39,10,35,363,29,60,24,100,23,200,46,1,55,60,56,33,57,24,60,64,42.5
2026-04-18 02:56:41 AM,KXATPCHALLENGERMATCH-26APR18BRORIE-BRO,39,10,35,363,29,60,24,100,23,200,46,1,54,2500,55,60,56,33,57,24,42.5
2026-04-18 02:56:41 AM,KXATPCHALLENGERMATCH-26APR18BRORIE-BRO,39,10,35,363,29,60,24,100,23,200,46,1,53,25,54,2500,55,60,56,33,42.5
2026-04-18 02:56:41 AM,KXATPCHALLENGERMATCH-26APR18BRORIE-BRO,39,10,35,363,29,60,24,100,23,200,46,1,53,25,54,2500,56,33,57,24,42.5
2026-04-18 02:56:41 AM,KXATPCHALLENGERMATCH-26APR18BRORIE-BRO,39,10,35,363,29,60,24,100,23,200,46,1,53,25,56,33,57,24,60,64,42.5
2026-04-18 02:56:41 AM,KXATPCHALLENGERMATCH-26APR18BRORIE-BRO,39,10,35,363,29,60,24,100,23,200,46,1,52,2500,53,25,56,33,57,24,42.5
2026-04-18 02:56:41 AM,KXATPCHALLENGERMATCH-26APR18BRORIE-BRO,39,10,35,363,29,60,24,100,23,200,46,1,52,2500,56,33,57,24,60,64,42.5
2026-04-18 02:56:41 AM,KXATPCHALLENGERMATCH-26APR18BRORIE-BRO,39,10,35,363,29,60,24,100,23,200,46,1,51,24,52,2500,56,33,57,24,42.5
2026-04-18 02:56:41 AM,KXATPCHALLENGERMATCH-26APR18BRORIE-BRO,39,10,35,363,29,60,24,100,23,200,46,1,51,24,56,33,57,24,60,64,42.5
2026-04-18 02:56:41 AM,KXATPCHALLENGERMATCH-26APR18BRORIE-BRO,39,10,35,363,29,60,24,100,23,200,46,1,51,24,55,2500,56,33,57,24,42.5
2026-04-18 02:56:41 AM,KXATPCHALLENGERMATCH-26APR18BRORIE-BRO,39,10,35,363,29,60,24,100,23,200,46,1,51,24,56,33,57,24,60,64,42.5
2026-04-18 02:56:41 AM,KXATPCHALLENGERMATCH-26APR18BRORIE-BRO,39,10,35,363,29,60,24,100,23,200,46,1,50,1967,51,24,56,33,57,24,42.5
2026-04-18 02:56:41 AM,KXATPCHALLENGERMATCH-26APR18BRORIE-BRO,39,10,35,363,29,60,24,100,23,200,46,1,50,1967,56,33,57,24,60,64,42.5
2026-04-18 02:56:41 AM,KXATPCHALLENGERMATCH-26APR18BRORIE-BRO,39,10,35,363,29,60,24,100,23,200,46,1,49,23,50,1967,56,33,57,24,42.5
2026-04-18 02:56:41 AM,KXATPCHALLENGERMATCH-26APR18BRORIE-BRO,39,10,35,363,29,60,24,100,23,200,46,1,49,23,50,1967,52,15,56,33,42.5
2026-04-18 02:56:41 AM,KXATPCHALLENGERMATCH-26APR18BRORIE-BRO,39,10,35,363,29,60,24,100,23,200,46,1,49,23,52,15,56,33,57,24,42.5
2026-04-18 02:56:41 AM,KXATPCHALLENGERMATCH-26APR18BRORIE-BRO,39,10,35,363,29,60,24,100,23,200,46,1,49,23,52,15,55,2500,56,33,42.5
2026-04-18 02:56:41 AM,KXATPCHALLENGERMATCH-26APR18BRORIE-BRO,39,10,35,363,29,60,24,100,23,200,46,1,49,23,55,2500,56,33,57,24,42.5
2026-04-18 02:56:41 AM,KXATPCHALLENGERMATCH-26APR18BRORIE-BRO,39,10,35,363,29,60,24,100,23,200,46,1,49,23,56,33,57,24,59,60,42.5
2026-04-18 02:56:41 AM,KXATPCHALLENGERMATCH-26APR18BRORIE-BRO,39,10,35,363,29,60,24,100,23,200,46,1,48,1516,49,23,56,33,57,24,42.5
2026-04-18 02:56:41 AM,KXATPCHALLENGERMATCH-26APR18BRORIE-BRO,39,10,35,363,29,60,24,100,23,200,46,1,48,1516,56,33,57,24,60,64,42.5
2026-04-18 02:56:41 AM,KXATPCHALLENGERMATCH-26APR18BRORIE-BRO,39,10,35,363,29,60,24,100,23,200,46,1,47,22,48,1516,56,33,57,24,42.5
2026-04-18 02:56:41 AM,KXATPCHALLENGERMATCH-26APR18BRORIE-BRO,39,10,35,363,29,60,24,100,23,200,46,1,47,22,56,33,57,24,60,64,42.5
2026-04-18 02:56:41 AM,KXATPCHALLENGERMATCH-26APR18BRORIE-BRO,39,10,35,363,29,60,24,100,23,200,46,1,47,22,55,2500,56,33,57,24,42.5
2026-04-18 02:56:41 AM,KXATPCHALLENGERMATCH-26APR18BRORIE-BRO,39,10,35,363,29,60,24,100,23,200,46,1,47,22,56,33,57,24,60,64,42.5
2026-04-18 02:56:41 AM,KXATPCHALLENGERMATCH-26APR18BRORIE-BRO,39,10,35,363,29,60,24,100,23,200,46,1250,47,22,56,33,57,24,60,64,42.5
2026-04-18 02:56:41 AM,KXATPCHALLENGERMATCH-26APR18BRORIE-BRO,39,10,35,363,29,60,24,100,23,200,46,1250,47,117,56,33,57,24,60,64,42.5
2026-04-18 02:56:41 AM,KXATPCHALLENGERMATCH-26APR18BRORIE-BRO,39,10,35,363,29,60,24,100,23,200,46,1250,47,95,56,33,57,24,60,64,42.5
2026-04-18 02:56:41 AM,KXATPCHALLENGERMATCH-26APR18BRORIE-BRO,39,10,35,363,29,60,24,100,23,200,45,18,46,1250,47,95,56,33,57,24,42.0
2026-04-18 02:56:41 AM,KXATPCHALLENGERMATCH-26APR18BRORIE-BRO,39,10,35,363,29,60,24,100,23,200,45,18,46,1,47,95,56,33,57,24,42.0
2026-04-18 02:56:41 AM,KXATPCHALLENGERMATCH-26APR18BRORIE-BRO,39,10,35,363,29,60,24,100,23,200,44,983,45,18,46,1,47,95,56,33,41.5
2026-04-18 02:56:41 AM,KXATPCHALLENGERMATCH-26APR18BRORIE-BRO,39,10,35,363,29,60,24,100,23,200,44,983,45,18,46,1,56,33,57,24,41.5
2026-04-18 02:56:41 AM,KXATPCHALLENGERMATCH-26APR18BRORIE-BRO,39,10,35,363,29,60,24,100,23,200,44,983,45,33,46,1,56,33,57,24,41.5
2026-04-18 02:56:41 AM,KXATPCHALLENGERMATCH-26APR18BRORIE-BRO,39,10,35,363,29,60,24,100,23,200,44,983,45,15,46,1,56,33,57,24,41.5
2026-04-18 02:56:41 AM,KXATPCHALLENGERMATCH-26APR18BRORIE-BRO,39,10,35,363,29,60,24,100,23,200,43,8,44,983,45,15,46,1,56,33,41.0
2026-04-18 02:56:41 AM,KXATPCHALLENGERMATCH-26APR18BRORIE-BRO,39,10,35,363,29,60,24,100,23,200,43,8,44,983,45,15,46,1,54,60,41.0
2026-04-18 02:56:41 AM,KXATPCHALLENGERMATCH-26APR18BRORIE-BRO,39,10,35,363,29,60,24,100,23,200,43,8,44,983,46,1,54,60,56,33,41.0
2026-04-18 02:56:42 AM,KXATPCHALLENGERMATCH-26APR18BRORIE-BRO,39,10,35,363,29,60,24,100,23,200,43,38,44,983,46,1,54,60,56,33,41.0
2026-04-18 02:56:45 AM,KXATPCHALLENGERMATCH-26APR18BRORIE-BRO,39,10,35,363,29,60,24,100,23,200,43,30,44,983,46,1,54,60,56,33,41.0
2026-04-18 02:56:45 AM,KXATPCHALLENGERMATCH-26APR18BRORIE-BRO,39,10,35,363,29,60,24,100,23,200,43,17,44,983,46,1,54,60,56,33,41.0
2026-04-18 02:56:45 AM,KXATPCHALLENGERMATCH-26APR18BRORIE-BRO,39,10,35,363,29,60,24,100,23,200,43,1,44,983,46,1,54,60,56,33,41.0
2026-04-18 02:56:45 AM,KXATPCHALLENGERMATCH-26APR18BRORIE-BRO,39,10,35,363,29,60,24,100,23,200,43,1,46,1,54,60,56,33,57,24,41.0
2026-04-18 02:56:45 AM,KXATPCHALLENGERMATCH-26APR18BRORIE-BRO,39,10,35,363,29,60,24,100,23,200,43,1,46,1,53,2500,54,60,56,33,41.0
2026-04-18 02:56:45 AM,KXATPCHALLENGERMATCH-26APR18BRORIE-BRO,39,10,35,363,29,60,24,100,23,200,43,1,46,1,52,25,53,2500,54,60,41.0
2026-04-18 02:56:45 AM,KXATPCHALLENGERMATCH-26APR18BRORIE-BRO,39,10,35,363,29,60,24,100,23,200,43,1,46,1,52,25,53,2500,56,33,41.0
2026-04-18 02:56:45 AM,KXATPCHALLENGERMATCH-26APR18BRORIE-BRO,39,10,35,363,29,60,24,100,23,200,43,1,46,1,52,25,56,33,57,24,41.0
2026-04-18 02:56:45 AM,KXATPCHALLENGERMATCH-26APR18BRORIE-BRO,39,10,35,363,29,60,24,100,23,200,43,1,46,1,51,2234,52,25,56,33,41.0
2026-04-18 02:56:45 AM,KXATPCHALLENGERMATCH-26APR18BRORIE-BRO,39,10,35,363,29,60,24,100,20,5000,43,1,46,1,51,2234,52,25,56,33,41.0
2026-04-18 02:56:45 AM,KXATPCHALLENGERMATCH-26APR18BRORIE-BRO,39,10,36,116,35,363,29,60,24,100,43,1,46,1,51,2234,52,25,56,33,41.0
2026-04-18 02:56:45 AM,KXATPCHALLENGERMATCH-26APR18BRORIE-BRO,39,10,36,116,35,363,29,60,24,100,43,1,46,1,51,2234,56,33,57,24,41.0
2026-04-18 02:56:45 AM,KXATPCHALLENGERMATCH-26APR18BRORIE-BRO,39,10,36,116,35,363,29,60,24,100,43,1,46,1,50,24,51,2234,56,33,41.0
2026-04-18 02:56:45 AM,KXATPCHALLENGERMATCH-26APR18BRORIE-BRO,39,10,36,116,35,363,29,60,24,100,43,1,46,1,50,24,51,2234,52,161,41.0
2026-04-18 02:56:45 AM,KXATPCHALLENGERMATCH-26APR18BRORIE-BRO,39,10,36,116,35,363,29,60,24,100,43,1,46,1,50,24,52,161,56,33,41.0
2026-04-18 02:56:45 AM,KXATPCHALLENGERMATCH-26APR18BRORIE-BRO,39,10,36,116,35,363,29,60,24,100,43,1,46,1,50,24,52,161,55,2500,41.0
2026-04-18 02:56:45 AM,KXATPCHALLENGERMATCH-26APR18BRORIE-BRO,39,10,36,53,35,363,29,60,24,100,43,1,46,1,50,24,52,161,55,2500,41.0
2026-04-18 02:56:45 AM,KXATPCHALLENGERMATCH-26APR18BRORIE-BRO,39,10,36,53,35,363,29,60,24,100,43,1,46,1,50,24,52,161,56,33,41.0
2026-04-18 02:56:45 AM,KXATPCHALLENGERMATCH-26APR18BRORIE-BRO,39,10,36,53,35,363,29,60,24,100,43,1,46,1,49,1700,50,24,52,161,41.0
2026-04-18 02:56:45 AM,KXATPCHALLENGERMATCH-26APR18BRORIE-BRO,39,10,36,53,35,363,29,60,24,100,43,1,46,1,49,1700,52,161,56,33,41.0
2026-04-18 02:56:45 AM,KXATPCHALLENGERMATCH-26APR18BRORIE-BRO,39,10,36,53,35,363,29,60,24,100,43,1,46,1,48,23,49,1700,52,161,41.0
2026-04-18 02:56:45 AM,KXATPCHALLENGERMATCH-26APR18BRORIE-BRO,39,10,36,53,35,363,29,60,24,100,43,1,46,1,48,23,52,161,56,33,41.0
2026-04-18 02:56:45 AM,KXATPCHALLENGERMATCH-26APR18BRORIE-BRO,39,10,36,53,35,363,29,60,24,100,43,1,46,1,48,23,51,2234,52,161,41.0
2026-04-18 02:56:45 AM,KXATPCHALLENGERMATCH-26APR18BRORIE-BRO,39,10,36,53,35,363,29,60,24,100,43,1,46,1,48,23,52,161,56,33,41.0
2026-04-18 02:56:45 AM,KXATPCHALLENGERMATCH-26APR18BRORIE-BRO,39,10,36,53,35,363,29,60,24,100,43,1,46,1,47,1383,48,23,52,161,41.0
2026-04-18 02:56:45 AM,KXATPCHALLENGERMATCH-26APR18BRORIE-BRO,39,10,36,53,35,363,29,60,24,100,43,1,46,1,47,1383,52,161,56,33,41.0
2026-04-18 02:56:45 AM,KXATPCHALLENGERMATCH-26APR18BRORIE-BRO,39,10,36,53,35,363,29,60,24,100,43,1,46,14,47,1383,52,161,56,33,41.0
2026-04-18 02:56:45 AM,KXATPCHALLENGERMATCH-26APR18BRORIE-BRO,39,10,36,53,35,363,29,60,24,100,43,5,46,14,47,1383,52,161,56,33,41.0
2026-04-18 02:56:45 AM,KXATPCHALLENGERMATCH-26APR18BRORIE-BRO,39,10,36,53,35,363,29,60,24,100,43,5,46,14,52,161,56,33,57,24,41.0
2026-04-18 02:56:45 AM,KXATPCHALLENGERMATCH-26APR18BRORIE-BRO,39,10,36,53,35,363,29,60,24,100,43,5,46,14,51,2234,52,161,56,33,41.0
2026-04-18 02:56:45 AM,KXATPCHALLENGERMATCH-26APR18BRORIE-BRO,39,10,37,91,36,53,35,363,29,60,43,5,46,14,51,2234,52,161,56,33,41.0
2026-04-18 02:56:45 AM,KXATPCHALLENGERMATCH-26APR18BRORIE-BRO,39,10,37,91,36,53,35,363,29,60,43,5,46,14,52,161,56,33,57,24,41.0
2026-04-18 02:56:45 AM,KXATPCHALLENGERMATCH-26APR18BRORIE-BRO,39,10,37,91,36,53,35,363,29,60,43,854,46,14,52,161,56,33,57,24,41.0
2026-04-18 02:56:45 AM,KXATPCHALLENGERMATCH-26APR18BRORIE-BRO,39,10,37,91,36,53,35,363,29,60,43,850,46,14,52,161,56,33,57,24,41.0
2026-04-18 02:56:45 AM,KXATPCHALLENGERMATCH-26APR18BRORIE-BRO,39,10,37,91,36,53,35,363,29,60,43,850,46,1,52,161,56,33,57,24,41.0
2026-04-18 02:56:45 AM,KXATPCHALLENGERMATCH-26APR18BRORIE-BRO,39,10,37,91,36,53,35,363,29,60,43,1,46,1,52,161,56,33,57,24,41.0
2026-04-18 02:56:45 AM,KXATPCHALLENGERMATCH-26APR18BRORIE-BRO,39,10,37,91,36,53,35,363,29,60,43,1,45,1116,46,1,52,161,56,33,41.0
2026-04-18 02:56:45 AM,KXATPCHALLENGERMATCH-26APR18BRORIE-BRO,39,10,37,91,36,53,35,363,29,60,43,1,46,1,52,161,56,33,57,24,41.0
2026-04-18 02:56:45 AM,KXATPCHALLENGERMATCH-26APR18BRORIE-BRO,39,10,37,91,36,53,35,363,29,60,43,1,46,1,51,2234,52,161,56,33,41.0
2026-04-18 02:56:45 AM,KXATPCHALLENGERMATCH-26APR18BRORIE-BRO,39,10,37,91,36,53,35,363,29,60,43,1,44,1,46,1,51,2234,52,161,41.0
2026-04-18 02:56:45 AM,KXATPCHALLENGERMATCH-26APR18BRORIE-BRO,39,10,37,91,36,53,35,363,29,60,43,1,44,1,46,1,51,2234,56,33,41.0
2026-04-18 02:56:45 AM,KXATPCHALLENGERMATCH-26APR18BRORIE-BRO,39,10,37,91,36,53,35,363,29,60,43,1,46,1,51,2234,56,33,57,24,41.0
2026-04-18 02:56:45 AM,KXATPCHALLENGERMATCH-26APR18BRORIE-BRO,39,10,37,91,36,53,35,363,29,60,43,1,46,1,50,24,51,2234,56,33,41.0
2026-04-18 02:56:45 AM,KXATPCHALLENGERMATCH-26APR18BRORIE-BRO,39,10,37,91,36,53,35,363,29,60,43,1,46,1,51,2234,56,33,57,24,41.0
2026-04-18 02:56:45 AM,KXATPCHALLENGERMATCH-26APR18BRORIE-BRO,39,10,37,91,36,53,35,363,29,60,43,2,46,1,51,2234,56,33,57,24,41.0
2026-04-18 02:56:45 AM,KXATPCHALLENGERMATCH-26APR18BRORIE-BRO,39,10,37,91,36,53,35,363,29,60,43,2,46,1,56,33,57,24,60,64,41.0
2026-04-18 02:56:45 AM,KXATPCHALLENGERMATCH-26APR18BRORIE-BRO,39,10,37,91,36,53,35,363,29,60,43,851,46,1,56,33,57,24,60,64,41.0
2026-04-18 02:56:45 AM,KXATPCHALLENGERMATCH-26APR18BRORIE-BRO,39,10,37,36,36,53,35,363,29,60,43,851,46,1,56,33,57,24,60,64,41.0
2026-04-18 02:56:45 AM,KXATPCHALLENGERMATCH-26APR18BRORIE-BRO,39,10,37,36,36,53,35,363,29,60,43,2,46,1,56,33,57,24,60,64,41.0
2026-04-18 02:56:45 AM,KXATPCHALLENGERMATCH-26APR18BRORIE-BRO,39,10,37,36,36,53,35,363,29,60,43,2,46,1,49,1700,56,33,57,24,41.0
2026-04-18 02:56:45 AM,KXATPCHALLENGERMATCH-26APR18BRORIE-BRO,39,10,37,36,36,53,35,363,29,60,43,2,46,1,56,33,57,24,60,64,41.0
2026-04-18 02:56:45 AM,KXATPCHALLENGERMATCH-26APR18BRORIE-BRO,39,10,37,36,36,53,35,363,29,60,43,851,46,1,56,33,57,24,60,64,41.0
2026-04-18 02:56:45 AM,KXATPCHALLENGERMATCH-26APR18BRORIE-BRO,39,10,37,36,36,53,35,363,29,60,43,851,46,1,53,60,56,33,57,24,41.0
2026-04-18 02:56:51 AM,KXATPCHALLENGERMATCH-26APR18BRORIE-BRO,39,10,37,36,36,53,35,363,29,60,43,850,46,1,53,60,56,33,57,24,41.0
2026-04-18 02:56:51 AM,KXATPCHALLENGERMATCH-26APR18BRORIE-BRO,39,10,37,36,36,53,35,363,29,60,43,1,46,1,53,60,56,33,57,24,41.0
2026-04-18 02:56:51 AM,KXATPCHALLENGERMATCH-26APR18BRORIE-BRO,39,10,37,36,36,53,35,363,29,60,43,1,46,1,52,1652,53,60,56,33,41.0
2026-04-18 02:56:51 AM,KXATPCHALLENGERMATCH-26APR18BRORIE-BRO,39,10,37,36,36,53,35,363,29,60,43,1,46,1,52,1652,56,33,57,24,41.0
2026-04-18 02:56:51 AM,KXATPCHALLENGERMATCH-26APR18BRORIE-BRO,39,10,37,36,36,53,35,363,29,60,43,1,46,1,52,1677,56,33,57,24,41.0
2026-04-18 02:56:51 AM,KXATPCHALLENGERMATCH-26APR18BRORIE-BRO,39,10,37,36,36,53,35,363,29,60,43,1,46,1,52,25,56,33,57,24,41.0
2026-04-18 02:56:51 AM,KXATPCHALLENGERMATCH-26APR18BRORIE-BRO,39,10,37,36,36,53,35,363,29,60,43,1,46,1,52,25,55,1652,56,33,41.0
2026-04-18 02:56:51 AM,KXATPCHALLENGERMATCH-26APR18BRORIE-BRO,39,10,37,36,36,53,35,363,29,60,43,1,46,1,52,25,56,33,57,24,41.0
2026-04-18 02:56:51 AM,KXATPCHALLENGERMATCH-26APR18BRORIE-BRO,39,10,37,36,36,53,35,363,29,60,43,1,46,1,51,1492,52,25,56,33,41.0
2026-04-18 02:56:51 AM,KXATPCHALLENGERMATCH-26APR18BRORIE-BRO,39,10,37,36,36,53,35,363,29,60,43,1,46,1,51,1492,56,33,57,24,41.0
2026-04-18 02:56:51 AM,KXATPCHALLENGERMATCH-26APR18BRORIE-BRO,39,10,37,36,36,53,35,363,29,60,43,1,46,1,50,24,51,1492,56,33,41.0
2026-04-18 02:56:51 AM,KXATPCHALLENGERMATCH-26APR18BRORIE-BRO,39,10,37,36,36,53,35,363,29,60,43,1,46,1,50,24,51,1492,54,196,41.0
2026-04-18 02:56:51 AM,KXATPCHALLENGERMATCH-26APR18BRORIE-BRO,39,10,37,36,36,53,35,363,29,60,43,1,46,1,50,24,54,196,56,33,41.0
2026-04-18 02:56:51 AM,KXATPCHALLENGERMATCH-26APR18BRORIE-BRO,39,10,37,36,36,53,35,363,29,60,43,1,46,1,50,24,54,196,55,1652,41.0
2026-04-18 02:56:51 AM,KXATPCHALLENGERMATCH-26APR18BRORIE-BRO,39,10,37,36,36,53,35,363,29,60,43,1,46,1,50,24,54,196,56,33,41.0
2026-04-18 02:56:51 AM,KXATPCHALLENGERMATCH-26APR18BRORIE-BRO,39,10,37,36,36,53,35,363,29,60,43,1,46,1,49,1226,50,24,54,196,41.0
2026-04-18 02:56:51 AM,KXATPCHALLENGERMATCH-26APR18BRORIE-BRO,39,10,37,36,36,53,35,363,29,60,43,1,46,1,49,1226,50,24,56,33,41.0
2026-04-18 02:56:51 AM,KXATPCHALLENGERMATCH-26APR18BRORIE-BRO,39,10,37,36,36,53,35,363,29,60,43,1,46,1,49,1226,50,159,56,33,41.0
2026-04-18 02:56:51 AM,KXATPCHALLENGERMATCH-26APR18BRORIE-BRO,39,10,37,36,36,53,35,363,29,60,43,1,46,1,49,1226,50,135,56,33,41.0
2026-04-18 02:56:51 AM,KXATPCHALLENGERMATCH-26APR18BRORIE-BRO,39,10,37,36,36,53,35,363,29,60,43,1,46,1,48,23,49,1226,50,135,41.0
2026-04-18 02:56:51 AM,KXATPCHALLENGERMATCH-26APR18BRORIE-BRO,39,10,37,36,36,53,35,363,29,60,43,1,46,1,48,38,49,1226,50,135,41.0
2026-04-18 02:56:51 AM,KXATPCHALLENGERMATCH-26APR18BRORIE-BRO,39,10,37,36,36,53,35,363,29,60,43,1,46,1,48,38,49,1226,56,33,41.0
2026-04-18 02:56:51 AM,KXATPCHALLENGERMATCH-26APR18BRORIE-BRO,39,10,37,36,36,53,35,363,29,60,43,1,46,1,48,38,56,33,57,24,41.0
2026-04-18 02:56:51 AM,KXATPCHALLENGERMATCH-26APR18BRORIE-BRO,39,10,37,36,36,53,35,363,29,60,43,1,46,1,47,959,48,38,56,33,41.0
2026-04-18 02:56:51 AM,KXATPCHALLENGERMATCH-26APR18BRORIE-BRO,39,10,37,36,36,53,35,363,29,60,43,1,46,1,47,959,48,23,56,33,41.0
2026-04-18 02:56:51 AM,KXATPCHALLENGERMATCH-26APR18BRORIE-BRO,39,10,37,36,36,53,35,363,29,60,43,1,46,1,47,959,48,147,56,33,41.0
2026-04-18 02:56:51 AM,KXATPCHALLENGERMATCH-26APR18BRORIE-BRO,39,10,37,36,36,53,35,363,29,60,43,1,46,1,47,959,48,124,56,33,41.0
2026-04-18 02:56:51 AM,KXATPCHALLENGERMATCH-26APR18BRORIE-BRO,39,10,37,36,36,53,35,363,29,60,43,1,46,14,47,959,48,124,56,33,41.0
2026-04-18 02:56:51 AM,KXATPCHALLENGERMATCH-26APR18BRORIE-BRO,39,10,37,36,36,53,35,363,29,60,43,1,46,14,47,959,56,33,57,24,41.0
2026-04-18 02:56:51 AM,KXATPCHALLENGERMATCH-26APR18BRORIE-BRO,39,10,37,36,36,53,35,363,29,60,43,1,46,14,47,959,55,60,56,33,41.0
2026-04-18 02:56:54 AM,KXATPCHALLENGERMATCH-26APR18BRORIE-BRO,39,10,37,36,36,53,35,363,29,60,43,1,46,1,47,959,55,60,56,33,41.0
2026-04-18 02:56:54 AM,KXATPCHALLENGERMATCH-26APR18BRORIE-BRO,39,10,37,36,36,53,35,363,29,60,43,1,46,1,55,60,56,33,57,24,41.0
2026-04-18 02:56:54 AM,KXATPCHALLENGERMATCH-26APR18BRORIE-BRO,39,10,37,36,36,53,35,363,29,60,43,1,46,1,54,1652,55,60,56,33,41.0
2026-04-18 02:56:54 AM,KXATPCHALLENGERMATCH-26APR18BRORIE-BRO,39,10,37,36,36,53,35,363,29,60,43,1,46,16,54,1652,55,60,56,33,41.0
2026-04-18 02:56:54 AM,KXATPCHALLENGERMATCH-26APR18BRORIE-BRO,39,10,37,36,36,53,35,363,29,60,43,1,46,16,53,194,54,1652,55,60,41.0
2026-04-18 02:56:54 AM,KXATPCHALLENGERMATCH-26APR18BRORIE-BRO,39,10,37,36,36,53,35,363,29,60,43,1,46,16,53,194,55,60,56,33,41.0
2026-04-18 02:56:54 AM,KXATPCHALLENGERMATCH-26APR18BRORIE-BRO,39,10,37,36,36,53,35,363,29,60,43,1,46,842,53,194,55,60,56,33,41.0
2026-04-18 02:56:54 AM,KXATPCHALLENGERMATCH-26APR18BRORIE-BRO,39,10,37,36,36,53,35,363,29,60,43,1,46,842,53,194,56,33,57,24,41.0
2026-04-18 02:56:54 AM,KXATPCHALLENGERMATCH-26APR18BRORIE-BRO,39,10,37,36,36,53,35,363,29,60,43,1,46,827,53,194,56,33,57,24,41.0
2026-04-18 02:56:54 AM,KXATPCHALLENGERMATCH-26APR18BRORIE-BRO,39,10,37,36,36,53,35,363,29,60,43,1,46,1,53,194,56,33,57,24,41.0
2026-04-18 02:56:54 AM,KXATPCHALLENGERMATCH-26APR18BRORIE-BRO,39,10,37,36,36,53,35,363,29,60,43,1,46,1,52,1652,53,194,56,33,41.0
2026-04-18 02:56:54 AM,KXATPCHALLENGERMATCH-26APR18BRORIE-BRO,39,10,37,36,36,53,35,363,29,60,43,1,46,1,52,1652,56,33,57,24,41.0
2026-04-18 02:56:54 AM,KXATPCHALLENGERMATCH-26APR18BRORIE-BRO,39,10,37,36,36,53,35,363,29,60,43,1,46,1,56,33,57,24,60,64,41.0
2026-04-18 02:56:54 AM,KXATPCHALLENGERMATCH-26APR18BRORIE-BRO,39,10,37,36,36,53,35,363,29,60,43,1,46,1,55,1652,56,33,57,24,41.0
2026-04-18 02:57:13 AM,KXATPCHALLENGERMATCH-26APR18BRORIE-BRO,39,10,37,36,36,53,35,363,29,60,43,1,46,1,54,26,55,1652,56,33,41.0
2026-04-18 02:57:13 AM,KXATPCHALLENGERMATCH-26APR18BRORIE-BRO,39,10,37,36,36,53,35,363,29,60,43,1,46,1,54,26,56,33,57,24,41.0
2026-04-18 02:57:13 AM,KXATPCHALLENGERMATCH-26APR18BRORIE-BRO,39,10,37,36,36,53,35,363,29,60,43,1,46,1,53,1652,54,26,56,33,41.0
2026-04-18 02:57:13 AM,KXATPCHALLENGERMATCH-26APR18BRORIE-BRO,39,10,37,36,36,53,35,363,29,60,43,1,46,1,53,1652,54,214,56,33,41.0
2026-04-18 02:57:13 AM,KXATPCHALLENGERMATCH-26APR18BRORIE-BRO,39,10,37,36,36,53,35,363,29,60,43,1,46,1,53,1652,54,188,56,33,41.0
2026-04-18 02:57:13 AM,KXATPCHALLENGERMATCH-26APR18BRORIE-BRO,39,10,37,36,36,53,35,363,29,60,43,1,46,1,52,25,53,1652,54,188,41.0
2026-04-18 02:57:13 AM,KXATPCHALLENGERMATCH-26APR18BRORIE-BRO,39,10,37,36,36,53,35,363,29,60,43,1,46,1,52,40,53,1652,54,188,41.0
2026-04-18 02:57:13 AM,KXATPCHALLENGERMATCH-26APR18BRORIE-BRO,39,10,37,36,36,53,35,363,29,60,43,1,46,1,52,40,54,188,56,33,41.0
2026-04-18 02:57:13 AM,KXATPCHALLENGERMATCH-26APR18BRORIE-BRO,39,10,37,36,36,53,35,363,29,60,43,1,46,1,51,1492,52,40,54,188,41.0
2026-04-18 02:57:13 AM,KXATPCHALLENGERMATCH-26APR18BRORIE-BRO,39,10,37,36,36,53,35,363,29,60,43,1,46,1,51,1492,52,25,54,188,41.0
2026-04-18 02:57:13 AM,KXATPCHALLENGERMATCH-26APR18BRORIE-BRO,39,10,37,36,36,53,35,363,29,60,43,1,46,1,51,1492,54,188,56,33,41.0
2026-04-18 02:57:13 AM,KXATPCHALLENGERMATCH-26APR18BRORIE-BRO,39,10,37,36,36,53,35,363,29,60,43,1,46,1,50,24,51,1492,54,188,41.0
2026-04-18 02:57:13 AM,KXATPCHALLENGERMATCH-26APR18BRORIE-BRO,39,10,37,36,36,53,35,363,29,60,43,1,46,1,50,24,51,1492,56,33,41.0
2026-04-18 02:57:13 AM,KXATPCHALLENGERMATCH-26APR18BRORIE-BRO,39,10,37,36,36,53,35,363,29,60,43,1,46,1,50,24,51,1492,52,161,41.0
2026-04-18 02:57:13 AM,KXATPCHALLENGERMATCH-26APR18BRORIE-BRO,39,10,37,36,36,53,35,363,29,60,43,1,46,1,50,24,52,161,56,33,41.0
2026-04-18 02:57:13 AM,KXATPCHALLENGERMATCH-26APR18BRORIE-BRO,39,10,37,36,36,53,35,363,29,60,43,1,46,1,50,24,52,161,53,1652,41.0
2026-04-18 02:57:13 AM,KXATPCHALLENGERMATCH-26APR18BRORIE-BRO,39,10,37,36,36,53,35,363,29,60,43,1,46,1,50,24,52,161,56,33,41.0
2026-04-18 02:57:13 AM,KXATPCHALLENGERMATCH-26APR18BRORIE-BRO,39,10,37,36,36,53,35,363,29,60,43,1,46,1,49,1226,50,24,52,161,41.0
2026-04-18 02:57:13 AM,KXATPCHALLENGERMATCH-26APR18BRORIE-BRO,39,10,37,36,36,53,35,363,29,60,43,1,46,1,49,1226,52,161,56,33,41.0
2026-04-18 02:57:13 AM,KXATPCHALLENGERMATCH-26APR18BRORIE-BRO,39,10,37,36,36,53,35,363,29,60,43,1,46,1,48,23,49,1226,52,161,41.0
2026-04-18 02:57:13 AM,KXATPCHALLENGERMATCH-26APR18BRORIE-BRO,39,10,37,36,36,53,35,363,29,60,43,1,46,1,48,23,52,161,56,33,41.0
2026-04-18 02:57:13 AM,KXATPCHALLENGERMATCH-26APR18BRORIE-BRO,39,10,37,36,36,53,35,363,29,60,43,1,46,1,48,23,51,1492,52,161,41.0
2026-04-18 02:57:13 AM,KXATPCHALLENGERMATCH-26APR18BRORIE-BRO,39,10,37,36,36,53,35,363,29,60,43,1,46,1,48,23,51,1492,56,33,41.0
2026-04-18 02:57:13 AM,KXATPCHALLENGERMATCH-26APR18BRORIE-BRO,39,10,37,36,36,53,35,363,29,60,43,1,46,1,48,23,50,135,51,1492,41.0
2026-04-18 02:57:13 AM,KXATPCHALLENGERMATCH-26APR18BRORIE-BRO,39,10,37,36,36,53,35,363,29,60,43,1,46,1,48,23,50,135,56,33,41.0
2026-04-18 02:57:13 AM,KXATPCHALLENGERMATCH-26APR18BRORIE-BRO,39,10,37,36,36,53,35,363,29,60,43,1,46,1,47,959,48,23,50,135,41.0
2026-04-18 02:57:13 AM,KXATPCHALLENGERMATCH-26APR18BRORIE-BRO,39,10,37,36,36,53,35,363,29,60,43,1,46,1,47,959,50,135,56,33,41.0
2026-04-18 02:57:13 AM,KXATPCHALLENGERMATCH-26APR18BRORIE-BRO,39,10,37,36,36,53,35,363,29,60,43,1,46,14,47,959,50,135,56,33,41.0
2026-04-18 02:57:13 AM,KXATPCHALLENGERMATCH-26APR18BRORIE-BRO,39,10,37,36,36,53,35,363,29,60,43,1,46,14,50,135,56,33,57,24,41.0
2026-04-18 02:57:13 AM,KXATPCHALLENGERMATCH-26APR18BRORIE-BRO,39,10,37,36,36,53,35,363,29,60,43,1,46,14,49,1226,50,135,56,33,41.0
2026-04-18 02:57:13 AM,KXATPCHALLENGERMATCH-26APR18BRORIE-BRO,39,10,37,36,36,53,35,363,29,60,43,1,46,14,50,135,56,33,57,24,41.0
2026-04-18 02:57:13 AM,KXATPCHALLENGERMATCH-26APR18BRORIE-BRO,39,10,37,36,36,53,35,363,29,60,43,1,46,840,50,135,56,33,57,24,41.0
2026-04-18 02:57:13 AM,KXATPCHALLENGERMATCH-26APR18BRORIE-BRO,39,10,37,36,36,53,35,363,29,60,43,1,46,840,56,33,57,24,58,60,41.0
2026-04-18 02:57:13 AM,KXATPCHALLENGERMATCH-26APR18BRORIE-BRO,39,10,37,36,36,53,35,363,29,60,43,1,45,15,46,840,56,33,57,24,41.0
2026-04-18 02:57:13 AM,KXATPCHALLENGERMATCH-26APR18BRORIE-BRO,39,10,38,15,37,36,36,53,35,363,43,1,45,15,46,840,56,33,57,24,41.0
2026-04-18 02:57:13 AM,KXATPCHALLENGERMATCH-26APR18BRORIE-BRO,39,10,38,15,37,36,36,53,35,363,43,1,45,15,46,827,56,33,57,24,41.0
2026-04-18 02:57:13 AM,KXATPCHALLENGERMATCH-26APR18BRORIE-BRO,39,10,38,15,37,36,36,53,35,363,43,1,45,45,46,827,56,33,57,24,41.0
2026-04-18 02:57:14 AM,KXATPCHALLENGERMATCH-26APR18BRORIE-BRO,39,10,38,15,37,36,36,53,35,363,43,1,45,45,46,827,55,60,56,33,41.0
2026-04-18 02:57:43 AM,KXATPCHALLENGERMATCH-26APR18BRORIE-BRO,39,10,38,15,37,36,35,363,29,60,43,1,45,45,46,827,55,60,56,33,41.0
2026-04-18 02:57:43 AM,KXATPCHALLENGERMATCH-26APR18BRORIE-BRO,39,10,38,15,35,363,29,60,24,100,43,1,45,45,46,827,55,60,56,33,41.0
2026-04-18 02:57:43 AM,KXATPCHALLENGERMATCH-26APR18BRORIE-BRO,39,10,35,363,29,60,24,100,21,200,43,1,45,45,46,827,55,60,56,33,41.0
2026-04-18 02:57:45 AM,KXATPCHALLENGERMATCH-26APR18BRORIE-BRO,39,10,35,363,29,60,24,100,21,200,40,16,43,1,45,45,46,827,55,60,39.5
2026-04-18 02:57:46 AM,KXATPCHALLENGERMATCH-26APR18BRORIE-BRO,39,10,35,363,29,60,24,100,21,200,40,16,43,1,45,45,46,827,56,33,39.5
2026-04-18 02:57:46 AM,KXATPCHALLENGERMATCH-26APR18BRORIE-BRO,39,10,35,363,29,60,24,100,21,200,40,16,43,1,45,16,46,827,56,33,39.5
2026-04-18 02:57:46 AM,KXATPCHALLENGERMATCH-26APR18BRORIE-BRO,39,10,35,363,29,60,24,100,21,200,40,16,43,1,45,16,46,827,50,60,39.5
2026-04-18 02:58:01 AM,KXATPCHALLENGERMATCH-26APR18BRORIE-BRO,39,10,35,363,29,60,25,1000,24,100,40,16,43,1,45,16,46,827,50,60,39.5
2026-04-18 02:58:01 AM,KXATPCHALLENGERMATCH-26APR18BRORIE-BRO,39,10,35,363,29,60,25,1000,21,200,40,16,43,1,45,16,46,827,50,60,39.5
2026-04-18 02:58:01 AM,KXATPCHALLENGERMATCH-26APR18BRORIE-BRO,39,10,35,363,29,60,26,100,25,1000,40,16,43,1,45,16,46,827,50,60,39.5
2026-04-18 02:58:02 AM,KXATPCHALLENGERMATCH-26APR18BRORIE-BRO,39,10,35,363,29,60,26,300,25,1000,40,16,43,1,45,16,46,827,50,60,39.5
2026-04-18 02:58:02 AM,KXATPCHALLENGERMATCH-26APR18BRORIE-BRO,39,10,36,15,35,363,29,60,26,300,40,16,43,1,45,16,46,827,50,60,39.5
2026-04-18 02:58:09 AM,KXATPCHALLENGERMATCH-26APR18BRORIE-BRO,39,10,36,15,35,363,29,60,26,300,40,15,43,1,45,16,46,827,50,60,39.5
2026-04-18 02:58:22 AM,KXATPCHALLENGERMATCH-26APR18BRORIE-BRO,39,10,36,15,35,363,29,60,26,300,40,1,43,1,45,16,46,827,50,60,39.5
2026-04-18 02:58:22 AM,KXATPCHALLENGERMATCH-26APR18BRORIE-BRO,39,10,36,15,35,363,29,60,26,300,40,1,43,1,45,16,46,827,56,33,39.5
2026-04-18 02:58:22 AM,KXATPCHALLENGERMATCH-26APR18BRORIE-BRO,39,10,36,15,35,363,29,60,26,300,40,1,43,1,45,16,46,827,55,60,39.5
2026-04-18 02:58:23 AM,KXATPCHALLENGERMATCH-26APR18BRORIE-BRO,36,15,35,363,29,60,26,300,25,1000,40,1,43,1,45,16,46,827,55,60,38.0
2026-04-18 02:58:23 AM,KXATPCHALLENGERMATCH-26APR18BRORIE-BRO,35,363,29,60,26,300,25,1000,20,5000,40,1,43,1,45,16,46,827,55,60,37.5
2026-04-18 02:58:23 AM,KXATPCHALLENGERMATCH-26APR18BRORIE-BRO,35,352,29,60,26,300,25,1000,20,5000,40,1,43,1,45,16,46,827,55,60,37.5
2026-04-18 02:58:24 AM,KXATPCHALLENGERMATCH-26APR18BRORIE-BRO,35,352,29,60,26,300,25,1000,20,5000,40,1,43,1,44,1,45,16,46,827,37.5
2026-04-18 02:58:24 AM,KXATPCHALLENGERMATCH-26APR18BRORIE-BRO,35,352,29,60,26,300,25,1000,20,5000,40,1,43,1,44,21,45,16,46,827,37.5
2026-04-18 02:58:24 AM,KXATPCHALLENGERMATCH-26APR18BRORIE-BRO,35,352,29,60,26,300,25,1000,20,5000,40,1,43,1,45,16,46,827,55,60,37.5
2026-04-18 02:58:24 AM,KXATPCHALLENGERMATCH-26APR18BRORIE-BRO,35,352,29,60,26,300,25,1000,20,5000,40,1,43,2,45,16,46,827,55,60,37.5
2026-04-18 02:58:31 AM,KXATPCHALLENGERMATCH-26APR18BRORIE-BRO,35,352,29,60,26,300,25,1000,20,5000,40,1,43,1,45,16,46,827,55,60,37.5
2026-04-18 02:58:31 AM,KXATPCHALLENGERMATCH-26APR18BRORIE-BRO,35,352,29,60,26,300,25,1000,20,5000,40,1,43,1,45,16,46,1,55,60,37.5
2026-04-18 02:58:31 AM,KXATPCHALLENGERMATCH-26APR18BRORIE-BRO,35,352,29,60,26,300,25,1000,20,5000,40,1,43,1,45,16,46,1,48,892,37.5
2026-04-18 02:58:31 AM,KXATPCHALLENGERMATCH-26APR18BRORIE-BRO,35,352,29,60,26,300,25,1000,20,5000,40,1,43,1,45,1,46,1,48,892,37.5
2026-04-18 02:58:31 AM,KXATPCHALLENGERMATCH-26APR18BRORIE-BRO,35,352,29,60,26,300,25,1000,20,5000,40,1,43,1,45,1,46,1,47,10,37.5
2026-04-18 02:58:32 AM,KXATPCHALLENGERMATCH-26APR18BRORIE-BRO,37,10,35,352,29,60,26,300,25,1000,40,1,43,1,45,1,46,1,47,10,38.5
2026-04-18 02:58:32 AM,KXATPCHALLENGERMATCH-26APR18BRORIE-BRO,37,10,35,352,29,60,26,100,25,1000,40,1,43,1,45,1,46,1,47,10,38.5
2026-04-18 02:58:32 AM,KXATPCHALLENGERMATCH-26APR18BRORIE-BRO,37,10,36,104,35,352,29,60,26,100,40,1,43,1,45,1,46,1,47,10,38.5
2026-04-18 02:58:32 AM,KXATPCHALLENGERMATCH-26APR18BRORIE-BRO,37,20,36,104,35,352,29,60,26,100,40,1,43,1,45,1,46,1,47,10,38.5
2026-04-18 02:58:32 AM,KXATPCHALLENGERMATCH-26APR18BRORIE-BRO,37,20,36,104,35,352,29,60,26,100,40,1,43,1,45,1,46,16,47,10,38.5
2026-04-18 02:58:32 AM,KXATPCHALLENGERMATCH-26APR18BRORIE-BRO,37,20,36,104,35,352,29,60,26,100,40,1,43,1,45,1,46,16,48,892,38.5
2026-04-18 02:58:32 AM,KXATPCHALLENGERMATCH-26APR18BRORIE-BRO,37,20,36,104,35,352,29,60,26,100,40,1,43,1,45,11,46,16,48,892,38.5
2026-04-18 02:58:32 AM,KXATPCHALLENGERMATCH-26APR18BRORIE-BRO,37,20,36,104,35,352,29,60,26,100,40,1,43,1,45,11,46,16,47,87,38.5
2026-04-18 02:58:32 AM,KXATPCHALLENGERMATCH-26APR18BRORIE-BRO,37,20,36,104,35,352,29,60,26,100,40,1,42,10,43,1,45,11,46,16,38.5
2026-04-18 02:58:32 AM,KXATPCHALLENGERMATCH-26APR18BRORIE-BRO,37,20,36,104,35,352,29,60,26,100,40,1,42,10,43,1,45,1,46,16,38.5
2026-04-18 02:58:32 AM,KXATPCHALLENGERMATCH-26APR18BRORIE-BRO,37,20,36,75,35,352,29,60,26,100,40,1,42,10,43,1,45,1,46,16,38.5
2026-04-18 02:58:32 AM,KXATPCHALLENGERMATCH-26APR18BRORIE-BRO,37,35,36,75,35,352,29,60,26,100,40,1,42,10,43,1,45,1,46,16,38.5
2026-04-18 02:58:32 AM,KXATPCHALLENGERMATCH-26APR18BRORIE-BRO,37,35,36,75,35,352,29,60,26,100,40,1,42,20,43,1,45,1,46,16,38.5
2026-04-18 02:58:36 AM,KXATPCHALLENGERMATCH-26APR18BRORIE-BRO,37,40,36,75,35,352,29,60,26,100,40,1,42,20,43,1,45,1,46,16,38.5
2026-04-18 02:58:47 AM,KXATPCHALLENGERMATCH-26APR18BRORIE-BRO,37,40,36,75,35,352,29,60,26,100,40,1,42,60,43,1,45,1,46,16,38.5
2026-04-18 02:58:47 AM,KXATPCHALLENGERMATCH-26APR18BRORIE-BRO,37,40,36,52,35,352,29,60,26,100,40,1,42,60,43,1,45,1,46,16,38.5
2026-04-18 02:58:47 AM,KXATPCHALLENGERMATCH-26APR18BRORIE-BRO,37,39,36,52,35,352,29,60,26,100,40,1,42,60,43,1,45,1,46,16,38.5
2026-04-18 02:58:47 AM,KXATPCHALLENGERMATCH-26APR18BRORIE-BRO,37,39,35,352,29,60,26,100,25,1000,40,1,42,60,43,1,45,1,46,16,38.5
2026-04-18 02:58:47 AM,KXATPCHALLENGERMATCH-26APR18BRORIE-BRO,37,39,35,352,29,60,27,200,26,100,40,1,42,60,43,1,45,1,46,16,38.5
2026-04-18 02:58:47 AM,KXATPCHALLENGERMATCH-26APR18BRORIE-BRO,37,24,35,352,29,60,27,200,26,100,40,1,42,60,43,1,45,1,46,16,38.5
2026-04-18 02:58:47 AM,KXATPCHALLENGERMATCH-26APR18BRORIE-BRO,37,20,35,352,29,60,27,200,26,100,40,1,42,60,43,1,45,1,46,16,38.5
2026-04-18 02:58:47 AM,KXATPCHALLENGERMATCH-26APR18BRORIE-BRO,37,20,35,352,29,60,27,200,26,100,40,1,42,60,43,1,45,1,46,18,38.5
2026-04-18 02:58:47 AM,KXATPCHALLENGERMATCH-26APR18BRORIE-BRO,37,20,36,15,35,352,29,60,27,200,40,1,42,60,43,1,45,1,46,18,38.5
2026-04-18 02:59:23 AM,KXATPCHALLENGERMATCH-26APR18BRORIE-BRO,37,20,36,15,35,352,29,60,27,200,40,12,42,60,43,1,45,1,46,18,38.5
2026-04-18 02:59:23 AM,KXATPCHALLENGERMATCH-26APR18BRORIE-BRO,37,20,36,15,35,352,29,60,27,200,40,12,42,60,43,1,45,1,46,910,38.5
2026-04-18 02:59:23 AM,KXATPCHALLENGERMATCH-26APR18BRORIE-BRO,37,20,36,15,35,352,29,60,27,200,40,12,42,60,43,1,45,1,46,970,38.5
2026-04-18 02:59:23 AM,KXATPCHALLENGERMATCH-26APR18BRORIE-BRO,37,20,36,15,35,352,29,60,27,200,40,12,42,60,43,1,45,1,46,968,38.5
2026-04-18 02:59:23 AM,KXATPCHALLENGERMATCH-26APR18BRORIE-BRO,37,20,36,15,35,352,29,60,27,200,40,12,42,60,43,1,45,107,46,968,38.5
2026-04-18 02:59:23 AM,KXATPCHALLENGERMATCH-26APR18BRORIE-BRO,37,20,36,15,35,352,29,60,27,200,40,12,42,60,43,1,45,107,46,953,38.5
2026-04-18 02:59:59 AM,KXATPCHALLENGERMATCH-26APR18BRORIE-BRO,37,10,36,15,35,352,29,60,27,200,40,12,42,60,43,1,45,107,46,953,38.5
2026-04-18 02:59:59 AM,KXATPCHALLENGERMATCH-26APR18BRORIE-BRO,37,10,36,15,35,352,29,60,27,200,40,22,42,60,43,1,45,107,46,953,38.5
2026-04-18 02:59:59 AM,KXATPCHALLENGERMATCH-26APR18BRORIE-BRO,37,10,36,15,35,352,29,60,27,190,40,22,42,60,43,1,45,107,46,953,38.5
2026-04-18 03:00:17 AM,KXATPCHALLENGERMATCH-26APR18BRORIE-BRO,37,10,36,15,35,352,29,60,27,190,40,22,42,20,43,1,45,107,46,953,38.5
2026-04-18 03:00:18 AM,KXATPCHALLENGERMATCH-26APR18BRORIE-BRO,37,10,36,15,35,352,29,60,27,190,40,62,42,20,43,1,45,107,46,953,38.5
2026-04-18 03:00:18 AM,KXATPCHALLENGERMATCH-26APR18BRORIE-BRO,37,10,36,15,35,352,29,60,27,190,40,62,42,20,43,1,44,15,45,107,38.5
2026-04-18 03:00:19 AM,KXATPCHALLENGERMATCH-26APR18BRORIE-BRO,37,10,36,15,35,352,29,60,27,190,40,62,42,20,43,1,44,17,45,107,38.5
2026-04-18 03:01:00 AM,KXATPCHALLENGERMATCH-26APR18BRORIE-BRO,37,10,36,15,35,352,29,60,27,190,40,51,42,20,43,1,44,17,45,107,38.5
2026-04-18 03:01:00 AM,KXATPCHALLENGERMATCH-26APR18BRORIE-BRO,37,10,36,15,35,352,29,60,27,190,40,51,42,20,43,1,44,15,45,107,38.5
2026-04-18 03:01:01 AM,KXATPCHALLENGERMATCH-26APR18BRORIE-BRO,37,11,36,15,35,352,29,60,27,190,40,51,42,20,43,1,44,15,45,107,38.5
2026-04-18 03:01:31 AM,KXATPCHALLENGERMATCH-26APR18BRORIE-BRO,37,11,36,15,35,352,29,60,27,190,40,248,42,20,43,1,44,15,45,107,38.5
2026-04-18 03:01:31 AM,KXATPCHALLENGERMATCH-26APR18BRORIE-BRO,37,11,36,15,35,352,29,60,27,176,40,248,42,20,43,1,44,15,45,107,38.5
2026-04-18 03:01:31 AM,KXATPCHALLENGERMATCH-26APR18BRORIE-BRO,37,10,36,15,35,352,29,60,27,176,40,248,42,20,43,1,44,15,45,107,38.5
2026-04-18 03:02:24 AM,KXATPCHALLENGERMATCH-26APR18BRORIE-BRO,37,10,36,15,35,352,29,60,27,176,40,248,42,20,43,893,44,15,45,107,38.5
2026-04-18 03:02:24 AM,KXATPCHALLENGERMATCH-26APR18BRORIE-BRO,37,10,36,15,35,352,29,60,27,176,39,1,40,248,42,20,43,893,44,15,38.0
2026-04-18 03:02:24 AM,KXATPCHALLENGERMATCH-26APR18BRORIE-BRO,37,10,36,15,35,352,29,60,27,176,39,1,40,248,42,20,43,893,45,107,38.0
2026-04-18 03:02:24 AM,KXATPCHALLENGERMATCH-26APR18BRORIE-BRO,37,10,36,15,35,352,29,60,27,176,39,1,40,248,42,20,43,893,45,1,38.0
2026-04-18 03:02:27 AM,KXATPCHALLENGERMATCH-26APR18BRORIE-BRO,37,10,36,15,35,352,29,60,27,176,39,13,40,248,42,20,43,893,45,1,38.0
2026-04-18 03:02:39 AM,KXATPCHALLENGERMATCH-26APR18BRORIE-BRO,37,10,36,15,35,352,29,60,27,176,39,15,40,248,42,20,43,893,45,1,38.0
2026-04-18 03:03:04 AM,KXATPCHALLENGERMATCH-26APR18BRORIE-BRO,37,10,36,15,35,352,29,60,27,176,39,14,40,248,42,20,43,893,45,1,38.0
2026-04-18 03:03:04 AM,KXATPCHALLENGERMATCH-26APR18BRORIE-BRO,37,10,36,15,35,352,29,60,27,176,39,17,40,248,42,20,43,893,45,1,38.0
2026-04-18 03:03:38 AM,KXATPCHALLENGERMATCH-26APR18BRORIE-BRO,37,10,36,15,35,352,29,60,27,176,39,32,40,248,42,20,43,893,45,1,38.0
2026-04-18 03:03:51 AM,KXATPCHALLENGERMATCH-26APR18BRORIE-BRO,37,10,36,15,35,352,29,60,27,176,39,20,40,248,42,20,43,893,45,1,38.0
2026-04-18 03:03:51 AM,KXATPCHALLENGERMATCH-26APR18BRORIE-BRO,37,10,36,15,35,352,29,60,27,176,39,18,40,248,42,20,43,893,45,1,38.0
2026-04-18 03:03:51 AM,KXATPCHALLENGERMATCH-26APR18BRORIE-BRO,37,10,36,15,35,352,29,60,27,176,39,15,40,248,42,20,43,893,45,1,38.0
2026-04-18 03:03:51 AM,KXATPCHALLENGERMATCH-26APR18BRORIE-BRO,37,10,36,15,35,352,29,60,27,176,40,248,42,20,43,893,45,1,46,1,38.5
2026-04-18 03:03:51 AM,KXATPCHALLENGERMATCH-26APR18BRORIE-BRO,37,10,36,15,35,352,29,60,27,176,40,238,42,20,43,893,45,1,46,1,38.5
2026-04-18 03:03:51 AM,KXATPCHALLENGERMATCH-26APR18BRORIE-BRO,37,10,36,15,35,352,29,60,27,176,40,230,42,20,43,893,45,1,46,1,38.5
2026-04-18 03:03:51 AM,KXATPCHALLENGERMATCH-26APR18BRORIE-BRO,37,10,36,15,35,352,29,60,27,176,39,2,40,230,42,20,43,893,45,1,38.0
2026-04-18 03:03:51 AM,KXATPCHALLENGERMATCH-26APR18BRORIE-BRO,37,10,36,15,35,352,29,60,27,176,39,1,40,230,42,20,43,893,45,1,38.0
2026-04-18 03:03:52 AM,KXATPCHALLENGERMATCH-26APR18BRORIE-BRO,37,10,36,15,35,352,29,60,27,176,39,1,40,230,42,20,43,1,45,1,38.0
2026-04-18 03:03:52 AM,KXATPCHALLENGERMATCH-26APR18BRORIE-BRO,37,10,36,15,35,352,29,60,27,176,39,1,40,230,42,20,43,1,45,893,38.0
2026-04-18 03:03:52 AM,KXATPCHALLENGERMATCH-26APR18BRORIE-BRO,37,10,36,15,35,352,29,60,27,176,40,230,42,20,43,1,45,893,46,1,38.5
2026-04-18 03:03:55 AM,KXATPCHALLENGERMATCH-26APR18BRORIE-BRO,36,15,35,352,29,60,27,176,26,100,40,230,42,20,43,1,45,893,46,1,38.0
2026-04-18 03:03:55 AM,KXATPCHALLENGERMATCH-26APR18BRORIE-BRO,36,2,35,352,29,60,27,176,26,100,40,230,42,20,43,1,45,893,46,1,38.0
2026-04-18 03:03:55 AM,KXATPCHALLENGERMATCH-26APR18BRORIE-BRO,36,2,35,352,29,60,27,157,26,100,40,230,42,20,43,1,45,893,46,1,38.0
2026-04-18 03:03:56 AM,KXATPCHALLENGERMATCH-26APR18BRORIE-BRO,36,2,35,352,29,60,27,157,26,100,40,230,42,20,43,1,45,1,46,1,38.0
2026-04-18 03:03:56 AM,KXATPCHALLENGERMATCH-26APR18BRORIE-BRO,36,2,35,352,29,60,27,157,26,100,40,230,42,912,43,1,45,1,46,1,38.0
2026-04-18 03:03:57 AM,KXATPCHALLENGERMATCH-26APR18BRORIE-BRO,36,19,35,352,29,60,27,157,26,100,40,230,42,912,43,1,45,1,46,1,38.0
2026-04-18 03:03:58 AM,KXATPCHALLENGERMATCH-26APR18BRORIE-BRO,36,19,35,352,32,2,29,60,27,157,40,230,42,912,43,1,45,1,46,1,38.0
2026-04-18 03:03:59 AM,KXATPCHALLENGERMATCH-26APR18BRORIE-BRO,36,2,35,352,32,2,29,60,27,157,40,230,42,912,43,1,45,1,46,1,38.0
2026-04-18 03:04:01 AM,KXATPCHALLENGERMATCH-26APR18BRORIE-BRO,36,2,35,352,29,60,27,157,26,102,40,230,42,912,43,1,45,1,46,1,38.0
