ts_et,ticker,bid_1,bid_1_sz,bid_2,bid_2_sz,bid_3,bid_3_sz,bid_4,bid_4_sz,bid_5,bid_5_sz,ask_1,ask_1_sz,ask_2,ask_2_sz,ask_3,ask_3_sz,ask_4,ask_4_sz,ask_5,ask_5_sz,mid,bid_depth_5,ask_depth_5,depth_ratio
2026-04-18 04:12:30 PM,KXATPCHALLENGERMATCH-26APR19KRUFER-KRU,4,500,1,1827,,,,,,,96,500,97,10,99,1827,,,,,50.0,2327,2337,0.499
2026-04-18 04:13:07 PM,KXATPCHALLENGERMATCH-26APR19KRUFER-KRU,5,7,4,500,1,1827,,,,,96,500,97,10,99,1827,,,,,50.5,2334,2337,0.500
2026-04-18 04:13:07 PM,KXATPCHALLENGERMATCH-26APR19KRUFER-KRU,5,7,4,500,1,1827,,,,,95,7,96,500,97,10,99,1827,,,50.0,2334,2344,0.499
2026-04-18 04:13:36 PM,KXATPCHALLENGERMATCH-26APR19KRUFER-KRU,5,7,4,500,1,3327,,,,,95,7,96,500,97,10,99,1827,,,50.0,3834,2344,0.621
2026-04-18 04:13:36 PM,KXATPCHALLENGERMATCH-26APR19KRUFER-KRU,5,7,4,500,1,3327,,,,,95,7,96,500,97,10,99,2027,,,50.0,3834,2544,0.601
2026-04-18 04:13:36 PM,KXATPCHALLENGERMATCH-26APR19KRUFER-KRU,5,7,4,500,2,900,1,3327,,,95,7,96,500,97,10,99,2027,,,50.0,4734,2544,0.650
2026-04-18 04:13:36 PM,KXATPCHALLENGERMATCH-26APR19KRUFER-KRU,5,7,4,500,2,900,1,3327,,,95,7,96,500,97,10,98,120,99,2027,50.0,4734,2664,0.640
2026-04-18 04:13:37 PM,KXATPCHALLENGERMATCH-26APR19KRUFER-KRU,5,7,4,500,3,540,2,900,1,3327,95,7,96,500,97,10,98,120,99,2027,50.0,5274,2664,0.664
2026-04-18 04:13:37 PM,KXATPCHALLENGERMATCH-26APR19KRUFER-KRU,5,7,4,500,3,540,2,900,1,3327,95,7,96,500,97,82,98,120,99,2027,50.0,5274,2736,0.658
2026-04-18 04:13:37 PM,KXATPCHALLENGERMATCH-26APR19KRUFER-KRU,5,7,4,823,3,540,2,900,1,3327,95,7,96,500,97,82,98,120,99,2027,50.0,5597,2736,0.672
2026-04-18 04:13:37 PM,KXATPCHALLENGERMATCH-26APR19KRUFER-KRU,5,7,4,823,3,540,2,900,1,3327,95,7,96,543,97,82,98,120,99,2027,50.0,5597,2779,0.668
2026-04-18 04:13:37 PM,KXATPCHALLENGERMATCH-26APR19KRUFER-KRU,5,201,4,823,3,540,2,900,1,3327,95,7,96,543,97,82,98,120,99,2027,50.0,5791,2779,0.676
2026-04-18 04:13:38 PM,KXATPCHALLENGERMATCH-26APR19KRUFER-KRU,5,201,4,823,3,540,2,900,1,3327,95,32,96,543,97,82,98,120,99,2027,50.0,5791,2804,0.674
2026-04-18 04:13:38 PM,KXATPCHALLENGERMATCH-26APR19KRUFER-KRU,6,116,5,201,4,823,3,540,2,900,95,32,96,543,97,82,98,120,99,2027,50.5,2580,2804,0.479
2026-04-18 04:13:38 PM,KXATPCHALLENGERMATCH-26APR19KRUFER-KRU,6,116,5,201,4,823,3,540,2,900,94,15,95,32,96,543,97,82,98,120,50.0,2580,792,0.765
2026-04-18 04:14:58 PM,KXATPCHALLENGERMATCH-26APR19KRUFER-KRU,6,116,5,201,4,823,3,540,2,900,94,15,95,32,96,543,97,82,98,123,50.0,2580,795,0.764
2026-04-18 04:14:59 PM,KXATPCHALLENGERMATCH-26APR19KRUFER-KRU,6,116,5,201,4,823,3,540,2,900,94,15,95,32,96,543,97,84,98,123,50.0,2580,797,0.764
2026-04-18 04:19:19 PM,KXATPCHALLENGERMATCH-26APR19KRUFER-KRU,6,116,5,194,4,823,3,540,2,900,94,15,95,32,96,543,97,84,98,123,50.0,2573,797,0.764
2026-04-18 04:19:19 PM,KXATPCHALLENGERMATCH-26APR19KRUFER-KRU,6,116,5,194,4,823,3,540,2,900,94,15,95,25,96,543,97,84,98,123,50.0,2573,790,0.765
2026-04-18 04:20:29 PM,KXATPCHALLENGERMATCH-26APR19KRUFER-KRU,6,116,5,194,4,823,3,540,2,900,94,365,95,25,96,543,97,84,98,123,50.0,2573,1140,0.693
2026-04-18 04:21:15 PM,KXATPCHALLENGERMATCH-26APR19KRUFER-KRU,7,1,6,116,5,194,4,823,3,540,94,365,95,25,96,543,97,84,98,123,50.5,1674,1140,0.595
2026-04-18 04:21:15 PM,KXATPCHALLENGERMATCH-26APR19KRUFER-KRU,7,1,6,116,5,194,4,823,3,540,93,1,94,365,95,25,96,543,97,84,50.0,1674,1018,0.622
2026-04-18 04:22:59 PM,KXATPCHALLENGERMATCH-26APR19KRUFER-KRU,62,800,7,1,6,116,5,194,4,823,93,1,94,365,95,25,96,543,97,84,77.5,1934,1018,0.655
2026-04-18 04:22:59 PM,KXATPCHALLENGERMATCH-26APR19KRUFER-KRU,63,800,62,800,7,1,6,116,5,194,93,1,94,365,95,25,96,543,97,84,78.0,1911,1018,0.652
2026-04-18 04:22:59 PM,KXATPCHALLENGERMATCH-26APR19KRUFER-KRU,65,800,63,800,62,800,7,1,6,116,93,1,94,365,95,25,96,543,97,84,79.0,2517,1018,0.712
2026-04-18 04:22:59 PM,KXATPCHALLENGERMATCH-26APR19KRUFER-KRU,65,800,63,800,62,800,7,1,6,116,88,800,93,1,94,365,95,25,96,543,76.5,2517,1734,0.592
2026-04-18 04:22:59 PM,KXATPCHALLENGERMATCH-26APR19KRUFER-KRU,65,800,63,800,62,800,7,1,6,116,88,800,91,800,93,1,94,365,95,25,76.5,2517,1991,0.558
2026-04-18 04:22:59 PM,KXATPCHALLENGERMATCH-26APR19KRUFER-KRU,65,800,63,800,62,800,7,1,6,116,88,800,90,800,91,800,93,1,94,365,76.5,2517,2766,0.476
2026-04-18 04:33:44 PM,KXATPCHALLENGERMATCH-26APR19KRUFER-KRU,70,500,65,800,63,800,62,800,7,1,88,800,90,800,91,800,93,1,94,365,79.0,2901,2766,0.512
2026-04-18 04:33:46 PM,KXATPCHALLENGERMATCH-26APR19KRUFER-KRU,70,500,65,800,63,800,62,800,7,1,87,9,88,800,90,800,91,800,93,1,78.5,2901,2410,0.546
2026-04-18 04:34:59 PM,KXATPCHALLENGERMATCH-26APR19KRUFER-KRU,70,500,63,800,62,800,7,1,6,116,87,9,88,800,90,800,91,800,93,1,78.5,2217,2410,0.479
2026-04-18 04:34:59 PM,KXATPCHALLENGERMATCH-26APR19KRUFER-KRU,70,500,62,800,7,1,6,116,5,194,87,9,88,800,90,800,91,800,93,1,78.5,1611,2410,0.401
2026-04-18 04:34:59 PM,KXATPCHALLENGERMATCH-26APR19KRUFER-KRU,70,500,7,1,6,116,5,194,4,823,87,9,88,800,90,800,91,800,93,1,78.5,1634,2410,0.404
2026-04-18 04:34:59 PM,KXATPCHALLENGERMATCH-26APR19KRUFER-KRU,70,1300,7,1,6,116,5,194,4,823,87,9,88,800,90,800,91,800,93,1,78.5,2434,2410,0.502
2026-04-18 04:34:59 PM,KXATPCHALLENGERMATCH-26APR19KRUFER-KRU,70,1300,69,800,7,1,6,116,5,194,87,9,88,800,90,800,91,800,93,1,78.5,2411,2410,0.500
2026-04-18 04:34:59 PM,KXATPCHALLENGERMATCH-26APR19KRUFER-KRU,71,800,70,1300,69,800,7,1,6,116,87,9,88,800,90,800,91,800,93,1,79.0,3017,2410,0.556
2026-04-18 04:35:00 PM,KXATPCHALLENGERMATCH-26APR19KRUFER-KRU,71,800,70,1300,69,800,7,1,6,116,87,92,88,800,90,800,91,800,93,1,79.0,3017,2493,0.548
2026-04-18 04:38:44 PM,KXATPCHALLENGERMATCH-26APR19KRUFER-KRU,71,800,70,1300,69,800,7,1,6,116,87,92,88,800,90,800,91,800,94,365,79.0,3017,2857,0.514
2026-04-18 04:38:44 PM,KXATPCHALLENGERMATCH-26APR19KRUFER-KRU,71,800,70,1300,69,800,6,116,5,194,87,92,88,800,90,800,91,800,94,365,79.0,3210,2857,0.529
2026-04-18 04:40:00 PM,KXATPCHALLENGERMATCH-26APR19KRUFER-KRU,71,800,70,1300,69,800,6,116,5,194,87,92,88,800,91,800,94,365,95,26,79.0,3210,2083,0.606
2026-04-18 04:40:00 PM,KXATPCHALLENGERMATCH-26APR19KRUFER-KRU,71,800,70,1300,69,800,6,116,5,194,87,92,88,800,94,365,95,26,96,543,79.0,3210,1826,0.637
2026-04-18 04:40:00 PM,KXATPCHALLENGERMATCH-26APR19KRUFER-KRU,71,800,70,1300,69,800,6,116,5,194,86,800,87,92,88,800,94,365,95,26,78.5,3210,2083,0.606
2026-04-18 04:40:00 PM,KXATPCHALLENGERMATCH-26APR19KRUFER-KRU,71,800,70,1300,69,800,6,116,5,194,86,800,87,892,88,800,94,365,95,26,78.5,3210,2883,0.527
2026-04-18 04:40:00 PM,KXATPCHALLENGERMATCH-26APR19KRUFER-KRU,71,800,70,1300,69,800,6,116,5,194,86,800,87,800,88,800,94,365,95,26,78.5,3210,2791,0.535
2026-04-18 04:40:00 PM,KXATPCHALLENGERMATCH-26APR19KRUFER-KRU,71,800,70,1300,69,800,6,116,5,194,85,80,86,800,87,800,88,800,94,365,78.0,3210,2845,0.530
2026-04-18 04:41:18 PM,KXATPCHALLENGERMATCH-26APR19KRUFER-KRU,73,67,71,800,70,1300,69,800,6,116,85,80,86,800,87,800,88,800,94,365,79.0,3083,2845,0.520
2026-04-18 04:41:18 PM,KXATPCHALLENGERMATCH-26APR19KRUFER-KRU,73,67,71,800,70,1300,69,800,6,116,79,77,85,80,86,800,87,800,88,800,76.0,3083,2557,0.547
2026-04-18 04:41:18 PM,KXATPCHALLENGERMATCH-26APR19KRUFER-KRU,73,67,71,800,70,1300,69,800,6,116,79,77,86,800,87,800,88,800,94,365,76.0,3083,2842,0.520
2026-04-18 04:41:18 PM,KXATPCHALLENGERMATCH-26APR19KRUFER-KRU,74,69,73,67,71,800,70,1300,69,800,79,77,86,800,87,800,88,800,94,365,76.5,3036,2842,0.517
2026-04-18 04:41:18 PM,KXATPCHALLENGERMATCH-26APR19KRUFER-KRU,74,69,73,67,71,800,70,1300,69,800,78,36,79,77,86,800,87,800,88,800,76.0,3036,2513,0.547
2026-04-18 04:41:18 PM,KXATPCHALLENGERMATCH-26APR19KRUFER-KRU,74,111,73,67,71,800,70,1300,69,800,78,36,79,77,86,800,87,800,88,800,76.0,3078,2513,0.551
2026-04-18 04:41:18 PM,KXATPCHALLENGERMATCH-26APR19KRUFER-KRU,74,111,73,111,71,800,70,1300,69,800,78,36,79,77,86,800,87,800,88,800,76.0,3122,2513,0.554
2026-04-18 04:41:18 PM,KXATPCHALLENGERMATCH-26APR19KRUFER-KRU,74,111,73,111,71,800,70,1300,69,800,78,60,79,77,86,800,87,800,88,800,76.0,3122,2537,0.552
2026-04-18 04:41:18 PM,KXATPCHALLENGERMATCH-26APR19KRUFER-KRU,74,111,73,111,71,800,70,1300,69,800,78,60,79,128,86,800,87,800,88,800,76.0,3122,2588,0.547
2026-04-18 04:45:59 PM,KXATPCHALLENGERMATCH-26APR19KRUFER-KRU,74,111,73,111,71,800,70,500,69,800,78,60,79,128,86,800,87,800,88,800,76.0,2322,2588,0.473
2026-04-18 04:45:59 PM,KXATPCHALLENGERMATCH-26APR19KRUFER-KRU,74,111,73,111,71,800,70,500,6,116,78,60,79,128,86,800,87,800,88,800,76.0,1638,2588,0.388
2026-04-18 04:45:59 PM,KXATPCHALLENGERMATCH-26APR19KRUFER-KRU,74,111,73,111,70,500,6,116,5,194,78,60,79,128,86,800,87,800,88,800,76.0,1032,2588,0.285
2026-04-18 04:45:59 PM,KXATPCHALLENGERMATCH-26APR19KRUFER-KRU,74,111,73,111,70,500,6,116,5,194,78,60,79,128,87,800,88,800,89,1,76.0,1032,1789,0.366
2026-04-18 04:45:59 PM,KXATPCHALLENGERMATCH-26APR19KRUFER-KRU,74,111,73,111,70,500,6,116,5,194,78,60,79,128,88,800,89,1,94,365,76.0,1032,1354,0.433
2026-04-18 04:45:59 PM,KXATPCHALLENGERMATCH-26APR19KRUFER-KRU,74,111,73,111,70,500,6,116,5,194,78,60,79,128,89,1,94,365,95,26,76.0,1032,580,0.640
2026-04-18 04:45:59 PM,KXATPCHALLENGERMATCH-26APR19KRUFER-KRU,75,800,74,111,73,111,70,500,6,116,78,60,79,128,89,1,94,365,95,26,76.5,1638,580,0.739
2026-04-18 04:45:59 PM,KXATPCHALLENGERMATCH-26APR19KRUFER-KRU,75,800,74,111,73,111,72,800,70,500,78,60,79,128,89,1,94,365,95,26,76.5,2322,580,0.800
2026-04-18 04:45:59 PM,KXATPCHALLENGERMATCH-26APR19KRUFER-KRU,75,800,74,111,73,911,72,800,70,500,78,60,79,128,89,1,94,365,95,26,76.5,3122,580,0.843
2026-04-18 04:45:59 PM,KXATPCHALLENGERMATCH-26APR19KRUFER-KRU,75,800,74,111,73,911,72,800,70,500,78,860,79,128,89,1,94,365,95,26,76.5,3122,1380,0.693
2026-04-18 04:45:59 PM,KXATPCHALLENGERMATCH-26APR19KRUFER-KRU,75,800,74,111,73,911,72,800,70,500,78,860,79,128,81,800,89,1,94,365,76.5,3122,2154,0.592
2026-04-18 04:45:59 PM,KXATPCHALLENGERMATCH-26APR19KRUFER-KRU,75,800,74,111,73,911,72,800,70,500,78,860,79,128,80,800,81,800,89,1,76.5,3122,2589,0.547
2026-04-18 04:47:36 PM,KXATPCHALLENGERMATCH-26APR19KRUFER-KRU,75,800,74,111,73,911,72,800,70,500,78,860,79,128,80,800,81,800,89,1,76.5,3122,2589,0.547
