ts_et,ticker,bid_1,bid_1_sz,bid_2,bid_2_sz,bid_3,bid_3_sz,bid_4,bid_4_sz,bid_5,bid_5_sz,ask_1,ask_1_sz,ask_2,ask_2_sz,ask_3,ask_3_sz,ask_4,ask_4_sz,ask_5,ask_5_sz,mid
2026-04-17 09:43:06 PM,KXATPCHALLENGERMATCH-26APR18SAFROC-SAF,43,320,42,315,41,968,40,804,39,499,44,117,45,1221,46,2345,47,1535,48,374,43.5
2026-04-17 09:46:34 PM,KXATPCHALLENGERMATCH-26APR18SAFROC-SAF,43,320,42,315,41,968,40,804,39,499,44,118,45,1221,46,2345,47,1535,48,374,43.5
2026-04-17 09:47:10 PM,KXATPCHALLENGERMATCH-26APR18SAFROC-SAF,43,320,42,315,41,968,40,804,39,499,44,68,45,1221,46,2345,47,1535,48,374,43.5
2026-04-17 09:52:10 PM,KXATPCHALLENGERMATCH-26APR18SAFROC-SAF,43,320,42,315,41,968,40,804,39,499,44,68,45,1248,46,2345,47,1535,48,374,43.5
2026-04-17 09:52:10 PM,KXATPCHALLENGERMATCH-26APR18SAFROC-SAF,43,14,42,315,41,968,40,804,39,499,44,68,45,1248,46,2345,47,1535,48,374,43.5
2026-04-17 09:52:10 PM,KXATPCHALLENGERMATCH-26APR18SAFROC-SAF,43,14,42,329,41,968,40,804,39,499,44,68,45,1248,46,2345,47,1535,48,374,43.5
2026-04-17 09:52:10 PM,KXATPCHALLENGERMATCH-26APR18SAFROC-SAF,42,329,41,968,40,804,39,499,27,370,44,68,45,1248,46,2345,47,1535,48,374,43.0
2026-04-17 09:52:10 PM,KXATPCHALLENGERMATCH-26APR18SAFROC-SAF,42,329,41,978,40,804,39,499,27,370,44,68,45,1248,46,2345,47,1535,48,374,43.0
2026-04-17 09:52:10 PM,KXATPCHALLENGERMATCH-26APR18SAFROC-SAF,42,316,41,978,40,804,39,499,27,370,44,68,45,1248,46,2345,47,1535,48,374,43.0
2026-04-17 09:52:10 PM,KXATPCHALLENGERMATCH-26APR18SAFROC-SAF,42,316,41,1270,40,804,39,499,27,370,44,68,45,1248,46,2345,47,1535,48,374,43.0
2026-04-17 09:52:12 PM,KXATPCHALLENGERMATCH-26APR18SAFROC-SAF,42,316,41,978,40,804,39,499,27,370,44,68,45,1248,46,2345,47,1535,48,374,43.0
2026-04-17 09:52:13 PM,KXATPCHALLENGERMATCH-26APR18SAFROC-SAF,43,292,42,316,41,978,40,804,39,499,44,68,45,1248,46,2345,47,1535,48,374,43.5
2026-04-17 09:52:13 PM,KXATPCHALLENGERMATCH-26APR18SAFROC-SAF,43,292,42,316,41,968,40,804,39,499,44,68,45,1248,46,2345,47,1535,48,374,43.5
2026-04-17 09:52:13 PM,KXATPCHALLENGERMATCH-26APR18SAFROC-SAF,43,292,42,307,41,968,40,804,39,499,44,68,45,1248,46,2345,47,1535,48,374,43.5
2026-04-17 09:52:13 PM,KXATPCHALLENGERMATCH-26APR18SAFROC-SAF,43,306,42,307,41,968,40,804,39,499,44,68,45,1248,46,2345,47,1535,48,374,43.5
2026-04-17 09:52:13 PM,KXATPCHALLENGERMATCH-26APR18SAFROC-SAF,43,306,42,293,41,968,40,804,39,499,44,68,45,1248,46,2345,47,1535,48,374,43.5
2026-04-17 09:52:13 PM,KXATPCHALLENGERMATCH-26APR18SAFROC-SAF,43,306,42,302,41,968,40,804,39,499,44,68,45,1248,46,2345,47,1535,48,374,43.5
2026-04-17 10:03:57 PM,KXATPCHALLENGERMATCH-26APR18SAFROC-SAF,43,306,42,302,41,968,40,804,39,499,44,660,45,1248,46,2345,47,1535,48,374,43.5
2026-04-17 10:03:57 PM,KXATPCHALLENGERMATCH-26APR18SAFROC-SAF,43,306,42,302,41,968,40,804,39,1198,44,660,45,1248,46,2345,47,1535,48,374,43.5
2026-04-17 10:03:57 PM,KXATPCHALLENGERMATCH-26APR18SAFROC-SAF,43,306,42,302,41,968,40,804,39,1651,44,660,45,1248,46,2345,47,1535,48,374,43.5
2026-04-17 10:03:57 PM,KXATPCHALLENGERMATCH-26APR18SAFROC-SAF,43,306,42,302,41,968,40,804,39,1651,44,660,45,1248,46,2282,47,1535,48,374,43.5
2026-04-17 10:03:57 PM,KXATPCHALLENGERMATCH-26APR18SAFROC-SAF,43,306,42,302,41,727,40,804,39,1651,44,660,45,1248,46,2282,47,1535,48,374,43.5
2026-04-17 10:03:57 PM,KXATPCHALLENGERMATCH-26APR18SAFROC-SAF,43,306,42,302,41,727,40,804,39,1651,44,660,45,1248,46,2282,47,1370,48,374,43.5
2026-04-17 10:03:57 PM,KXATPCHALLENGERMATCH-26APR18SAFROC-SAF,43,306,42,302,41,727,40,804,39,1651,44,660,45,1248,46,2282,47,1370,59,146,43.5
2026-04-17 10:03:57 PM,KXATPCHALLENGERMATCH-26APR18SAFROC-SAF,43,306,42,302,41,727,40,951,39,1651,44,660,45,1248,46,2282,47,1370,59,146,43.5
2026-04-17 10:03:57 PM,KXATPCHALLENGERMATCH-26APR18SAFROC-SAF,43,306,42,302,41,727,40,951,39,1651,44,660,45,1968,46,2282,47,1370,59,146,43.5
2026-04-17 10:03:57 PM,KXATPCHALLENGERMATCH-26APR18SAFROC-SAF,43,306,42,302,41,727,40,951,39,1651,44,660,45,1968,46,2282,47,1370,59,1122,43.5
2026-04-17 10:03:57 PM,KXATPCHALLENGERMATCH-26APR18SAFROC-SAF,43,306,42,302,41,727,40,951,39,1651,44,660,45,1968,46,2282,47,1361,59,1122,43.5
2026-04-17 10:03:57 PM,KXATPCHALLENGERMATCH-26APR18SAFROC-SAF,43,306,42,302,41,727,40,951,39,1651,44,660,45,1968,46,2282,47,1361,58,105,43.5
2026-04-17 10:03:57 PM,KXATPCHALLENGERMATCH-26APR18SAFROC-SAF,43,306,42,302,41,727,40,951,39,1651,44,1075,45,1968,46,2282,47,1361,58,105,43.5
2026-04-17 10:03:57 PM,KXATPCHALLENGERMATCH-26APR18SAFROC-SAF,43,14,42,302,41,727,40,951,39,1651,44,1075,45,1968,46,2282,47,1361,58,105,43.5
2026-04-17 10:03:57 PM,KXATPCHALLENGERMATCH-26APR18SAFROC-SAF,43,14,42,302,41,1019,40,951,39,1651,44,1075,45,1968,46,2282,47,1361,58,105,43.5
2026-04-17 10:03:57 PM,KXATPCHALLENGERMATCH-26APR18SAFROC-SAF,43,14,42,317,41,1019,40,951,39,1651,44,1075,45,1968,46,2282,47,1361,58,105,43.5
2026-04-17 10:03:57 PM,KXATPCHALLENGERMATCH-26APR18SAFROC-SAF,43,14,42,317,41,1028,40,951,39,1651,44,1075,45,1968,46,2282,47,1361,58,105,43.5
2026-04-17 10:03:57 PM,KXATPCHALLENGERMATCH-26APR18SAFROC-SAF,42,317,41,1028,40,951,39,1651,38,100,44,1075,45,1968,46,2282,47,1361,58,105,43.0
2026-04-17 10:03:57 PM,KXATPCHALLENGERMATCH-26APR18SAFROC-SAF,42,67,41,1028,40,951,39,1651,38,100,44,1075,45,1968,46,2282,47,1361,58,105,43.0
2026-04-17 10:03:57 PM,KXATPCHALLENGERMATCH-26APR18SAFROC-SAF,42,66,41,1028,40,951,39,1651,38,100,44,1075,45,1968,46,2282,47,1361,58,105,43.0
2026-04-17 10:03:57 PM,KXATPCHALLENGERMATCH-26APR18SAFROC-SAF,42,25,41,1028,40,951,39,1651,38,100,44,1075,45,1968,46,2282,47,1361,58,105,43.0
2026-04-17 10:03:57 PM,KXATPCHALLENGERMATCH-26APR18SAFROC-SAF,42,25,41,1028,40,1243,39,1651,38,100,44,1075,45,1968,46,2282,47,1361,58,105,43.0
2026-04-17 10:04:01 PM,KXATPCHALLENGERMATCH-26APR18SAFROC-SAF,42,25,41,1028,40,1243,39,1651,38,686,44,1075,45,1968,46,2282,47,1361,58,105,43.0
2026-04-17 10:04:01 PM,KXATPCHALLENGERMATCH-26APR18SAFROC-SAF,42,25,41,1028,40,1142,39,1651,38,686,44,1075,45,1968,46,2282,47,1361,58,105,43.0
2026-04-17 10:04:01 PM,KXATPCHALLENGERMATCH-26APR18SAFROC-SAF,42,25,41,1028,40,995,39,1651,38,686,44,1075,45,1968,46,2282,47,1361,58,105,43.0
2026-04-17 10:04:01 PM,KXATPCHALLENGERMATCH-26APR18SAFROC-SAF,42,25,41,1028,40,995,39,1651,38,686,44,1075,45,1968,46,2282,47,990,58,105,43.0
2026-04-17 10:04:01 PM,KXATPCHALLENGERMATCH-26APR18SAFROC-SAF,42,25,41,1028,40,995,39,1651,38,686,44,1075,45,1968,46,2282,47,805,58,105,43.0
2026-04-17 10:04:01 PM,KXATPCHALLENGERMATCH-26APR18SAFROC-SAF,42,25,41,1028,40,995,39,1651,38,686,44,1075,45,1817,46,2282,47,805,58,105,43.0
2026-04-17 10:04:01 PM,KXATPCHALLENGERMATCH-26APR18SAFROC-SAF,42,25,41,1028,40,995,39,1651,38,686,44,1075,45,1817,46,1986,47,805,58,105,43.0
2026-04-17 10:04:01 PM,KXATPCHALLENGERMATCH-26APR18SAFROC-SAF,42,25,41,1028,40,995,39,1806,38,686,44,1075,45,1817,46,1986,47,805,58,105,43.0
2026-04-17 10:04:01 PM,KXATPCHALLENGERMATCH-26APR18SAFROC-SAF,42,25,41,1028,40,995,39,1806,38,730,44,1075,45,1817,46,1986,47,805,58,105,43.0
2026-04-17 10:04:01 PM,KXATPCHALLENGERMATCH-26APR18SAFROC-SAF,42,25,41,1028,40,995,39,1806,38,730,44,1782,45,1817,46,1986,47,805,58,105,43.0
2026-04-17 10:04:01 PM,KXATPCHALLENGERMATCH-26APR18SAFROC-SAF,42,25,41,1028,40,995,39,1806,38,730,44,1782,45,1817,46,1986,47,805,58,1057,43.0
2026-04-17 10:04:01 PM,KXATPCHALLENGERMATCH-26APR18SAFROC-SAF,42,25,41,1028,40,995,39,1806,38,730,44,1782,45,1817,46,986,47,805,58,1057,43.0
2026-04-17 10:04:01 PM,KXATPCHALLENGERMATCH-26APR18SAFROC-SAF,42,25,41,1028,40,995,39,1806,38,730,44,1782,45,1817,46,986,47,805,58,952,43.0
2026-04-17 10:04:01 PM,KXATPCHALLENGERMATCH-26APR18SAFROC-SAF,42,25,41,1028,40,995,39,1806,38,730,44,1782,45,1817,46,986,47,805,57,105,43.0
2026-04-17 10:04:01 PM,KXATPCHALLENGERMATCH-26APR18SAFROC-SAF,42,25,41,1028,40,995,39,1806,38,730,44,2196,45,1817,46,986,47,805,57,105,43.0
2026-04-17 10:04:01 PM,KXATPCHALLENGERMATCH-26APR18SAFROC-SAF,42,25,41,586,40,995,39,1806,38,730,44,2196,45,1817,46,986,47,805,57,105,43.0
2026-04-17 10:04:01 PM,KXATPCHALLENGERMATCH-26APR18SAFROC-SAF,42,25,41,301,40,995,39,1806,38,730,44,2196,45,1817,46,986,47,805,57,105,43.0
2026-04-17 10:04:01 PM,KXATPCHALLENGERMATCH-26APR18SAFROC-SAF,42,25,41,301,40,995,39,1806,38,730,44,2196,45,2402,46,986,47,805,57,105,43.0
2026-04-17 10:04:57 PM,KXATPCHALLENGERMATCH-26APR18SAFROC-SAF,42,25,41,301,40,703,39,1806,38,730,44,2196,45,2402,46,986,47,805,57,105,43.0
2026-04-17 10:04:57 PM,KXATPCHALLENGERMATCH-26APR18SAFROC-SAF,42,317,41,301,40,703,39,1806,38,730,44,2196,45,2402,46,986,47,805,57,105,43.0
2026-04-17 10:05:27 PM,KXATPCHALLENGERMATCH-26APR18SAFROC-SAF,42,317,41,301,40,703,39,1406,38,730,44,2196,45,2402,46,986,47,805,57,105,43.0
2026-04-17 10:09:40 PM,KXATPCHALLENGERMATCH-26APR18SAFROC-SAF,42,302,41,301,40,703,39,1406,38,730,44,2196,45,2402,46,986,47,805,57,105,43.0
2026-04-17 10:09:40 PM,KXATPCHALLENGERMATCH-26APR18SAFROC-SAF,42,302,41,301,40,703,39,1406,38,730,44,2196,45,2402,46,986,47,805,58,952,43.0
2026-04-17 10:09:40 PM,KXATPCHALLENGERMATCH-26APR18SAFROC-SAF,42,302,41,301,40,703,39,1406,38,730,44,2196,45,2416,46,986,47,805,58,952,43.0
2026-04-17 10:09:40 PM,KXATPCHALLENGERMATCH-26APR18SAFROC-SAF,42,307,41,301,40,703,39,1406,38,730,44,2196,45,2416,46,986,47,805,58,952,43.0
2026-04-17 10:09:41 PM,KXATPCHALLENGERMATCH-26APR18SAFROC-SAF,42,317,41,301,40,703,39,1406,38,730,44,2196,45,2416,46,986,47,805,58,952,43.0
2026-04-17 10:09:41 PM,KXATPCHALLENGERMATCH-26APR18SAFROC-SAF,42,317,41,301,40,703,39,1406,38,730,44,2196,45,2416,46,986,47,805,57,105,43.0
2026-04-17 10:09:41 PM,KXATPCHALLENGERMATCH-26APR18SAFROC-SAF,42,317,41,301,40,703,39,1406,38,730,44,2196,45,2402,46,986,47,805,57,105,43.0
2026-04-17 10:12:46 PM,KXATPCHALLENGERMATCH-26APR18SAFROC-SAF,43,10000,42,317,41,301,40,703,39,1406,44,2196,45,2402,46,986,47,805,57,105,43.5
2026-04-17 10:12:46 PM,KXATPCHALLENGERMATCH-26APR18SAFROC-SAF,43,10000,42,317,41,292,40,703,39,1406,44,2196,45,2402,46,986,47,805,57,105,43.5
2026-04-17 10:12:46 PM,KXATPCHALLENGERMATCH-26APR18SAFROC-SAF,43,10000,42,308,41,292,40,703,39,1406,44,2196,45,2402,46,986,47,805,57,105,43.5
2026-04-17 10:12:46 PM,KXATPCHALLENGERMATCH-26APR18SAFROC-SAF,43,10014,42,308,41,292,40,703,39,1406,44,2196,45,2402,46,986,47,805,57,105,43.5
2026-04-17 10:12:54 PM,KXATPCHALLENGERMATCH-26APR18SAFROC-SAF,43,1014,42,308,41,292,40,703,39,1406,44,2196,45,2402,46,986,47,805,57,105,43.5
2026-04-17 10:13:05 PM,KXATPCHALLENGERMATCH-26APR18SAFROC-SAF,43,14,42,308,41,292,40,703,39,1406,44,2196,45,2402,46,986,47,805,57,105,43.5
2026-04-17 10:13:05 PM,KXATPCHALLENGERMATCH-26APR18SAFROC-SAF,43,14,42,1308,41,292,40,703,39,1406,44,2196,45,2402,46,986,47,805,57,105,43.5
2026-04-17 10:13:05 PM,KXATPCHALLENGERMATCH-26APR18SAFROC-SAF,42,1308,41,292,40,703,39,1406,38,730,44,2196,45,2402,46,986,47,805,57,105,43.0
2026-04-17 10:13:05 PM,KXATPCHALLENGERMATCH-26APR18SAFROC-SAF,42,1317,41,292,40,703,39,1406,38,730,44,2196,45,2402,46,986,47,805,57,105,43.0
2026-04-17 10:13:05 PM,KXATPCHALLENGERMATCH-26APR18SAFROC-SAF,42,1317,41,301,40,703,39,1406,38,730,44,2196,45,2402,46,986,47,805,57,105,43.0
2026-04-17 10:15:19 PM,KXATPCHALLENGERMATCH-26APR18SAFROC-SAF,42,1312,41,301,40,703,39,1406,38,730,44,2196,45,2402,46,986,47,805,57,105,43.0
2026-04-17 10:15:19 PM,KXATPCHALLENGERMATCH-26APR18SAFROC-SAF,42,1312,41,301,40,703,39,1406,38,730,44,2196,45,2402,46,986,47,805,58,952,43.0
2026-04-17 10:15:19 PM,KXATPCHALLENGERMATCH-26APR18SAFROC-SAF,42,1312,41,301,40,703,39,1406,38,730,44,2196,45,2416,46,986,47,805,58,952,43.0
2026-04-17 10:15:20 PM,KXATPCHALLENGERMATCH-26APR18SAFROC-SAF,42,1312,41,301,40,703,39,1406,38,730,44,2196,45,2402,46,986,47,805,58,952,43.0
2026-04-17 10:15:20 PM,KXATPCHALLENGERMATCH-26APR18SAFROC-SAF,42,1312,41,301,40,703,39,1406,38,730,44,2196,45,2402,46,986,47,805,57,105,43.0
2026-04-17 10:15:57 PM,KXATPCHALLENGERMATCH-26APR18SAFROC-SAF,42,1312,41,301,40,703,39,1406,38,730,44,2196,45,2402,46,986,47,805,58,952,43.0
2026-04-17 10:15:57 PM,KXATPCHALLENGERMATCH-26APR18SAFROC-SAF,42,1312,41,301,40,703,39,1406,38,730,44,2196,45,2416,46,986,47,805,58,952,43.0
2026-04-17 10:15:58 PM,KXATPCHALLENGERMATCH-26APR18SAFROC-SAF,42,1312,41,301,40,703,39,1406,38,730,44,2196,45,2402,46,986,47,805,58,952,43.0
2026-04-17 10:15:58 PM,KXATPCHALLENGERMATCH-26APR18SAFROC-SAF,42,1312,41,301,40,703,39,1406,38,730,44,2196,45,2402,46,986,47,805,57,105,43.0
2026-04-17 10:19:19 PM,KXATPCHALLENGERMATCH-26APR18SAFROC-SAF,42,1312,41,301,40,703,39,1406,38,730,44,2196,45,2402,46,986,47,805,58,952,43.0
2026-04-17 10:19:19 PM,KXATPCHALLENGERMATCH-26APR18SAFROC-SAF,42,1312,41,301,40,703,39,1406,38,730,44,2196,45,2416,46,986,47,805,58,952,43.0
2026-04-17 10:19:19 PM,KXATPCHALLENGERMATCH-26APR18SAFROC-SAF,42,1312,41,301,40,703,39,1406,38,730,44,2196,45,2402,46,986,47,805,58,952,43.0
2026-04-17 10:19:19 PM,KXATPCHALLENGERMATCH-26APR18SAFROC-SAF,42,1312,41,301,40,703,39,1406,38,730,44,2196,45,2402,46,986,47,805,57,106,43.0
2026-04-17 10:20:07 PM,KXATPCHALLENGERMATCH-26APR18SAFROC-SAF,42,1312,41,301,40,703,39,1406,38,730,44,2196,45,2402,46,986,47,805,58,952,43.0
2026-04-17 10:20:07 PM,KXATPCHALLENGERMATCH-26APR18SAFROC-SAF,42,1312,41,301,40,703,39,1406,38,730,44,2196,45,2416,46,986,47,805,58,952,43.0
2026-04-17 10:38:50 PM,KXATPCHALLENGERMATCH-26APR18SAFROC-SAF,42,1312,41,301,40,703,39,1406,38,730,44,2129,45,2416,46,986,47,805,58,952,43.0
2026-04-17 10:38:50 PM,KXATPCHALLENGERMATCH-26APR18SAFROC-SAF,42,1312,41,301,40,703,39,1406,38,730,44,2128,45,2416,46,986,47,805,58,952,43.0
2026-04-17 10:38:50 PM,KXATPCHALLENGERMATCH-26APR18SAFROC-SAF,42,1312,41,301,40,703,39,1406,38,730,44,2105,45,2416,46,986,47,805,58,952,43.0
2026-04-17 10:44:49 PM,KXATPCHALLENGERMATCH-26APR18SAFROC-SAF,42,1312,41,301,40,703,39,1406,38,730,44,2112,45,2416,46,986,47,805,58,952,43.0
2026-04-17 10:44:49 PM,KXATPCHALLENGERMATCH-26APR18SAFROC-SAF,42,1309,41,301,40,703,39,1406,38,730,44,2112,45,2416,46,986,47,805,58,952,43.0
2026-04-17 10:44:49 PM,KXATPCHALLENGERMATCH-26APR18SAFROC-SAF,42,1309,41,298,40,703,39,1406,38,730,44,2112,45,2416,46,986,47,805,58,952,43.0
2026-04-17 10:57:37 PM,KXATPCHALLENGERMATCH-26APR18SAFROC-SAF,42,1309,41,298,40,703,39,1406,38,692,44,2112,45,2416,46,986,47,805,58,952,43.0
2026-04-17 10:57:37 PM,KXATPCHALLENGERMATCH-26APR18SAFROC-SAF,42,1309,41,298,40,703,39,1406,38,692,44,2112,45,2557,46,986,47,805,58,952,43.0
2026-04-17 10:57:37 PM,KXATPCHALLENGERMATCH-26APR18SAFROC-SAF,42,1309,41,298,40,285,39,1406,38,692,44,2112,45,2557,46,986,47,805,58,952,43.0
2026-04-17 10:57:37 PM,KXATPCHALLENGERMATCH-26APR18SAFROC-SAF,42,1309,41,298,40,285,39,1406,38,1079,44,2112,45,2557,46,986,47,805,58,952,43.0
2026-04-17 10:57:46 PM,KXATPCHALLENGERMATCH-26APR18SAFROC-SAF,42,1309,41,298,40,285,39,1366,38,1079,44,2112,45,2557,46,986,47,805,58,952,43.0
2026-04-17 10:57:46 PM,KXATPCHALLENGERMATCH-26APR18SAFROC-SAF,42,1309,41,298,40,285,39,1366,38,1079,44,2112,45,2557,46,1143,47,805,58,952,43.0
2026-04-17 10:57:47 PM,KXATPCHALLENGERMATCH-26APR18SAFROC-SAF,42,1309,41,298,40,285,39,1366,38,1079,43,436,44,2112,45,2557,46,1143,47,805,42.5
2026-04-17 10:57:47 PM,KXATPCHALLENGERMATCH-26APR18SAFROC-SAF,42,1309,41,298,40,285,39,1366,38,1079,43,436,44,2112,45,2557,46,1143,47,324,42.5
2026-04-17 10:57:47 PM,KXATPCHALLENGERMATCH-26APR18SAFROC-SAF,42,1309,41,298,40,285,39,1366,38,1079,43,1123,44,2112,45,2557,46,1143,47,324,42.5
2026-04-17 10:57:47 PM,KXATPCHALLENGERMATCH-26APR18SAFROC-SAF,42,1309,41,298,39,1366,38,1079,37,500,43,1123,44,2112,45,2557,46,1143,47,324,42.5
2026-04-17 10:57:47 PM,KXATPCHALLENGERMATCH-26APR18SAFROC-SAF,42,1309,41,298,39,1366,38,1079,37,500,43,1123,44,2112,45,2557,46,1143,58,952,42.5
2026-04-17 10:57:47 PM,KXATPCHALLENGERMATCH-26APR18SAFROC-SAF,42,1309,41,298,39,1366,38,1079,37,500,43,1123,44,2112,45,2170,46,1143,58,952,42.5
2026-04-17 10:57:47 PM,KXATPCHALLENGERMATCH-26APR18SAFROC-SAF,42,1309,41,298,39,1366,38,1079,37,500,43,1123,44,2112,45,2143,46,1143,58,952,42.5
2026-04-17 10:57:47 PM,KXATPCHALLENGERMATCH-26APR18SAFROC-SAF,42,1309,41,298,39,1366,38,1079,37,500,43,1123,44,2112,45,1558,46,1143,58,952,42.5
2026-04-17 10:57:47 PM,KXATPCHALLENGERMATCH-26APR18SAFROC-SAF,42,1309,41,298,39,1366,38,1079,37,500,43,1545,44,2112,45,1558,46,1143,58,952,42.5
2026-04-17 10:57:47 PM,KXATPCHALLENGERMATCH-26APR18SAFROC-SAF,42,1309,41,298,39,1366,38,1079,37,500,43,1545,44,2689,45,1558,46,1143,58,952,42.5
2026-04-17 10:58:09 PM,KXATPCHALLENGERMATCH-26APR18SAFROC-SAF,42,1309,41,298,39,1366,38,1079,37,500,43,1521,44,2689,45,1558,46,1143,58,952,42.5
2026-04-17 10:59:13 PM,KXATPCHALLENGERMATCH-26APR18SAFROC-SAF,42,1309,41,298,39,1366,38,1079,37,100,43,1521,44,2689,45,1558,46,1143,58,952,42.5
2026-04-17 11:05:21 PM,KXATPCHALLENGERMATCH-26APR18SAFROC-SAF,42,1309,41,298,39,1366,38,1079,37,100,43,1508,44,2689,45,1558,46,1143,58,952,42.5
2026-04-17 11:08:20 PM,KXATPCHALLENGERMATCH-26APR18SAFROC-SAF,42,1021,41,298,39,1366,38,1079,37,100,43,1508,44,2689,45,1558,46,1143,58,952,42.5
2026-04-17 11:08:20 PM,KXATPCHALLENGERMATCH-26APR18SAFROC-SAF,42,1021,41,298,40,288,39,1366,38,1079,43,1508,44,2689,45,1558,46,1143,58,952,42.5
2026-04-17 11:09:13 PM,KXATPCHALLENGERMATCH-26APR18SAFROC-SAF,42,1011,41,298,40,288,39,1366,38,1079,43,1508,44,2689,45,1558,46,1143,58,952,42.5
2026-04-17 11:09:13 PM,KXATPCHALLENGERMATCH-26APR18SAFROC-SAF,42,11,41,298,40,288,39,1366,38,1079,43,1508,44,2689,45,1558,46,1143,58,952,42.5
2026-04-17 11:09:13 PM,KXATPCHALLENGERMATCH-26APR18SAFROC-SAF,42,2,41,298,40,288,39,1366,38,1079,43,1508,44,2689,45,1558,46,1143,58,952,42.5
2026-04-17 11:09:13 PM,KXATPCHALLENGERMATCH-26APR18SAFROC-SAF,42,2,41,298,40,288,39,1366,38,1079,42,1481,43,1508,44,2689,45,1558,46,1143,42.0
2026-04-17 11:09:13 PM,KXATPCHALLENGERMATCH-26APR18SAFROC-SAF,42,2,41,313,40,288,39,1366,38,1079,42,1481,43,1508,44,2689,45,1558,46,1143,42.0
2026-04-17 11:09:13 PM,KXATPCHALLENGERMATCH-26APR18SAFROC-SAF,42,2,41,313,40,298,39,1366,38,1079,42,1481,43,1508,44,2689,45,1558,46,1143,42.0
2026-04-17 11:09:13 PM,KXATPCHALLENGERMATCH-26APR18SAFROC-SAF,42,2,41,313,40,298,39,1366,38,1079,42,1481,43,1508,44,2689,45,1558,46,1139,42.0
2026-04-17 11:09:13 PM,KXATPCHALLENGERMATCH-26APR18SAFROC-SAF,42,2,41,313,40,298,39,1366,38,1079,42,1481,43,1508,44,2689,45,1558,46,1130,42.0
2026-04-17 11:09:13 PM,KXATPCHALLENGERMATCH-26APR18SAFROC-SAF,42,2,41,313,40,298,39,1366,38,1079,42,1481,43,1508,44,2701,45,1558,46,1130,42.0
2026-04-17 11:09:54 PM,KXATPCHALLENGERMATCH-26APR18SAFROC-SAF,42,2,41,313,40,298,39,1366,38,1079,42,1481,43,1508,44,2287,45,1558,46,1130,42.0
2026-04-17 11:09:54 PM,KXATPCHALLENGERMATCH-26APR18SAFROC-SAF,42,2,41,313,40,298,39,1366,38,1079,42,1481,43,1508,44,2280,45,1558,46,1130,42.0
2026-04-17 11:09:54 PM,KXATPCHALLENGERMATCH-26APR18SAFROC-SAF,42,2,41,313,40,298,39,1366,38,1079,42,1481,43,1508,44,1703,45,1558,46,1130,42.0
2026-04-17 11:09:54 PM,KXATPCHALLENGERMATCH-26APR18SAFROC-SAF,42,2,41,313,40,298,39,1366,38,1079,42,1903,43,1508,44,1703,45,1558,46,1130,42.0
2026-04-17 11:09:54 PM,KXATPCHALLENGERMATCH-26APR18SAFROC-SAF,42,2,41,313,40,298,39,1366,38,1079,42,1903,43,2085,44,1703,45,1558,46,1130,42.0
2026-04-17 11:09:54 PM,KXATPCHALLENGERMATCH-26APR18SAFROC-SAF,42,2,41,25,40,298,39,1366,38,1079,42,1903,43,2085,44,1703,45,1558,46,1130,42.0
2026-04-17 11:09:54 PM,KXATPCHALLENGERMATCH-26APR18SAFROC-SAF,42,2,41,25,40,315,39,1366,38,1079,42,1903,43,2085,44,1703,45,1558,46,1130,42.0
2026-04-17 11:09:54 PM,KXATPCHALLENGERMATCH-26APR18SAFROC-SAF,42,2,41,25,40,315,39,1376,38,1079,42,1903,43,2085,44,1703,45,1558,46,1130,42.0
2026-04-17 11:09:54 PM,KXATPCHALLENGERMATCH-26APR18SAFROC-SAF,42,2,41,16,40,315,39,1376,38,1079,42,1903,43,2085,44,1703,45,1558,46,1130,42.0
2026-04-17 11:09:54 PM,KXATPCHALLENGERMATCH-26APR18SAFROC-SAF,42,2,41,1,40,315,39,1376,38,1079,42,1903,43,2085,44,1703,45,1558,46,1130,42.0
2026-04-17 11:09:54 PM,KXATPCHALLENGERMATCH-26APR18SAFROC-SAF,42,2,41,1,40,315,39,1664,38,1079,42,1903,43,2085,44,1703,45,1558,46,1130,42.0
2026-04-17 11:10:52 PM,KXATPCHALLENGERMATCH-26APR18SAFROC-SAF,42,2,41,1,40,315,39,1674,38,1079,42,1903,43,2085,44,1703,45,1558,46,1130,42.0
2026-04-17 11:10:52 PM,KXATPCHALLENGERMATCH-26APR18SAFROC-SAF,42,2,41,1,40,315,39,1684,38,1079,42,1903,43,2085,44,1703,45,1558,46,1130,42.0
2026-04-17 11:10:52 PM,KXATPCHALLENGERMATCH-26APR18SAFROC-SAF,42,2,41,1,40,315,39,1684,38,1079,42,1903,43,2095,44,1703,45,1558,46,1130,42.0
2026-04-17 11:10:52 PM,KXATPCHALLENGERMATCH-26APR18SAFROC-SAF,42,2,41,1,40,315,39,1684,38,1079,42,1903,43,2105,44,1703,45,1558,46,1130,42.0
2026-04-17 11:24:42 PM,KXATPCHALLENGERMATCH-26APR18SAFROC-SAF,42,2,41,1,40,315,39,1777,38,1079,42,1903,43,2105,44,1703,45,1558,46,1130,42.0
2026-04-17 11:24:42 PM,KXATPCHALLENGERMATCH-26APR18SAFROC-SAF,42,2,41,1,40,315,39,1777,38,1079,42,1903,43,2105,44,1796,45,1558,46,1130,42.0
2026-04-17 11:24:55 PM,KXATPCHALLENGERMATCH-26APR18SAFROC-SAF,42,2,41,1,40,315,39,2145,38,1079,42,1903,43,2105,44,1796,45,1558,46,1130,42.0
2026-04-17 11:24:55 PM,KXATPCHALLENGERMATCH-26APR18SAFROC-SAF,42,2,41,1,40,315,39,2145,38,1079,42,1903,43,2567,44,1796,45,1558,46,1130,42.0
2026-04-17 11:24:56 PM,KXATPCHALLENGERMATCH-26APR18SAFROC-SAF,42,2,41,1,40,315,39,2145,38,1079,42,1903,43,2567,44,1703,45,1558,46,1130,42.0
2026-04-17 11:25:11 PM,KXATPCHALLENGERMATCH-26APR18SAFROC-SAF,42,2,41,1,40,315,39,2145,38,1079,42,1903,43,2567,44,2165,45,1558,46,1130,42.0
2026-04-17 11:25:11 PM,KXATPCHALLENGERMATCH-26APR18SAFROC-SAF,42,2,41,1,40,315,39,2145,38,1079,42,1903,43,2105,44,2165,45,1558,46,1130,42.0
2026-04-17 11:25:12 PM,KXATPCHALLENGERMATCH-26APR18SAFROC-SAF,42,2,41,1,40,315,39,2145,38,1079,42,1903,43,2105,44,1703,45,1558,46,1130,42.0
2026-04-17 11:25:31 PM,KXATPCHALLENGERMATCH-26APR18SAFROC-SAF,42,2,41,1,40,315,39,2145,38,1079,42,1903,43,2567,44,1703,45,1558,46,1130,42.0
2026-04-17 11:25:34 PM,KXATPCHALLENGERMATCH-26APR18SAFROC-SAF,42,2,41,1,40,315,39,2145,38,1079,42,1903,43,2105,44,1703,45,1558,46,1130,42.0
2026-04-17 11:25:50 PM,KXATPCHALLENGERMATCH-26APR18SAFROC-SAF,42,2,41,1,40,315,39,2145,38,1079,42,1903,43,2567,44,1703,45,1558,46,1130,42.0
2026-04-17 11:28:42 PM,KXATPCHALLENGERMATCH-26APR18SAFROC-SAF,42,2,41,1,40,315,39,2145,38,1079,42,1892,43,2567,44,1703,45,1558,46,1130,42.0
2026-04-17 11:33:03 PM,KXATPCHALLENGERMATCH-26APR18SAFROC-SAF,42,2,41,1,40,315,39,2145,38,1079,42,1881,43,2567,44,1703,45,1558,46,1130,42.0
2026-04-17 11:35:52 PM,KXATPCHALLENGERMATCH-26APR18SAFROC-SAF,42,2,41,1,40,315,39,2145,38,1079,42,1881,43,2105,44,1703,45,1558,46,1130,42.0
2026-04-17 11:35:53 PM,KXATPCHALLENGERMATCH-26APR18SAFROC-SAF,42,2,41,1,40,315,39,2145,38,1079,42,1881,43,2105,44,2165,45,1558,46,1130,42.0
2026-04-17 11:36:45 PM,KXATPCHALLENGERMATCH-26APR18SAFROC-SAF,42,2,41,1,40,315,39,2145,38,1079,42,1881,43,2567,44,2165,45,1558,46,1130,42.0
2026-04-17 11:39:29 PM,KXATPCHALLENGERMATCH-26APR18SAFROC-SAF,42,2,41,1,40,315,39,2145,38,1079,42,1881,43,2567,44,1703,45,1558,46,1130,42.0
2026-04-17 11:40:01 PM,KXATPCHALLENGERMATCH-26APR18SAFROC-SAF,42,2,41,1,40,315,39,2145,38,1079,42,1881,43,2567,44,2165,45,1558,46,1130,42.0
2026-04-17 11:40:01 PM,KXATPCHALLENGERMATCH-26APR18SAFROC-SAF,42,2,41,1,40,315,39,2145,38,1079,42,1881,43,2105,44,2165,45,1558,46,1130,42.0
2026-04-17 11:40:03 PM,KXATPCHALLENGERMATCH-26APR18SAFROC-SAF,42,2,41,1,40,315,39,2145,38,1079,42,1881,43,2105,44,1703,45,1558,46,1130,42.0
2026-04-17 11:40:17 PM,KXATPCHALLENGERMATCH-26APR18SAFROC-SAF,42,2,41,1,40,315,39,2145,38,1079,42,1881,43,2105,44,2165,45,1558,46,1130,42.0
2026-04-17 11:45:42 PM,KXATPCHALLENGERMATCH-26APR18SAFROC-SAF,42,2,41,1,40,315,39,2145,38,1079,42,1881,43,2567,44,2165,45,1558,46,1130,42.0
2026-04-17 11:45:42 PM,KXATPCHALLENGERMATCH-26APR18SAFROC-SAF,42,2,41,1,40,315,39,2145,38,1079,42,1881,43,2567,44,1703,45,1558,46,1130,42.0
2026-04-17 11:55:42 PM,KXATPCHALLENGERMATCH-26APR18SAFROC-SAF,42,2,41,1,40,315,39,2145,38,1079,42,1881,43,2567,44,2165,45,1558,46,1130,42.0
2026-04-17 11:55:42 PM,KXATPCHALLENGERMATCH-26APR18SAFROC-SAF,42,2,41,1,40,315,39,2145,38,1079,42,1881,43,2105,44,2165,45,1558,46,1130,42.0
2026-04-17 11:57:31 PM,KXATPCHALLENGERMATCH-26APR18SAFROC-SAF,42,2,41,1,40,315,39,2145,38,1079,42,1881,43,2567,44,2165,45,1558,46,1130,42.0
2026-04-17 11:57:31 PM,KXATPCHALLENGERMATCH-26APR18SAFROC-SAF,42,2,41,1,40,315,39,2145,38,1079,42,1881,43,2567,44,1703,45,1558,46,1130,42.0
2026-04-17 11:57:32 PM,KXATPCHALLENGERMATCH-26APR18SAFROC-SAF,42,2,41,1,40,315,39,1857,38,1079,42,1881,43,2567,44,1703,45,1558,46,1130,42.0
2026-04-17 11:57:32 PM,KXATPCHALLENGERMATCH-26APR18SAFROC-SAF,42,2,41,289,40,315,39,1857,38,1079,42,1881,43,2567,44,1703,45,1558,46,1130,42.0
2026-04-17 11:57:32 PM,KXATPCHALLENGERMATCH-26APR18SAFROC-SAF,42,2,41,289,40,315,39,1847,38,1079,42,1881,43,2567,44,1703,45,1558,46,1130,42.0
2026-04-17 11:57:32 PM,KXATPCHALLENGERMATCH-26APR18SAFROC-SAF,42,2,41,289,40,305,39,1847,38,1079,42,1881,43,2567,44,1703,45,1558,46,1130,42.0
2026-04-17 11:57:32 PM,KXATPCHALLENGERMATCH-26APR18SAFROC-SAF,42,2,41,289,40,288,39,1847,38,1079,42,1881,43,2567,44,1703,45,1558,46,1130,42.0
2026-04-17 11:57:32 PM,KXATPCHALLENGERMATCH-26APR18SAFROC-SAF,42,2,41,306,40,288,39,1847,38,1079,42,1881,43,2567,44,1703,45,1558,46,1130,42.0
2026-04-17 11:57:32 PM,KXATPCHALLENGERMATCH-26APR18SAFROC-SAF,42,2,41,306,40,288,39,1847,38,1079,42,1881,43,2105,44,1703,45,1558,46,1130,42.0
2026-04-17 11:57:32 PM,KXATPCHALLENGERMATCH-26APR18SAFROC-SAF,42,2,41,306,40,298,39,1847,38,1079,42,1881,43,2105,44,1703,45,1558,46,1130,42.0
2026-04-17 11:58:24 PM,KXATPCHALLENGERMATCH-26APR18SAFROC-SAF,42,2,41,306,40,298,39,1847,38,1079,42,1881,43,2567,44,1703,45,1558,46,1130,42.0
2026-04-18 12:00:12 AM,KXATPCHALLENGERMATCH-26APR18SAFROC-SAF,42,2,41,306,40,760,39,1847,38,1079,42,1881,43,2567,44,1703,45,1558,46,1130,42.0
2026-04-18 12:00:12 AM,KXATPCHALLENGERMATCH-26APR18SAFROC-SAF,42,2,41,306,40,760,39,1847,38,1079,42,1881,43,2567,44,2165,45,1558,46,1130,42.0
2026-04-18 12:00:12 AM,KXATPCHALLENGERMATCH-26APR18SAFROC-SAF,42,2,41,306,40,760,39,1847,38,1079,42,1881,43,2105,44,2165,45,1558,46,1130,42.0
2026-04-18 12:00:12 AM,KXATPCHALLENGERMATCH-26APR18SAFROC-SAF,42,2,41,306,40,760,39,1847,38,1079,42,1881,43,2105,44,1703,45,1558,46,1130,42.0
2026-04-18 12:00:12 AM,KXATPCHALLENGERMATCH-26APR18SAFROC-SAF,42,2,41,306,40,298,39,1847,38,1079,42,1881,43,2105,44,1703,45,1558,46,1130,42.0
2026-04-18 12:00:20 AM,KXATPCHALLENGERMATCH-26APR18SAFROC-SAF,42,2,41,306,40,298,39,1847,38,1079,42,1881,43,2567,44,1703,45,1558,46,1130,42.0
2026-04-18 12:00:27 AM,KXATPCHALLENGERMATCH-26APR18SAFROC-SAF,42,2,41,306,40,298,39,1847,38,1079,42,1881,43,2105,44,1703,45,1558,46,1130,42.0
2026-04-18 12:00:28 AM,KXATPCHALLENGERMATCH-26APR18SAFROC-SAF,42,2,41,306,40,760,39,1847,38,1079,42,1881,43,2105,44,1703,45,1558,46,1130,42.0
2026-04-18 12:00:30 AM,KXATPCHALLENGERMATCH-26APR18SAFROC-SAF,42,2,41,306,40,760,39,1847,38,1079,42,1881,43,2567,44,1703,45,1558,46,1130,42.0
2026-04-18 12:00:30 AM,KXATPCHALLENGERMATCH-26APR18SAFROC-SAF,42,2,41,306,40,298,39,1847,38,1079,42,1881,43,2567,44,1703,45,1558,46,1130,42.0
2026-04-18 12:00:58 AM,KXATPCHALLENGERMATCH-26APR18SAFROC-SAF,42,2,41,306,40,298,39,1847,38,1079,42,1881,43,2567,44,1703,45,1559,46,1130,42.0
2026-04-18 12:00:58 AM,KXATPCHALLENGERMATCH-26APR18SAFROC-SAF,42,2,41,306,40,298,39,1847,38,1079,42,1881,43,2567,44,1703,45,1559,46,1131,42.0
2026-04-18 12:01:46 AM,KXATPCHALLENGERMATCH-26APR18SAFROC-SAF,42,2,41,306,40,298,39,1847,38,1079,42,1881,43,2567,44,2165,45,1559,46,1131,42.0
2026-04-18 12:01:46 AM,KXATPCHALLENGERMATCH-26APR18SAFROC-SAF,42,2,41,306,40,298,39,1847,38,1079,42,1881,43,2105,44,2165,45,1559,46,1131,42.0
2026-04-18 12:01:46 AM,KXATPCHALLENGERMATCH-26APR18SAFROC-SAF,42,2,41,306,40,298,39,1847,38,1079,42,1881,43,2105,44,1703,45,1559,46,1131,42.0
2026-04-18 12:01:54 AM,KXATPCHALLENGERMATCH-26APR18SAFROC-SAF,42,2,41,306,40,298,39,1847,38,1079,42,1881,43,2567,44,1703,45,1559,46,1131,42.0
2026-04-18 12:02:08 AM,KXATPCHALLENGERMATCH-26APR18SAFROC-SAF,42,2,41,306,40,298,39,1847,38,1079,42,1881,43,2567,44,2165,45,1559,46,1131,42.0
2026-04-18 12:02:08 AM,KXATPCHALLENGERMATCH-26APR18SAFROC-SAF,42,2,41,306,40,298,39,1847,38,1079,42,1881,43,2105,44,2165,45,1559,46,1131,42.0
2026-04-18 12:02:22 AM,KXATPCHALLENGERMATCH-26APR18SAFROC-SAF,42,2,41,306,40,298,39,1847,38,1079,42,1881,43,2567,44,2165,45,1559,46,1131,42.0
2026-04-18 12:02:22 AM,KXATPCHALLENGERMATCH-26APR18SAFROC-SAF,42,2,41,306,40,298,39,1847,38,1079,42,1881,43,2567,44,1703,45,1559,46,1131,42.0
2026-04-18 12:03:20 AM,KXATPCHALLENGERMATCH-26APR18SAFROC-SAF,42,2,41,306,40,298,39,1847,38,1079,42,1881,43,2567,44,2165,45,1559,46,1131,42.0
2026-04-18 12:03:20 AM,KXATPCHALLENGERMATCH-26APR18SAFROC-SAF,42,2,41,306,40,298,39,1847,38,1079,42,1881,43,2105,44,2165,45,1559,46,1131,42.0
2026-04-18 12:04:02 AM,KXATPCHALLENGERMATCH-26APR18SAFROC-SAF,42,2,41,306,40,298,39,1847,38,1079,42,1881,43,2567,44,2165,45,1559,46,1131,42.0
2026-04-18 12:04:02 AM,KXATPCHALLENGERMATCH-26APR18SAFROC-SAF,42,2,41,306,40,298,39,1847,38,1079,42,1881,43,2567,44,1703,45,1559,46,1131,42.0
2026-04-18 12:06:14 AM,KXATPCHALLENGERMATCH-26APR18SAFROC-SAF,42,2,41,289,40,298,39,1847,38,1079,42,1881,43,2567,44,1703,45,1559,46,1131,42.0
2026-04-18 12:06:14 AM,KXATPCHALLENGERMATCH-26APR18SAFROC-SAF,42,2,41,289,40,298,39,1847,38,1079,42,1881,43,2567,44,1691,45,1559,46,1131,42.0
2026-04-18 12:06:14 AM,KXATPCHALLENGERMATCH-26APR18SAFROC-SAF,42,2,41,289,40,298,39,1847,38,1079,42,1881,43,2567,44,1691,45,1545,46,1131,42.0
2026-04-18 12:06:18 AM,KXATPCHALLENGERMATCH-26APR18SAFROC-SAF,42,2,41,289,40,298,39,1857,38,1079,42,1881,43,2567,44,1691,45,1545,46,1131,42.0
2026-04-18 12:06:18 AM,KXATPCHALLENGERMATCH-26APR18SAFROC-SAF,42,2,41,289,40,298,39,1857,38,1079,42,1893,43,2567,44,1691,45,1545,46,1131,42.0
2026-04-18 12:06:18 AM,KXATPCHALLENGERMATCH-26APR18SAFROC-SAF,42,2,41,289,40,298,39,1857,38,1079,42,1893,43,2574,44,1691,45,1545,46,1131,42.0
2026-04-18 12:06:18 AM,KXATPCHALLENGERMATCH-26APR18SAFROC-SAF,42,2,41,289,40,298,39,1857,38,1079,42,1893,43,2577,44,1691,45,1545,46,1131,42.0
2026-04-18 12:09:40 AM,KXATPCHALLENGERMATCH-26APR18SAFROC-SAF,42,2,41,289,40,298,39,1857,38,1079,42,1881,43,2577,44,1691,45,1545,46,1131,42.0
2026-04-18 12:09:40 AM,KXATPCHALLENGERMATCH-26APR18SAFROC-SAF,42,2,41,289,40,298,39,1857,38,1079,42,1881,43,2570,44,1691,45,1545,46,1131,42.0
2026-04-18 12:09:40 AM,KXATPCHALLENGERMATCH-26APR18SAFROC-SAF,42,2,41,289,40,298,39,1857,38,1079,42,1881,43,2567,44,1691,45,1545,46,1131,42.0
2026-04-18 12:09:40 AM,KXATPCHALLENGERMATCH-26APR18SAFROC-SAF,42,2,41,306,40,298,39,1857,38,1079,42,1881,43,2567,44,1691,45,1545,46,1131,42.0
2026-04-18 12:09:40 AM,KXATPCHALLENGERMATCH-26APR18SAFROC-SAF,42,2,41,306,40,298,39,1857,38,1079,42,1881,43,2567,44,1703,45,1545,46,1131,42.0
2026-04-18 12:09:40 AM,KXATPCHALLENGERMATCH-26APR18SAFROC-SAF,42,2,41,306,40,298,39,1857,38,1079,42,1881,43,2567,44,1703,45,1555,46,1131,42.0
2026-04-18 12:09:40 AM,KXATPCHALLENGERMATCH-26APR18SAFROC-SAF,42,2,41,306,40,298,39,1847,38,1079,42,1881,43,2567,44,1703,45,1555,46,1131,42.0
2026-04-18 12:20:33 AM,KXATPCHALLENGERMATCH-26APR18SAFROC-SAF,42,2,41,306,40,298,39,1847,38,1079,42,2424,43,2567,44,1703,45,1555,46,1131,42.0
2026-04-18 12:20:33 AM,KXATPCHALLENGERMATCH-26APR18SAFROC-SAF,42,2,41,306,40,298,39,1148,38,1079,42,2424,43,2567,44,1703,45,1555,46,1131,42.0
2026-04-18 12:20:33 AM,KXATPCHALLENGERMATCH-26APR18SAFROC-SAF,42,2,41,306,40,298,39,1148,38,1079,42,2424,43,2567,44,1703,45,1555,46,771,42.0
2026-04-18 12:20:33 AM,KXATPCHALLENGERMATCH-26APR18SAFROC-SAF,42,2,41,306,40,298,39,695,38,1079,42,2424,43,2567,44,1703,45,1555,46,771,42.0
2026-04-18 12:20:33 AM,KXATPCHALLENGERMATCH-26APR18SAFROC-SAF,42,2,41,306,40,298,39,596,38,1079,42,2424,43,2567,44,1703,45,1555,46,771,42.0
2026-04-18 12:20:33 AM,KXATPCHALLENGERMATCH-26APR18SAFROC-SAF,42,2,41,306,40,298,39,481,38,1079,42,2424,43,2567,44,1703,45,1555,46,771,42.0
2026-04-18 12:20:33 AM,KXATPCHALLENGERMATCH-26APR18SAFROC-SAF,42,2,41,306,40,298,39,481,38,1079,42,2424,43,2567,44,1703,45,1555,46,397,42.0
2026-04-18 12:20:33 AM,KXATPCHALLENGERMATCH-26APR18SAFROC-SAF,42,2,41,306,40,298,39,481,38,1079,42,2424,43,2567,44,1703,45,1555,46,240,42.0
2026-04-18 12:20:33 AM,KXATPCHALLENGERMATCH-26APR18SAFROC-SAF,42,2,41,306,40,298,39,481,38,1079,42,2424,43,2567,44,1703,45,1420,46,240,42.0
2026-04-18 12:20:33 AM,KXATPCHALLENGERMATCH-26APR18SAFROC-SAF,42,2,41,306,40,298,39,481,38,1224,42,2424,43,2567,44,1703,45,1420,46,240,42.0
2026-04-18 12:20:33 AM,KXATPCHALLENGERMATCH-26APR18SAFROC-SAF,42,2,41,306,40,298,39,481,38,1224,42,2424,43,3262,44,1703,45,1420,46,240,42.0
2026-04-18 12:20:43 AM,KXATPCHALLENGERMATCH-26APR18SAFROC-SAF,42,2,41,306,40,298,39,481,38,1691,42,2424,43,3262,44,1703,45,1420,46,240,42.0
2026-04-18 12:20:43 AM,KXATPCHALLENGERMATCH-26APR18SAFROC-SAF,42,2,41,306,40,298,39,481,38,1691,42,2891,43,3262,44,1703,45,1420,46,240,42.0
2026-04-18 12:20:43 AM,KXATPCHALLENGERMATCH-26APR18SAFROC-SAF,42,2,41,306,40,298,39,113,38,1691,42,2891,43,3262,44,1703,45,1420,46,240,42.0
2026-04-18 12:20:43 AM,KXATPCHALLENGERMATCH-26APR18SAFROC-SAF,42,2,41,306,40,298,39,20,38,1691,42,2891,43,3262,44,1703,45,1420,46,240,42.0
2026-04-18 12:20:44 AM,KXATPCHALLENGERMATCH-26APR18SAFROC-SAF,42,2,41,306,40,298,39,20,38,1691,42,2891,43,2800,44,1703,45,1420,46,240,42.0
2026-04-18 12:20:44 AM,KXATPCHALLENGERMATCH-26APR18SAFROC-SAF,42,2,41,306,40,298,39,20,38,1691,42,2424,43,2800,44,1703,45,1420,46,240,42.0
2026-04-18 12:20:53 AM,KXATPCHALLENGERMATCH-26APR18SAFROC-SAF,42,2,41,306,40,298,39,488,38,1691,42,2424,43,2800,44,1703,45,1420,46,240,42.0
2026-04-18 12:20:53 AM,KXATPCHALLENGERMATCH-26APR18SAFROC-SAF,42,2,41,306,40,298,39,488,38,1691,42,2424,43,3268,44,1703,45,1420,46,240,42.0
2026-04-18 12:20:54 AM,KXATPCHALLENGERMATCH-26APR18SAFROC-SAF,42,2,41,306,40,298,39,488,38,1224,42,2424,43,3268,44,1703,45,1420,46,240,42.0
2026-04-18 12:21:03 AM,KXATPCHALLENGERMATCH-26APR18SAFROC-SAF,42,2,41,306,40,298,39,488,38,1224,42,2424,43,3268,44,1703,45,1279,46,240,42.0
2026-04-18 12:22:36 AM,KXATPCHALLENGERMATCH-26APR18SAFROC-SAF,42,2,41,306,40,298,39,488,38,1224,42,2424,43,3268,44,1703,45,1309,46,240,42.0
2026-04-18 12:22:36 AM,KXATPCHALLENGERMATCH-26APR18SAFROC-SAF,42,2,41,306,40,298,39,488,38,1224,42,2771,43,3268,44,1703,45,1309,46,240,42.0
2026-04-18 12:22:36 AM,KXATPCHALLENGERMATCH-26APR18SAFROC-SAF,42,2,41,306,40,298,39,488,38,1224,42,2771,43,3268,44,1703,45,1309,46,1,42.0
2026-04-18 12:22:37 AM,KXATPCHALLENGERMATCH-26APR18SAFROC-SAF,42,2,41,306,40,765,39,488,38,1224,42,2771,43,3268,44,1703,45,1309,46,1,42.0
2026-04-18 12:22:37 AM,KXATPCHALLENGERMATCH-26APR18SAFROC-SAF,42,2,41,306,40,765,39,488,38,1224,42,2771,43,3268,44,2170,45,1309,46,1,42.0
2026-04-18 12:22:37 AM,KXATPCHALLENGERMATCH-26APR18SAFROC-SAF,42,2,41,306,40,765,39,488,38,1224,42,2771,43,2800,44,2170,45,1309,46,1,42.0
2026-04-18 12:22:37 AM,KXATPCHALLENGERMATCH-26APR18SAFROC-SAF,42,2,41,306,40,765,39,20,38,1224,42,2771,43,2800,44,2170,45,1309,46,1,42.0
2026-04-18 12:22:39 AM,KXATPCHALLENGERMATCH-26APR18SAFROC-SAF,42,2,41,306,40,298,39,20,38,1224,42,2771,43,2800,44,2170,45,1309,46,1,42.0
2026-04-18 12:22:46 AM,KXATPCHALLENGERMATCH-26APR18SAFROC-SAF,42,2,41,306,40,298,39,487,38,1224,42,2771,43,2800,44,2170,45,1309,46,1,42.0
2026-04-18 12:22:46 AM,KXATPCHALLENGERMATCH-26APR18SAFROC-SAF,42,2,41,306,40,298,39,487,38,1224,42,2771,43,3267,44,2170,45,1309,46,1,42.0
2026-04-18 12:23:02 AM,KXATPCHALLENGERMATCH-26APR18SAFROC-SAF,42,2,41,306,40,298,39,487,38,1224,42,2771,43,3267,44,1703,45,1309,46,1,42.0
2026-04-18 12:26:34 AM,KXATPCHALLENGERMATCH-26APR18SAFROC-SAF,42,2,41,306,40,298,39,487,38,1189,42,2771,43,3267,44,1703,45,1309,46,1,42.0
2026-04-18 12:26:34 AM,KXATPCHALLENGERMATCH-26APR18SAFROC-SAF,42,2,41,306,40,298,39,487,38,1103,42,2771,43,3267,44,1703,45,1309,46,1,42.0
2026-04-18 12:26:34 AM,KXATPCHALLENGERMATCH-26APR18SAFROC-SAF,42,2,41,306,40,298,39,487,38,1103,42,2913,43,3267,44,1703,45,1309,46,1,42.0
2026-04-18 12:26:35 AM,KXATPCHALLENGERMATCH-26APR18SAFROC-SAF,42,2,41,306,40,298,39,487,38,1103,42,4490,43,3267,44,1703,45,1309,46,1,42.0
2026-04-18 12:26:35 AM,KXATPCHALLENGERMATCH-26APR18SAFROC-SAF,42,2,41,18,40,298,39,487,38,1103,42,4490,43,3267,44,1703,45,1309,46,1,42.0
2026-04-18 12:26:35 AM,KXATPCHALLENGERMATCH-26APR18SAFROC-SAF,42,2,41,18,40,10,39,487,38,1103,42,4490,43,3267,44,1703,45,1309,46,1,42.0
2026-04-18 12:26:35 AM,KXATPCHALLENGERMATCH-26APR18SAFROC-SAF,42,2,41,1,40,10,39,487,38,1103,42,4490,43,3267,44,1703,45,1309,46,1,42.0
2026-04-18 12:26:35 AM,KXATPCHALLENGERMATCH-26APR18SAFROC-SAF,42,2,41,1,40,27,39,487,38,1103,42,4490,43,3267,44,1703,45,1309,46,1,42.0
2026-04-18 12:26:35 AM,KXATPCHALLENGERMATCH-26APR18SAFROC-SAF,42,2,41,1,40,27,39,497,38,1103,42,4490,43,3267,44,1703,45,1309,46,1,42.0
2026-04-18 12:26:36 AM,KXATPCHALLENGERMATCH-26APR18SAFROC-SAF,42,2,41,1,40,27,39,497,38,1103,42,4490,43,2845,44,1703,45,1309,46,1,42.0
2026-04-18 12:26:36 AM,KXATPCHALLENGERMATCH-26APR18SAFROC-SAF,42,2,41,1,40,27,39,497,38,1103,42,4490,43,2268,44,1703,45,1309,46,1,42.0
2026-04-18 12:26:36 AM,KXATPCHALLENGERMATCH-26APR18SAFROC-SAF,42,2,41,1,40,27,39,524,38,1103,42,4490,43,2268,44,1703,45,1309,46,1,42.0
2026-04-18 12:26:36 AM,KXATPCHALLENGERMATCH-26APR18SAFROC-SAF,42,2,41,1,40,27,39,524,38,1114,42,4490,43,2268,44,1703,45,1309,46,1,42.0
2026-04-18 12:26:36 AM,KXATPCHALLENGERMATCH-26APR18SAFROC-SAF,42,2,41,1,40,17,39,524,38,1114,42,4490,43,2268,44,1703,45,1309,46,1,42.0
2026-04-18 12:26:36 AM,KXATPCHALLENGERMATCH-26APR18SAFROC-SAF,42,2,41,1,39,524,38,1114,37,1126,42,4490,43,2268,44,1703,45,1309,46,1,42.0
2026-04-18 12:26:36 AM,KXATPCHALLENGERMATCH-26APR18SAFROC-SAF,42,2,41,1,39,524,38,1114,37,1126,42,4631,43,2268,44,1703,45,1309,46,1,42.0
2026-04-18 12:26:36 AM,KXATPCHALLENGERMATCH-26APR18SAFROC-SAF,42,2,41,1,39,524,38,1114,37,1126,41,2000,42,4631,43,2268,44,1703,45,1309,41.5
2026-04-18 12:26:36 AM,KXATPCHALLENGERMATCH-26APR18SAFROC-SAF,42,2,41,1,39,524,38,1114,37,1126,41,2000,42,3631,43,2268,44,1703,45,1309,41.5
2026-04-18 12:26:36 AM,KXATPCHALLENGERMATCH-26APR18SAFROC-SAF,42,2,41,1,39,524,38,1114,37,1126,41,2000,42,4098,43,2268,44,1703,45,1309,41.5
2026-04-18 12:26:36 AM,KXATPCHALLENGERMATCH-26APR18SAFROC-SAF,42,2,41,1,39,57,38,1114,37,1126,41,2000,42,4098,43,2268,44,1703,45,1309,41.5
2026-04-18 12:26:36 AM,KXATPCHALLENGERMATCH-26APR18SAFROC-SAF,42,2,41,1,39,57,38,1114,37,1126,41,2000,42,3676,43,2268,44,1703,45,1309,41.5
2026-04-18 12:26:36 AM,KXATPCHALLENGERMATCH-26APR18SAFROC-SAF,42,2,41,1,39,57,38,1114,37,1126,41,2000,42,3099,43,2268,44,1703,45,1309,41.5
2026-04-18 12:26:36 AM,KXATPCHALLENGERMATCH-26APR18SAFROC-SAF,42,2,41,1,39,57,38,1114,37,1126,40,2000,41,2000,42,3099,43,2268,44,1703,41.0
2026-04-18 12:26:36 AM,KXATPCHALLENGERMATCH-26APR18SAFROC-SAF,42,2,41,1,39,57,38,1114,37,1126,40,2000,41,1000,42,3099,43,2268,44,1703,41.0
2026-04-18 12:26:37 AM,KXATPCHALLENGERMATCH-26APR18SAFROC-SAF,42,2,41,1,39,57,38,1114,37,1126,40,2000,41,1000,42,3099,43,1801,44,1703,41.0
2026-04-18 12:26:41 AM,KXATPCHALLENGERMATCH-26APR18SAFROC-SAF,42,2,41,1,39,57,38,1114,37,1126,40,2000,41,1000,42,2632,43,1801,44,1703,41.0
2026-04-18 12:26:58 AM,KXATPCHALLENGERMATCH-26APR18SAFROC-SAF,42,2,41,1,39,524,38,1114,37,1126,40,2000,41,1000,42,2632,43,1801,44,1703,41.0
2026-04-18 12:26:58 AM,KXATPCHALLENGERMATCH-26APR18SAFROC-SAF,42,2,41,1,39,524,38,1114,37,1126,40,2000,41,1000,42,2632,43,2268,44,1703,41.0
2026-04-18 12:27:04 AM,KXATPCHALLENGERMATCH-26APR18SAFROC-SAF,42,2,41,1,39,524,38,1114,37,1126,40,2000,41,1000,42,2490,43,2268,44,1703,41.0
2026-04-18 12:27:05 AM,KXATPCHALLENGERMATCH-26APR18SAFROC-SAF,42,2,41,1,39,524,38,1108,37,1126,40,2000,41,1000,42,2490,43,2268,44,1703,41.0
2026-04-18 12:27:05 AM,KXATPCHALLENGERMATCH-26APR18SAFROC-SAF,42,2,41,1,39,524,38,1108,37,1126,40,2135,41,1000,42,2490,43,2268,44,1703,41.0
2026-04-18 12:27:10 AM,KXATPCHALLENGERMATCH-26APR18SAFROC-SAF,42,2,41,1,39,576,38,1108,37,1126,40,2135,41,1000,42,2490,43,2268,44,1703,41.0
2026-04-18 12:27:35 AM,KXATPCHALLENGERMATCH-26APR18SAFROC-SAF,42,2,41,1,39,576,38,1049,37,1126,40,2135,41,1000,42,2490,43,2268,44,1703,41.0
2026-04-18 12:27:35 AM,KXATPCHALLENGERMATCH-26APR18SAFROC-SAF,42,2,41,1,39,524,38,1049,37,1126,40,2135,41,1000,42,2490,43,2268,44,1703,41.0
2026-04-18 12:27:48 AM,KXATPCHALLENGERMATCH-26APR18SAFROC-SAF,42,2,41,1,39,576,38,1049,37,1126,40,2135,41,1000,42,2490,43,2268,44,1703,41.0
2026-04-18 12:29:49 AM,KXATPCHALLENGERMATCH-26APR18SAFROC-SAF,42,2,41,1,39,576,38,1049,37,1126,40,2134,41,1000,42,2490,43,2268,44,1703,41.0
2026-04-18 12:29:50 AM,KXATPCHALLENGERMATCH-26APR18SAFROC-SAF,42,2,41,1,39,524,38,1049,37,1126,40,2134,41,1000,42,2490,43,2268,44,1703,41.0
2026-04-18 12:29:51 AM,KXATPCHALLENGERMATCH-26APR18SAFROC-SAF,42,2,41,1,39,576,38,1049,37,1126,40,2134,41,1000,42,2490,43,2268,44,1703,41.0
2026-04-18 12:29:52 AM,KXATPCHALLENGERMATCH-26APR18SAFROC-SAF,42,2,41,1,39,524,38,1049,37,1126,40,2134,41,1000,42,2490,43,2268,44,1703,41.0
2026-04-18 12:30:10 AM,KXATPCHALLENGERMATCH-26APR18SAFROC-SAF,42,2,41,1,39,576,38,1049,37,1126,40,2134,41,1000,42,2490,43,2268,44,1703,41.0
2026-04-18 12:31:42 AM,KXATPCHALLENGERMATCH-26APR18SAFROC-SAF,42,2,41,1,39,566,38,1049,37,1126,40,2134,41,1000,42,2490,43,2268,44,1703,41.0
2026-04-18 12:31:42 AM,KXATPCHALLENGERMATCH-26APR18SAFROC-SAF,42,2,41,1,39,556,38,1049,37,1126,40,2134,41,1000,42,2490,43,2268,44,1703,41.0
2026-04-18 12:31:42 AM,KXATPCHALLENGERMATCH-26APR18SAFROC-SAF,42,2,41,1,39,504,38,1049,37,1126,40,2134,41,1000,42,2490,43,2268,44,1703,41.0
2026-04-18 12:31:42 AM,KXATPCHALLENGERMATCH-26APR18SAFROC-SAF,42,2,41,1,39,504,38,1059,37,1126,40,2134,41,1000,42,2490,43,2268,44,1703,41.0
2026-04-18 12:31:42 AM,KXATPCHALLENGERMATCH-26APR18SAFROC-SAF,42,2,41,1,39,504,38,1069,37,1126,40,2134,41,1000,42,2490,43,2268,44,1703,41.0
2026-04-18 12:31:49 AM,KXATPCHALLENGERMATCH-26APR18SAFROC-SAF,42,2,41,1,39,556,38,1069,37,1126,40,2134,41,1000,42,2490,43,2268,44,1703,41.0
2026-04-18 12:32:21 AM,KXATPCHALLENGERMATCH-26APR18SAFROC-SAF,42,2,41,1,39,504,38,1069,37,1126,40,2134,41,1000,42,2490,43,2268,44,1703,41.0
2026-04-18 12:32:29 AM,KXATPCHALLENGERMATCH-26APR18SAFROC-SAF,42,2,41,1,39,556,38,1069,37,1126,40,2134,41,1000,42,2490,43,2268,44,1703,41.0
2026-04-18 12:32:50 AM,KXATPCHALLENGERMATCH-26APR18SAFROC-SAF,42,2,41,1,39,504,38,1069,37,1126,40,2134,41,1000,42,2490,43,2268,44,1703,41.0
2026-04-18 12:32:51 AM,KXATPCHALLENGERMATCH-26APR18SAFROC-SAF,42,2,41,1,39,556,38,1069,37,1126,40,2134,41,1000,42,2490,43,2268,44,1703,41.0
2026-04-18 12:33:16 AM,KXATPCHALLENGERMATCH-26APR18SAFROC-SAF,42,2,41,1,39,89,38,1069,37,1126,40,2134,41,1000,42,2490,43,2268,44,1703,41.0
2026-04-18 12:33:16 AM,KXATPCHALLENGERMATCH-26APR18SAFROC-SAF,42,2,41,1,39,89,38,1428,37,1126,40,2134,41,1000,42,2490,43,2268,44,1703,41.0
2026-04-18 12:33:16 AM,KXATPCHALLENGERMATCH-26APR18SAFROC-SAF,42,2,41,1,39,89,38,1428,37,1126,40,2134,41,1000,42,2957,43,2268,44,1703,41.0
2026-04-18 12:33:16 AM,KXATPCHALLENGERMATCH-26APR18SAFROC-SAF,42,2,41,1,39,37,38,1428,37,1126,40,2134,41,1000,42,2957,43,2268,44,1703,41.0
2026-04-18 12:33:16 AM,KXATPCHALLENGERMATCH-26APR18SAFROC-SAF,42,2,41,1,39,37,38,1428,37,1126,40,2134,41,1000,42,2957,43,1801,44,1703,41.0
2026-04-18 12:33:17 AM,KXATPCHALLENGERMATCH-26APR18SAFROC-SAF,42,2,41,1,39,89,38,1428,37,1126,40,2134,41,1000,42,2957,43,1801,44,1703,41.0
2026-04-18 12:33:17 AM,KXATPCHALLENGERMATCH-26APR18SAFROC-SAF,42,2,41,1,39,37,38,1428,37,1126,40,2134,41,1000,42,2957,43,1801,44,1703,41.0
2026-04-18 12:33:22 AM,KXATPCHALLENGERMATCH-26APR18SAFROC-SAF,42,2,41,1,39,37,38,1428,37,1126,40,2134,41,1000,42,2490,43,1801,44,1703,41.0
2026-04-18 12:33:27 AM,KXATPCHALLENGERMATCH-26APR18SAFROC-SAF,42,2,41,1,39,37,38,1428,37,1126,40,2134,41,1000,42,2490,43,2268,44,1703,41.0
2026-04-18 12:33:50 AM,KXATPCHALLENGERMATCH-26APR18SAFROC-SAF,42,2,41,1,39,393,38,1428,37,1126,40,2134,41,1000,42,2490,43,2268,44,1703,41.0
2026-04-18 12:33:51 AM,KXATPCHALLENGERMATCH-26APR18SAFROC-SAF,42,2,41,1,39,393,38,1428,37,1126,40,2134,41,1000,42,2490,43,2268,44,2167,41.0
2026-04-18 12:33:51 AM,KXATPCHALLENGERMATCH-26APR18SAFROC-SAF,42,2,41,1,39,393,38,1428,37,1126,40,2134,41,1000,42,2490,43,1801,44,2167,41.0
2026-04-18 12:33:51 AM,KXATPCHALLENGERMATCH-26APR18SAFROC-SAF,42,2,41,1,39,393,38,1428,37,1126,40,2134,41,1000,42,2490,43,1106,44,2167,41.0
2026-04-18 12:33:51 AM,KXATPCHALLENGERMATCH-26APR18SAFROC-SAF,42,2,41,1,39,393,38,1428,37,1126,40,2046,41,1000,42,2490,43,1106,44,2167,41.0
2026-04-18 12:33:51 AM,KXATPCHALLENGERMATCH-26APR18SAFROC-SAF,42,2,41,1,39,826,38,1428,37,1126,40,2046,41,1000,42,2490,43,1106,44,2167,41.0
2026-04-18 12:33:51 AM,KXATPCHALLENGERMATCH-26APR18SAFROC-SAF,42,2,41,1,39,826,38,1428,37,1126,40,2046,41,1000,42,2143,43,1106,44,2167,41.0
2026-04-18 12:33:51 AM,KXATPCHALLENGERMATCH-26APR18SAFROC-SAF,42,2,41,1,39,826,38,1428,37,1126,40,2046,41,1000,42,2143,43,708,44,2167,41.0
2026-04-18 12:33:51 AM,KXATPCHALLENGERMATCH-26APR18SAFROC-SAF,42,2,41,1,39,966,38,1428,37,1126,40,2046,41,1000,42,2143,43,708,44,2167,41.0
2026-04-18 12:33:51 AM,KXATPCHALLENGERMATCH-26APR18SAFROC-SAF,42,2,41,1,39,966,38,1463,37,1126,40,2046,41,1000,42,2143,43,708,44,2167,41.0
2026-04-18 12:33:51 AM,KXATPCHALLENGERMATCH-26APR18SAFROC-SAF,42,2,41,1,39,966,38,1463,37,1126,40,2046,41,1085,42,2143,43,708,44,2167,41.0
2026-04-18 12:33:51 AM,KXATPCHALLENGERMATCH-26APR18SAFROC-SAF,42,2,41,1,39,966,38,1104,37,1126,40,2046,41,1085,42,2143,43,708,44,2167,41.0
2026-04-18 12:33:51 AM,KXATPCHALLENGERMATCH-26APR18SAFROC-SAF,42,2,41,1,39,1591,38,1104,37,1126,40,2046,41,1085,42,2143,43,708,44,2167,41.0
2026-04-18 12:33:51 AM,KXATPCHALLENGERMATCH-26APR18SAFROC-SAF,42,2,41,1,39,1591,38,1104,37,1126,40,2046,41,1085,42,1600,43,708,44,2167,41.0
2026-04-18 12:33:51 AM,KXATPCHALLENGERMATCH-26APR18SAFROC-SAF,42,2,41,1,39,1591,38,1104,37,1126,40,2046,41,1085,42,1600,43,21,44,2167,41.0
2026-04-18 12:33:52 AM,KXATPCHALLENGERMATCH-26APR18SAFROC-SAF,42,2,41,1,39,1591,38,1104,37,1126,40,47,41,1085,42,1600,43,21,44,2167,41.0
2026-04-18 12:33:53 AM,KXATPCHALLENGERMATCH-26APR18SAFROC-SAF,42,2,41,1,39,1591,38,1104,37,1126,40,47,41,2084,42,1600,43,21,44,2167,41.0
2026-04-18 12:33:53 AM,KXATPCHALLENGERMATCH-26APR18SAFROC-SAF,42,2,41,1,39,1591,38,1104,37,1126,40,47,41,2084,42,2600,43,21,44,2167,41.0
2026-04-18 12:33:53 AM,KXATPCHALLENGERMATCH-26APR18SAFROC-SAF,42,2,41,1,39,1643,38,1104,37,1126,40,47,41,2084,42,2600,43,21,44,2167,41.0
2026-04-18 12:33:59 AM,KXATPCHALLENGERMATCH-26APR18SAFROC-SAF,42,2,41,1,39,1643,38,1104,37,1126,40,47,41,2084,42,2600,43,21,44,1703,41.0
2026-04-18 12:33:59 AM,KXATPCHALLENGERMATCH-26APR18SAFROC-SAF,42,2,41,1,39,1591,38,1104,37,1126,40,47,41,2084,42,2600,43,21,44,1703,41.0
2026-04-18 12:33:59 AM,KXATPCHALLENGERMATCH-26APR18SAFROC-SAF,42,2,41,1,39,1591,38,1104,37,1126,40,47,41,2084,42,2600,43,21,44,2167,41.0
2026-04-18 12:35:07 AM,KXATPCHALLENGERMATCH-26APR18SAFROC-SAF,42,2,41,1,39,1591,38,1104,37,1526,40,47,41,2084,42,2600,43,21,44,2167,41.0
2026-04-18 12:47:00 AM,KXATPCHALLENGERMATCH-26APR18SAFROC-SAF,42,2,41,1,39,1591,38,1094,37,1526,40,47,41,2084,42,2600,43,21,44,2167,41.0
2026-04-18 12:47:00 AM,KXATPCHALLENGERMATCH-26APR18SAFROC-SAF,42,2,41,1,39,1591,38,1084,37,1526,40,47,41,2084,42,2600,43,21,44,2167,41.0
2026-04-18 12:47:01 AM,KXATPCHALLENGERMATCH-26APR18SAFROC-SAF,42,2,41,1,39,1601,38,1084,37,1526,40,47,41,2084,42,2600,43,21,44,2167,41.0
2026-04-18 12:47:01 AM,KXATPCHALLENGERMATCH-26APR18SAFROC-SAF,42,2,41,1,39,1611,38,1084,37,1526,40,47,41,2084,42,2600,43,21,44,2167,41.0
2026-04-18 12:47:01 AM,KXATPCHALLENGERMATCH-26APR18SAFROC-SAF,42,2,41,1,39,1611,38,1084,37,1526,40,47,41,2084,42,2600,43,11,44,2167,41.0
2026-04-18 12:47:01 AM,KXATPCHALLENGERMATCH-26APR18SAFROC-SAF,42,2,41,1,39,1611,38,1084,37,1526,40,47,41,2084,42,2600,43,1,44,2167,41.0
2026-04-18 12:47:01 AM,KXATPCHALLENGERMATCH-26APR18SAFROC-SAF,42,2,41,1,39,1611,38,1084,37,1526,40,47,41,2084,42,2600,43,1,44,2177,41.0
2026-04-18 12:47:01 AM,KXATPCHALLENGERMATCH-26APR18SAFROC-SAF,42,2,41,1,39,1611,38,1084,37,1526,40,47,41,2084,42,2600,43,1,44,2187,41.0
2026-04-18 12:47:09 AM,KXATPCHALLENGERMATCH-26APR18SAFROC-SAF,42,2,41,1,39,1663,38,1084,37,1526,40,47,41,2084,42,2600,43,1,44,2187,41.0
2026-04-18 12:47:22 AM,KXATPCHALLENGERMATCH-26APR18SAFROC-SAF,42,2,41,1,39,1611,38,1084,37,1526,40,47,41,2084,42,2600,43,1,44,2187,41.0
2026-04-18 12:48:25 AM,KXATPCHALLENGERMATCH-26APR18SAFROC-SAF,42,2,41,1,39,1611,38,1084,37,1528,40,47,41,2084,42,2600,43,1,44,2187,41.0
2026-04-18 12:58:28 AM,KXATPCHALLENGERMATCH-26APR18SAFROC-SAF,42,2,41,1,39,1611,38,1084,37,1528,40,36,41,2084,42,2600,43,1,44,2187,41.0
2026-04-18 01:00:00 AM,KXATPCHALLENGERMATCH-26APR18SAFROC-SAF,42,2,41,1,39,1611,38,1084,37,1528,40,36,41,2084,42,2600,43,465,44,2187,41.0
2026-04-18 01:00:00 AM,KXATPCHALLENGERMATCH-26APR18SAFROC-SAF,42,2,41,1,39,1611,38,1084,37,1528,40,36,41,2084,42,2600,43,465,44,1723,41.0
2026-04-18 01:00:11 AM,KXATPCHALLENGERMATCH-26APR18SAFROC-SAF,42,2,41,1,39,1611,38,1084,37,1528,40,36,41,2084,42,2600,43,465,44,2187,41.0
2026-04-18 01:00:11 AM,KXATPCHALLENGERMATCH-26APR18SAFROC-SAF,42,2,41,1,39,1611,38,1084,37,1528,40,36,41,2084,42,2600,43,1,44,2187,41.0
2026-04-18 01:02:49 AM,KXATPCHALLENGERMATCH-26APR18SAFROC-SAF,42,2,41,1,39,1611,38,1084,37,1528,40,36,41,2084,42,2600,43,465,44,2187,41.0
2026-04-18 01:02:49 AM,KXATPCHALLENGERMATCH-26APR18SAFROC-SAF,42,2,41,1,39,1611,38,1084,37,1528,40,36,41,2084,42,2600,43,465,44,1723,41.0
2026-04-18 01:05:39 AM,KXATPCHALLENGERMATCH-26APR18SAFROC-SAF,42,2,41,1,39,1621,38,1084,37,1528,40,36,41,2084,42,2600,43,465,44,1723,41.0
2026-04-18 01:05:40 AM,KXATPCHALLENGERMATCH-26APR18SAFROC-SAF,42,2,41,1,39,1673,38,1084,37,1528,40,36,41,2084,42,2600,43,465,44,1723,41.0
2026-04-18 01:05:40 AM,KXATPCHALLENGERMATCH-26APR18SAFROC-SAF,42,2,41,1,39,1621,38,1084,37,1528,40,36,41,2084,42,2600,43,465,44,1723,41.0
2026-04-18 01:05:59 AM,KXATPCHALLENGERMATCH-26APR18SAFROC-SAF,42,2,41,1,39,1673,38,1084,37,1528,40,36,41,2084,42,2600,43,465,44,1723,41.0
2026-04-18 01:06:01 AM,KXATPCHALLENGERMATCH-26APR18SAFROC-SAF,42,2,41,1,39,1621,38,1084,37,1528,40,36,41,2084,42,2600,43,465,44,1723,41.0
2026-04-18 01:06:17 AM,KXATPCHALLENGERMATCH-26APR18SAFROC-SAF,42,2,41,1,39,1673,38,1084,37,1528,40,36,41,2084,42,2600,43,465,44,1723,41.0
2026-04-18 01:06:29 AM,KXATPCHALLENGERMATCH-26APR18SAFROC-SAF,42,2,41,1,39,1621,38,1084,37,1528,40,36,41,2084,42,2600,43,465,44,1723,41.0
2026-04-18 01:12:06 AM,KXATPCHALLENGERMATCH-26APR18SAFROC-SAF,39,1621,38,1084,37,1528,33,1818,25,400,40,36,41,2084,42,2599,43,464,44,1722,39.5
2026-04-18 01:13:31 AM,KXATPCHALLENGERMATCH-26APR18SAFROC-SAF,39,1621,38,1084,37,1528,25,400,20,158,40,36,41,2084,42,2599,43,464,44,1722,39.5
2026-04-18 01:17:29 AM,KXATPCHALLENGERMATCH-26APR18SAFROC-SAF,39,1621,38,1084,37,1528,25,400,20,158,40,36,41,2084,42,2599,43,464,44,1722,39.5
2026-04-18 01:17:41 AM,KXATPCHALLENGERMATCH-26APR18SAFROC-SAF,39,1621,38,1084,37,1528,25,400,20,158,40,36,41,2084,42,2599,43,464,44,2186,39.5
2026-04-18 01:17:41 AM,KXATPCHALLENGERMATCH-26APR18SAFROC-SAF,39,1621,38,1084,37,1528,25,400,20,158,40,36,41,2084,42,2599,44,2186,45,1346,39.5
2026-04-18 01:17:42 AM,KXATPCHALLENGERMATCH-26APR18SAFROC-SAF,39,1621,38,1084,37,1528,25,400,20,158,40,36,41,2084,42,2599,44,1722,45,1346,39.5
2026-04-18 01:17:49 AM,KXATPCHALLENGERMATCH-26APR18SAFROC-SAF,39,1621,38,1084,37,1528,25,400,20,158,40,36,41,2084,42,2599,43,464,44,1722,39.5
2026-04-18 01:18:40 AM,KXATPCHALLENGERMATCH-26APR18SAFROC-SAF,39,1621,38,1084,37,1528,25,400,20,158,40,34,41,2084,42,2599,43,464,44,1722,39.5
2026-04-18 01:23:35 AM,KXATPCHALLENGERMATCH-26APR18SAFROC-SAF,39,1621,38,1084,37,1528,25,400,20,158,40,11,41,2084,42,2599,43,464,44,1722,39.5
2026-04-18 01:23:35 AM,KXATPCHALLENGERMATCH-26APR18SAFROC-SAF,39,1621,38,1084,37,1528,25,400,20,158,40,11,41,2067,42,2599,43,464,44,1722,39.5
2026-04-18 01:23:35 AM,KXATPCHALLENGERMATCH-26APR18SAFROC-SAF,39,1659,38,1084,37,1528,25,400,20,158,40,11,41,2067,42,2599,43,464,44,1722,39.5
2026-04-18 01:23:35 AM,KXATPCHALLENGERMATCH-26APR18SAFROC-SAF,39,1659,38,1084,37,1528,25,400,20,158,40,37,41,2067,42,2599,43,464,44,1722,39.5
2026-04-18 01:23:38 AM,KXATPCHALLENGERMATCH-26APR18SAFROC-SAF,39,1659,38,1084,37,1528,26,100,25,400,40,37,41,2067,42,2599,43,464,44,1722,39.5
2026-04-18 01:23:43 AM,KXATPCHALLENGERMATCH-26APR18SAFROC-SAF,39,1659,38,1084,37,1528,26,200,25,400,40,37,41,2067,42,2599,43,464,44,1722,39.5
2026-04-18 01:26:38 AM,KXATPCHALLENGERMATCH-26APR18SAFROC-SAF,39,1659,38,1084,37,1528,26,100,25,400,40,37,41,2067,42,2599,43,464,44,1722,39.5
2026-04-18 01:26:38 AM,KXATPCHALLENGERMATCH-26APR18SAFROC-SAF,39,1659,38,1084,37,1528,25,400,20,158,40,37,41,2067,42,2599,43,464,44,1722,39.5
2026-04-18 01:33:05 AM,KXATPCHALLENGERMATCH-26APR18SAFROC-SAF,39,1659,38,1084,37,1528,25,400,20,158,40,27,41,2067,42,2599,43,464,44,1722,39.5
2026-04-18 01:33:05 AM,KXATPCHALLENGERMATCH-26APR18SAFROC-SAF,39,1659,38,1084,37,1528,25,400,20,158,40,1,41,2067,42,2599,43,464,44,1722,39.5
2026-04-18 01:33:05 AM,KXATPCHALLENGERMATCH-26APR18SAFROC-SAF,39,1659,38,1084,37,1528,25,400,20,158,40,1,41,2043,42,2599,43,464,44,1722,39.5
2026-04-18 01:33:05 AM,KXATPCHALLENGERMATCH-26APR18SAFROC-SAF,39,1707,38,1084,37,1528,25,400,20,158,40,1,41,2043,42,2599,43,464,44,1722,39.5
2026-04-18 01:33:05 AM,KXATPCHALLENGERMATCH-26APR18SAFROC-SAF,39,1707,38,1084,37,1528,25,400,20,158,40,25,41,2043,42,2599,43,464,44,1722,39.5
2026-04-18 01:33:55 AM,KXATPCHALLENGERMATCH-26APR18SAFROC-SAF,39,1707,38,1084,37,1528,25,400,20,158,40,25,41,2043,42,2599,43,464,44,2186,39.5
2026-04-18 01:33:55 AM,KXATPCHALLENGERMATCH-26APR18SAFROC-SAF,39,1707,38,1084,37,1528,25,400,20,158,40,25,41,2043,42,2599,44,2186,45,1346,39.5
2026-04-18 01:33:56 AM,KXATPCHALLENGERMATCH-26APR18SAFROC-SAF,39,1707,38,1084,37,1528,25,400,20,158,40,25,41,2043,42,2599,44,1722,45,1346,39.5
2026-04-18 01:34:03 AM,KXATPCHALLENGERMATCH-26APR18SAFROC-SAF,39,1707,38,1084,37,1528,25,400,20,158,40,1,41,2043,42,2599,44,1722,45,1346,39.5
2026-04-18 01:34:03 AM,KXATPCHALLENGERMATCH-26APR18SAFROC-SAF,40,225,39,1707,38,1084,37,1528,25,400,40,1,41,2043,42,2599,44,1722,45,1346,40.0
2026-04-18 01:34:03 AM,KXATPCHALLENGERMATCH-26APR18SAFROC-SAF,40,225,39,1697,38,1084,37,1528,25,400,40,1,41,2043,42,2599,44,1722,45,1346,40.0
2026-04-18 01:34:03 AM,KXATPCHALLENGERMATCH-26APR18SAFROC-SAF,40,225,39,1670,38,1084,37,1528,25,400,40,1,41,2043,42,2599,44,1722,45,1346,40.0
2026-04-18 01:34:03 AM,KXATPCHALLENGERMATCH-26APR18SAFROC-SAF,40,225,39,1670,38,1073,37,1528,25,400,40,1,41,2043,42,2599,44,1722,45,1346,40.0
2026-04-18 01:34:03 AM,KXATPCHALLENGERMATCH-26APR18SAFROC-SAF,40,225,39,1670,38,1073,37,1528,25,400,40,1,41,2043,42,2599,44,1710,45,1346,40.0
2026-04-18 01:34:03 AM,KXATPCHALLENGERMATCH-26APR18SAFROC-SAF,40,225,39,1670,38,1073,37,1528,25,400,40,1,41,2043,42,2599,44,1710,45,1336,40.0
2026-04-18 01:34:08 AM,KXATPCHALLENGERMATCH-26APR18SAFROC-SAF,40,225,39,1670,38,1073,37,1528,25,400,40,1,41,2043,42,2599,43,464,44,1710,40.0
2026-04-18 01:34:08 AM,KXATPCHALLENGERMATCH-26APR18SAFROC-SAF,40,810,39,1670,38,1073,37,1528,25,400,40,1,41,2043,42,2599,43,464,44,1710,40.0
2026-04-18 01:34:08 AM,KXATPCHALLENGERMATCH-26APR18SAFROC-SAF,40,1178,39,1670,38,1073,37,1528,25,400,40,1,41,2043,42,2599,43,464,44,1710,40.0
2026-04-18 01:34:33 AM,KXATPCHALLENGERMATCH-26APR18SAFROC-SAF,40,1178,39,1695,38,1073,37,1528,25,400,40,1,41,2043,42,2599,43,464,44,1710,40.0
2026-04-18 01:34:48 AM,KXATPCHALLENGERMATCH-26APR18SAFROC-SAF,40,1178,39,1695,38,1073,37,1528,33,2060,40,1,41,2043,42,2599,43,464,44,1710,40.0
2026-04-18 01:34:55 AM,KXATPCHALLENGERMATCH-26APR18SAFROC-SAF,40,1178,39,1685,38,1073,37,1528,33,2060,40,1,41,2043,42,2599,43,464,44,1710,40.0
2026-04-18 01:34:55 AM,KXATPCHALLENGERMATCH-26APR18SAFROC-SAF,40,1178,39,1675,38,1073,37,1528,33,2060,40,1,41,2043,42,2599,43,464,44,1710,40.0
2026-04-18 01:34:55 AM,KXATPCHALLENGERMATCH-26APR18SAFROC-SAF,40,1178,39,1665,38,1073,37,1528,33,2060,40,1,41,2043,42,2599,43,464,44,1710,40.0
2026-04-18 01:34:56 AM,KXATPCHALLENGERMATCH-26APR18SAFROC-SAF,40,1188,39,1665,38,1073,37,1528,33,2060,40,1,41,2043,42,2599,43,464,44,1710,40.0
2026-04-18 01:34:56 AM,KXATPCHALLENGERMATCH-26APR18SAFROC-SAF,40,1198,39,1665,38,1073,37,1528,33,2060,40,1,41,2043,42,2599,43,464,44,1710,40.0
2026-04-18 01:44:51 AM,KXATPCHALLENGERMATCH-26APR18SAFROC-SAF,40,1198,39,1379,38,1073,37,1528,33,2060,40,1,41,2043,42,2599,43,464,44,1710,40.0
2026-04-18 01:44:52 AM,KXATPCHALLENGERMATCH-26APR18SAFROC-SAF,40,1198,39,1379,38,1073,37,1528,33,2499,40,1,41,2043,42,2599,43,464,44,1710,40.0
2026-04-18 01:48:33 AM,KXATPCHALLENGERMATCH-26APR18SAFROC-SAF,40,1198,39,1379,38,1073,37,1603,33,2499,40,1,41,2043,42,2599,43,464,44,1710,40.0
2026-04-18 01:48:33 AM,KXATPCHALLENGERMATCH-26APR18SAFROC-SAF,40,1198,39,1379,38,1073,37,1603,33,2499,40,1,41,2043,42,3063,43,464,44,1710,40.0
2026-04-18 01:48:33 AM,KXATPCHALLENGERMATCH-26APR18SAFROC-SAF,40,1198,39,1379,38,1073,37,1603,33,2499,40,1,41,2043,42,2599,43,464,44,1710,40.0
2026-04-18 01:48:33 AM,KXATPCHALLENGERMATCH-26APR18SAFROC-SAF,40,1198,39,1309,38,1073,37,1603,33,2499,40,1,41,2043,42,2599,43,464,44,1710,40.0
2026-04-18 01:48:33 AM,KXATPCHALLENGERMATCH-26APR18SAFROC-SAF,40,1198,39,1309,38,1073,37,1528,33,2499,40,1,41,2043,42,2599,43,464,44,1710,40.0
2026-04-18 01:48:34 AM,KXATPCHALLENGERMATCH-26APR18SAFROC-SAF,40,1198,39,1301,38,1073,37,1528,33,2499,40,1,41,2043,42,2599,43,464,44,1710,40.0
2026-04-18 01:48:34 AM,KXATPCHALLENGERMATCH-26APR18SAFROC-SAF,40,1198,39,1283,38,1073,37,1528,33,2499,40,1,41,2043,42,2599,43,464,44,1710,40.0
2026-04-18 01:48:34 AM,KXATPCHALLENGERMATCH-26APR18SAFROC-SAF,40,830,39,1283,38,1073,37,1528,33,2499,40,1,41,2043,42,2599,43,464,44,1710,40.0
2026-04-18 01:48:34 AM,KXATPCHALLENGERMATCH-26APR18SAFROC-SAF,40,830,39,1283,38,1073,37,1528,33,2499,40,1,41,2043,42,2599,43,911,44,1710,40.0
2026-04-18 01:48:34 AM,KXATPCHALLENGERMATCH-26APR18SAFROC-SAF,40,245,39,1283,38,1073,37,1528,33,2499,40,1,41,2043,42,2599,43,911,44,1710,40.0
2026-04-18 01:48:34 AM,KXATPCHALLENGERMATCH-26APR18SAFROC-SAF,40,245,39,1283,38,1073,37,1528,33,2499,40,1,41,2043,42,2599,43,1582,44,1710,40.0
2026-04-18 01:48:46 AM,KXATPCHALLENGERMATCH-26APR18SAFROC-SAF,40,245,39,1283,38,1149,37,1528,33,2499,40,1,41,2043,42,2599,43,1582,44,1710,40.0
2026-04-18 01:48:46 AM,KXATPCHALLENGERMATCH-26APR18SAFROC-SAF,40,245,39,1283,38,1149,37,1528,33,2499,40,1,41,2043,42,3065,43,1582,44,1710,40.0
2026-04-18 01:48:46 AM,KXATPCHALLENGERMATCH-26APR18SAFROC-SAF,40,245,39,1283,38,1149,37,1528,33,2499,40,1,41,2043,42,3065,43,1118,44,1710,40.0
2026-04-18 01:49:04 AM,KXATPCHALLENGERMATCH-26APR18SAFROC-SAF,40,245,39,1258,38,1149,37,1528,33,2499,40,1,41,2043,42,3065,43,1118,44,1710,40.0
2026-04-18 01:49:04 AM,KXATPCHALLENGERMATCH-26APR18SAFROC-SAF,40,245,39,1233,38,1149,37,1528,33,2499,40,1,41,2043,42,3065,43,1118,44,1710,40.0
2026-04-18 01:49:19 AM,KXATPCHALLENGERMATCH-26APR18SAFROC-SAF,40,245,39,1233,38,1149,37,1528,33,2499,40,1,41,2043,42,3065,43,1584,44,1710,40.0
2026-04-18 01:49:20 AM,KXATPCHALLENGERMATCH-26APR18SAFROC-SAF,40,245,39,1233,38,1149,37,1528,33,2499,40,1,41,2043,42,2599,43,1584,44,1710,40.0
2026-04-18 01:49:20 AM,KXATPCHALLENGERMATCH-26APR18SAFROC-SAF,40,245,39,1306,38,1149,37,1528,33,2499,40,1,41,2043,42,2599,43,1584,44,1710,40.0
2026-04-18 01:49:20 AM,KXATPCHALLENGERMATCH-26APR18SAFROC-SAF,40,245,39,1306,38,1073,37,1528,33,2499,40,1,41,2043,42,2599,43,1584,44,1710,40.0
2026-04-18 01:49:23 AM,KXATPCHALLENGERMATCH-26APR18SAFROC-SAF,40,245,39,1306,38,1073,37,1128,33,2499,40,1,41,2043,42,2599,43,1584,44,1710,40.0
2026-04-18 01:49:28 AM,KXATPCHALLENGERMATCH-26APR18SAFROC-SAF,40,245,39,1306,38,1073,37,1128,36,400,40,1,41,2043,42,2599,43,1584,44,1710,40.0
2026-04-18 01:50:39 AM,KXATPCHALLENGERMATCH-26APR18SAFROC-SAF,40,245,39,1306,38,1148,37,1128,36,400,40,1,41,2043,42,2599,43,1584,44,1710,40.0
2026-04-18 01:50:39 AM,KXATPCHALLENGERMATCH-26APR18SAFROC-SAF,40,245,39,1233,38,1148,37,1128,36,400,40,1,41,2043,42,2599,43,1584,44,1710,40.0
2026-04-18 01:50:39 AM,KXATPCHALLENGERMATCH-26APR18SAFROC-SAF,40,245,39,1233,38,1148,37,1128,36,400,40,1,41,2043,42,3065,43,1584,44,1710,40.0
2026-04-18 01:50:39 AM,KXATPCHALLENGERMATCH-26APR18SAFROC-SAF,40,245,39,1233,38,1148,37,1128,36,400,40,1,41,2043,42,3065,43,1118,44,1710,40.0
2026-04-18 01:50:41 AM,KXATPCHALLENGERMATCH-26APR18SAFROC-SAF,40,245,39,1233,38,1148,37,1128,36,400,40,1,41,2043,42,2599,43,1118,44,1710,40.0
2026-04-18 01:50:53 AM,KXATPCHALLENGERMATCH-26APR18SAFROC-SAF,40,245,39,1307,38,1148,37,1128,36,400,40,1,41,2043,42,2599,43,1118,44,1710,40.0
2026-04-18 01:50:53 AM,KXATPCHALLENGERMATCH-26APR18SAFROC-SAF,40,245,39,1307,38,1148,37,1128,36,400,40,1,41,2043,42,2599,43,1584,44,1710,40.0
2026-04-18 01:50:53 AM,KXATPCHALLENGERMATCH-26APR18SAFROC-SAF,40,245,39,1307,38,1073,37,1128,36,400,40,1,41,2043,42,2599,43,1584,44,1710,40.0
2026-04-18 01:51:28 AM,KXATPCHALLENGERMATCH-26APR18SAFROC-SAF,40,245,39,1307,38,1149,37,1128,36,400,40,1,41,2043,42,2599,43,1584,44,1710,40.0
2026-04-18 01:51:28 AM,KXATPCHALLENGERMATCH-26APR18SAFROC-SAF,40,245,39,1307,38,1149,37,1128,36,400,40,1,41,2043,42,3065,43,1584,44,1710,40.0
2026-04-18 01:51:28 AM,KXATPCHALLENGERMATCH-26APR18SAFROC-SAF,40,245,39,1233,38,1149,37,1128,36,400,40,1,41,2043,42,3065,43,1584,44,1710,40.0
2026-04-18 01:51:28 AM,KXATPCHALLENGERMATCH-26APR18SAFROC-SAF,40,245,39,1233,38,1149,37,1128,36,400,40,1,41,2043,42,3065,43,1118,44,1710,40.0
2026-04-18 01:51:32 AM,KXATPCHALLENGERMATCH-26APR18SAFROC-SAF,40,245,39,1233,38,1073,37,1128,36,400,40,1,41,2043,42,3065,43,1118,44,1710,40.0
2026-04-18 01:51:32 AM,KXATPCHALLENGERMATCH-26APR18SAFROC-SAF,40,245,39,1233,38,1073,37,1128,36,400,40,1,41,2043,42,2599,43,1118,44,1710,40.0
2026-04-18 01:51:37 AM,KXATPCHALLENGERMATCH-26APR18SAFROC-SAF,40,245,39,1233,38,1147,37,1128,36,400,40,1,41,2043,42,2599,43,1118,44,1710,40.0
2026-04-18 01:51:37 AM,KXATPCHALLENGERMATCH-26APR18SAFROC-SAF,40,245,39,1233,38,1147,37,1128,36,400,40,1,41,2043,42,2599,43,1584,44,1710,40.0
2026-04-18 01:51:46 AM,KXATPCHALLENGERMATCH-26APR18SAFROC-SAF,40,245,39,1307,38,1147,37,1128,36,400,40,1,41,2043,42,2599,43,1584,44,1710,40.0
2026-04-18 01:51:48 AM,KXATPCHALLENGERMATCH-26APR18SAFROC-SAF,40,245,39,1307,38,1073,37,1128,36,400,40,1,41,2043,42,2599,43,1584,44,1710,40.0
2026-04-18 01:52:03 AM,KXATPCHALLENGERMATCH-26APR18SAFROC-SAF,40,245,39,1307,38,1148,37,1128,36,400,40,1,41,2043,42,2599,43,1584,44,1710,40.0
2026-04-18 01:52:03 AM,KXATPCHALLENGERMATCH-26APR18SAFROC-SAF,40,245,39,1233,38,1148,37,1128,36,400,40,1,41,2043,42,2599,43,1584,44,1710,40.0
2026-04-18 01:53:09 AM,KXATPCHALLENGERMATCH-26APR18SAFROC-SAF,40,245,39,1233,38,1148,37,1128,36,400,40,1,41,2043,42,3065,43,1584,44,1710,40.0
2026-04-18 01:53:09 AM,KXATPCHALLENGERMATCH-26APR18SAFROC-SAF,40,245,39,1233,38,1148,37,1128,36,400,40,1,41,2043,42,3065,43,1118,44,1710,40.0
2026-04-18 01:53:38 AM,KXATPCHALLENGERMATCH-26APR18SAFROC-SAF,40,245,39,1233,38,1148,37,1128,36,400,40,1,41,2043,42,3065,43,1584,44,1710,40.0
2026-04-18 01:53:38 AM,KXATPCHALLENGERMATCH-26APR18SAFROC-SAF,40,245,39,1233,38,1148,37,1128,36,400,40,1,41,2043,42,2599,43,1584,44,1710,40.0
2026-04-18 01:53:41 AM,KXATPCHALLENGERMATCH-26APR18SAFROC-SAF,40,245,39,1307,38,1148,37,1128,36,400,40,1,41,2043,42,2599,43,1584,44,1710,40.0
2026-04-18 01:53:41 AM,KXATPCHALLENGERMATCH-26APR18SAFROC-SAF,40,245,39,1307,38,1073,37,1128,36,400,40,1,41,2043,42,2599,43,1584,44,1710,40.0
2026-04-18 01:56:40 AM,KXATPCHALLENGERMATCH-26APR18SAFROC-SAF,40,245,39,1307,38,1149,37,1128,36,400,40,1,41,2043,42,2599,43,1584,44,1710,40.0
2026-04-18 01:56:40 AM,KXATPCHALLENGERMATCH-26APR18SAFROC-SAF,40,245,39,1307,38,1149,37,1128,36,400,40,1,41,2043,42,3065,43,1584,44,1710,40.0
2026-04-18 01:56:40 AM,KXATPCHALLENGERMATCH-26APR18SAFROC-SAF,40,245,39,1233,38,1149,37,1128,36,400,40,1,41,2043,42,3065,43,1584,44,1710,40.0
2026-04-18 01:56:40 AM,KXATPCHALLENGERMATCH-26APR18SAFROC-SAF,40,245,39,1233,38,1149,37,1128,36,400,40,1,41,2043,42,3065,43,1118,44,1710,40.0
2026-04-18 01:57:12 AM,KXATPCHALLENGERMATCH-26APR18SAFROC-SAF,40,245,39,1233,38,1149,37,1128,36,400,40,1,41,2043,42,3065,43,1584,44,1710,40.0
2026-04-18 01:57:12 AM,KXATPCHALLENGERMATCH-26APR18SAFROC-SAF,40,245,39,1233,38,1149,37,1128,36,400,40,1,41,2043,42,2599,43,1584,44,1710,40.0
2026-04-18 01:57:47 AM,KXATPCHALLENGERMATCH-26APR18SAFROC-SAF,40,245,39,1307,38,1149,37,1128,36,400,40,1,41,2043,42,2599,43,1584,44,1710,40.0
2026-04-18 01:57:47 AM,KXATPCHALLENGERMATCH-26APR18SAFROC-SAF,40,245,39,1307,38,1149,37,1128,36,400,40,1,41,2043,42,3065,43,1584,44,1710,40.0
2026-04-18 01:57:47 AM,KXATPCHALLENGERMATCH-26APR18SAFROC-SAF,40,245,39,1233,38,1149,37,1128,36,400,40,1,41,2043,42,3065,43,1584,44,1710,40.0
2026-04-18 01:57:47 AM,KXATPCHALLENGERMATCH-26APR18SAFROC-SAF,40,245,39,1233,38,1149,37,1128,36,400,40,1,41,2043,42,3065,43,1118,44,1710,40.0
2026-04-18 01:57:51 AM,KXATPCHALLENGERMATCH-26APR18SAFROC-SAF,40,245,39,1233,38,1149,37,1128,36,400,40,1,41,2043,42,2599,43,1118,44,1710,40.0
2026-04-18 01:57:55 AM,KXATPCHALLENGERMATCH-26APR18SAFROC-SAF,40,245,39,1307,38,1149,37,1128,36,400,40,1,41,2043,42,2599,43,1118,44,1710,40.0
2026-04-18 01:57:55 AM,KXATPCHALLENGERMATCH-26APR18SAFROC-SAF,40,245,39,1307,38,1149,37,1128,36,400,40,1,41,2043,42,2599,43,1584,44,1710,40.0
2026-04-18 01:57:56 AM,KXATPCHALLENGERMATCH-26APR18SAFROC-SAF,40,245,39,1307,38,1073,37,1128,36,400,40,1,41,2043,42,2599,43,1584,44,1710,40.0
2026-04-18 02:02:50 AM,KXATPCHALLENGERMATCH-26APR18SAFROC-SAF,40,245,39,1307,38,1148,37,1128,36,400,40,1,41,2043,42,2599,43,1584,44,1710,40.0
2026-04-18 02:02:50 AM,KXATPCHALLENGERMATCH-26APR18SAFROC-SAF,40,245,39,1233,38,1148,37,1128,36,400,40,1,41,2043,42,2599,43,1584,44,1710,40.0
2026-04-18 02:03:04 AM,KXATPCHALLENGERMATCH-26APR18SAFROC-SAF,40,245,39,1307,38,1148,37,1128,36,400,40,1,41,2043,42,2599,43,1584,44,1710,40.0
2026-04-18 02:03:04 AM,KXATPCHALLENGERMATCH-26APR18SAFROC-SAF,40,245,39,1307,38,1073,37,1128,36,400,40,1,41,2043,42,2599,43,1584,44,1710,40.0
2026-04-18 02:04:04 AM,KXATPCHALLENGERMATCH-26APR18SAFROC-SAF,40,235,39,1307,38,1073,37,1128,36,400,40,1,41,2043,42,2599,43,1584,44,1710,40.0
2026-04-18 02:04:04 AM,KXATPCHALLENGERMATCH-26APR18SAFROC-SAF,40,225,39,1307,38,1073,37,1128,36,400,40,1,41,2043,42,2599,43,1584,44,1710,40.0
2026-04-18 02:04:04 AM,KXATPCHALLENGERMATCH-26APR18SAFROC-SAF,40,225,39,1317,38,1073,37,1128,36,400,40,1,41,2043,42,2599,43,1584,44,1710,40.0
2026-04-18 02:04:04 AM,KXATPCHALLENGERMATCH-26APR18SAFROC-SAF,40,225,39,1327,38,1073,37,1128,36,400,40,1,41,2043,42,2599,43,1584,44,1710,40.0
2026-04-18 02:04:04 AM,KXATPCHALLENGERMATCH-26APR18SAFROC-SAF,40,225,39,1327,38,1149,37,1128,36,400,40,1,41,2043,42,2599,43,1584,44,1710,40.0
2026-04-18 02:04:04 AM,KXATPCHALLENGERMATCH-26APR18SAFROC-SAF,40,225,39,1327,38,1149,37,1128,36,400,40,1,41,2043,42,3065,43,1584,44,1710,40.0
2026-04-18 02:04:04 AM,KXATPCHALLENGERMATCH-26APR18SAFROC-SAF,40,225,39,1327,38,1149,37,1128,36,400,40,1,41,2043,42,3065,43,1584,44,1700,40.0
2026-04-18 02:04:04 AM,KXATPCHALLENGERMATCH-26APR18SAFROC-SAF,40,225,39,1327,38,1149,37,1128,36,400,40,1,41,2043,42,3065,43,1584,44,1690,40.0
2026-04-18 02:04:04 AM,KXATPCHALLENGERMATCH-26APR18SAFROC-SAF,40,225,39,1253,38,1149,37,1128,36,400,40,1,41,2043,42,3065,43,1584,44,1690,40.0
2026-04-18 02:04:04 AM,KXATPCHALLENGERMATCH-26APR18SAFROC-SAF,40,225,39,1253,38,1149,37,1128,36,400,40,1,41,2043,42,3065,43,1594,44,1690,40.0
2026-04-18 02:04:04 AM,KXATPCHALLENGERMATCH-26APR18SAFROC-SAF,40,225,39,1253,38,1149,37,1128,36,400,40,1,41,2043,42,3065,43,1604,44,1690,40.0
2026-04-18 02:04:04 AM,KXATPCHALLENGERMATCH-26APR18SAFROC-SAF,40,225,39,1253,38,1149,37,1128,36,400,40,1,41,2043,42,3065,43,1138,44,1690,40.0
2026-04-18 02:04:06 AM,KXATPCHALLENGERMATCH-26APR18SAFROC-SAF,40,225,39,1253,38,1149,37,1128,36,400,40,1,41,2043,42,2599,43,1138,44,1690,40.0
2026-04-18 02:04:15 AM,KXATPCHALLENGERMATCH-26APR18SAFROC-SAF,40,225,39,1327,38,1149,37,1128,36,400,40,1,41,2043,42,2599,43,1138,44,1690,40.0
2026-04-18 02:04:15 AM,KXATPCHALLENGERMATCH-26APR18SAFROC-SAF,40,225,39,1327,38,1149,37,1128,36,400,40,1,41,2043,42,2599,43,1604,44,1690,40.0
2026-04-18 02:04:15 AM,KXATPCHALLENGERMATCH-26APR18SAFROC-SAF,40,225,39,1327,38,1073,37,1128,36,400,40,1,41,2043,42,2599,43,1604,44,1690,40.0
2026-04-18 02:06:02 AM,KXATPCHALLENGERMATCH-26APR18SAFROC-SAF,40,252,39,1327,38,1073,37,1128,36,400,40,1,41,2043,42,2599,43,1604,44,1690,40.0
2026-04-18 02:06:02 AM,KXATPCHALLENGERMATCH-26APR18SAFROC-SAF,40,252,39,1337,38,1073,37,1128,36,400,40,1,41,2043,42,2599,43,1604,44,1690,40.0
2026-04-18 02:06:02 AM,KXATPCHALLENGERMATCH-26APR18SAFROC-SAF,40,252,39,1337,38,1073,37,1128,36,400,40,1,41,2043,42,2599,43,1604,44,1702,40.0
2026-04-18 02:09:34 AM,KXATPCHALLENGERMATCH-26APR18SAFROC-SAF,40,252,39,1337,38,1073,37,1128,36,400,40,1,41,2032,42,2599,43,1604,44,1702,40.0
2026-04-18 02:19:24 AM,KXATPCHALLENGERMATCH-26APR18SAFROC-SAF,40,252,39,1337,38,1146,37,1128,36,400,40,1,41,2032,42,2599,43,1604,44,1702,40.0
2026-04-18 02:19:24 AM,KXATPCHALLENGERMATCH-26APR18SAFROC-SAF,40,252,39,1263,38,1146,37,1128,36,400,40,1,41,2032,42,2599,43,1604,44,1702,40.0
2026-04-18 02:19:25 AM,KXATPCHALLENGERMATCH-26APR18SAFROC-SAF,40,252,39,1263,38,1073,37,1128,36,400,40,1,41,2032,42,2599,43,1604,44,1702,40.0
2026-04-18 02:19:32 AM,KXATPCHALLENGERMATCH-26APR18SAFROC-SAF,40,252,39,1334,38,1073,37,1128,36,400,40,1,41,2032,42,2599,43,1604,44,1702,40.0
2026-04-18 02:19:59 AM,KXATPCHALLENGERMATCH-26APR18SAFROC-SAF,40,252,39,1334,38,1147,37,1128,36,400,40,1,41,2032,42,2599,43,1604,44,1702,40.0
2026-04-18 02:19:59 AM,KXATPCHALLENGERMATCH-26APR18SAFROC-SAF,40,252,39,1334,38,1147,37,1128,36,400,40,1,41,2032,42,3064,43,1604,44,1702,40.0
2026-04-18 02:19:59 AM,KXATPCHALLENGERMATCH-26APR18SAFROC-SAF,40,252,39,1263,38,1147,37,1128,36,400,40,1,41,2032,42,3064,43,1604,44,1702,40.0
2026-04-18 02:19:59 AM,KXATPCHALLENGERMATCH-26APR18SAFROC-SAF,40,252,39,1263,38,1147,37,1128,36,400,40,1,41,2032,42,2599,43,1604,44,1702,40.0
2026-04-18 02:20:07 AM,KXATPCHALLENGERMATCH-26APR18SAFROC-SAF,40,252,39,1335,38,1147,37,1128,36,400,40,1,41,2032,42,2599,43,1604,44,1702,40.0
2026-04-18 02:20:10 AM,KXATPCHALLENGERMATCH-26APR18SAFROC-SAF,40,252,39,1335,38,1073,37,1128,36,400,40,1,41,2032,42,2599,43,1604,44,1702,40.0
2026-04-18 02:20:26 AM,KXATPCHALLENGERMATCH-26APR18SAFROC-SAF,40,225,39,1335,38,1073,37,1128,36,400,40,1,41,2032,42,2599,43,1604,44,1702,40.0
2026-04-18 02:20:26 AM,KXATPCHALLENGERMATCH-26APR18SAFROC-SAF,40,242,39,1335,38,1073,37,1128,36,400,40,1,41,2032,42,2599,43,1604,44,1702,40.0
2026-04-18 02:20:41 AM,KXATPCHALLENGERMATCH-26APR18SAFROC-SAF,40,312,39,1335,38,1073,37,1128,36,400,40,1,41,2032,42,2599,43,1604,44,1702,40.0
2026-04-18 02:20:41 AM,KXATPCHALLENGERMATCH-26APR18SAFROC-SAF,40,312,39,1335,38,1073,37,1128,36,400,40,1,41,2032,42,2599,43,1604,44,2167,40.0
2026-04-18 02:20:41 AM,KXATPCHALLENGERMATCH-26APR18SAFROC-SAF,40,312,39,1335,38,1073,37,1128,36,400,40,1,41,2032,42,2599,43,1138,44,2167,40.0
2026-04-18 02:20:42 AM,KXATPCHALLENGERMATCH-26APR18SAFROC-SAF,40,242,39,1335,38,1073,37,1128,36,400,40,1,41,2032,42,2599,43,1138,44,2167,40.0
2026-04-18 02:20:48 AM,KXATPCHALLENGERMATCH-26APR18SAFROC-SAF,40,242,39,1335,38,1073,37,1128,36,400,40,1,41,2032,42,2599,43,1150,44,2167,40.0
2026-04-18 02:20:53 AM,KXATPCHALLENGERMATCH-26APR18SAFROC-SAF,40,242,39,1335,38,1073,37,1128,36,400,40,1,41,2032,42,2599,43,1615,44,2167,40.0
2026-04-18 02:20:53 AM,KXATPCHALLENGERMATCH-26APR18SAFROC-SAF,40,242,39,1335,38,1073,37,1128,36,400,40,1,41,2032,42,2599,43,1615,44,1702,40.0
2026-04-18 02:21:07 AM,KXATPCHALLENGERMATCH-26APR18SAFROC-SAF,40,242,39,1335,38,1073,37,1128,36,400,40,1,41,1997,42,2599,43,1615,44,1702,40.0
2026-04-18 02:22:27 AM,KXATPCHALLENGERMATCH-26APR18SAFROC-SAF,40,242,39,1335,38,1073,37,1128,36,400,40,1,41,1997,42,2599,43,1615,44,1752,40.0
2026-04-18 02:22:33 AM,KXATPCHALLENGERMATCH-26APR18SAFROC-SAF,40,242,39,1335,38,1073,37,1128,36,400,40,1,41,1997,42,2599,43,1615,44,1762,40.0
2026-04-18 02:31:33 AM,KXATPCHALLENGERMATCH-26APR18SAFROC-SAF,40,242,39,1335,38,1073,37,1126,36,400,40,1,41,1997,42,2599,43,1615,44,1762,40.0
2026-04-18 02:31:33 AM,KXATPCHALLENGERMATCH-26APR18SAFROC-SAF,40,242,39,1335,38,1073,37,1124,36,400,40,1,41,1997,42,2599,43,1615,44,1762,40.0
2026-04-18 02:32:26 AM,KXATPCHALLENGERMATCH-26APR18SAFROC-SAF,40,242,39,1335,38,1073,37,1124,36,400,40,1,41,1997,42,2599,43,1615,44,1712,40.0
2026-04-18 02:32:26 AM,KXATPCHALLENGERMATCH-26APR18SAFROC-SAF,40,242,39,1335,38,1073,37,1124,36,400,40,1,41,1997,42,2599,43,1615,44,1762,40.0
2026-04-18 02:32:33 AM,KXATPCHALLENGERMATCH-26APR18SAFROC-SAF,40,242,39,1335,38,1073,37,1124,36,400,40,1,41,1997,42,2599,43,1615,44,1752,40.0
2026-04-18 02:32:33 AM,KXATPCHALLENGERMATCH-26APR18SAFROC-SAF,40,242,39,1335,38,1073,37,1124,36,400,40,1,41,1997,42,2599,43,1615,44,1762,40.0
2026-04-18 02:42:26 AM,KXATPCHALLENGERMATCH-26APR18SAFROC-SAF,40,242,39,1335,38,1073,37,1124,36,400,40,1,41,1997,42,2599,43,1615,44,1712,40.0
2026-04-18 02:42:27 AM,KXATPCHALLENGERMATCH-26APR18SAFROC-SAF,40,242,39,1335,38,1073,37,1124,36,400,40,1,41,1997,42,2599,43,1615,44,1762,40.0
2026-04-18 02:42:33 AM,KXATPCHALLENGERMATCH-26APR18SAFROC-SAF,40,242,39,1335,38,1073,37,1124,36,400,40,1,41,1997,42,2599,43,1615,44,1752,40.0
2026-04-18 02:42:33 AM,KXATPCHALLENGERMATCH-26APR18SAFROC-SAF,40,242,39,1335,38,1073,37,1124,36,400,40,1,41,1997,42,2599,43,1615,44,1762,40.0
2026-04-18 02:42:34 AM,KXATPCHALLENGERMATCH-26APR18SAFROC-SAF,40,242,39,1335,38,1073,37,1124,36,400,40,1,41,1997,42,2458,43,1615,44,1762,40.0
2026-04-18 02:43:49 AM,KXATPCHALLENGERMATCH-26APR18SAFROC-SAF,40,242,39,1335,38,1073,37,1024,36,400,40,1,41,1997,42,2458,43,1615,44,1762,40.0
2026-04-18 02:43:49 AM,KXATPCHALLENGERMATCH-26APR18SAFROC-SAF,40,242,39,1335,38,1067,37,1024,36,400,40,1,41,1997,42,2458,43,1615,44,1762,40.0
2026-04-18 02:43:49 AM,KXATPCHALLENGERMATCH-26APR18SAFROC-SAF,40,17,39,1335,38,1067,37,1024,36,400,40,1,41,1997,42,2458,43,1615,44,1762,40.0
2026-04-18 02:43:49 AM,KXATPCHALLENGERMATCH-26APR18SAFROC-SAF,39,1335,38,1067,37,1024,36,400,33,2318,40,1,41,1997,42,2458,43,1615,44,1762,39.5
2026-04-18 02:43:49 AM,KXATPCHALLENGERMATCH-26APR18SAFROC-SAF,39,902,38,1067,37,1024,36,400,33,2318,40,1,41,1997,42,2458,43,1615,44,1762,39.5
2026-04-18 02:43:49 AM,KXATPCHALLENGERMATCH-26APR18SAFROC-SAF,39,762,38,1067,37,1024,36,400,33,2318,40,1,41,1997,42,2458,43,1615,44,1762,39.5
2026-04-18 02:43:49 AM,KXATPCHALLENGERMATCH-26APR18SAFROC-SAF,39,741,38,1067,37,1024,36,400,33,2318,40,1,41,1997,42,2458,43,1615,44,1762,39.5
2026-04-18 02:43:49 AM,KXATPCHALLENGERMATCH-26APR18SAFROC-SAF,39,741,38,1032,37,1024,36,400,33,2318,40,1,41,1997,42,2458,43,1615,44,1762,39.5
2026-04-18 02:43:49 AM,KXATPCHALLENGERMATCH-26APR18SAFROC-SAF,39,741,38,973,37,1024,36,400,33,2318,40,1,41,1997,42,2458,43,1615,44,1762,39.5
2026-04-18 02:43:49 AM,KXATPCHALLENGERMATCH-26APR18SAFROC-SAF,39,736,38,973,37,1024,36,400,33,2318,40,1,41,1997,42,2458,43,1615,44,1762,39.5
2026-04-18 02:43:49 AM,KXATPCHALLENGERMATCH-26APR18SAFROC-SAF,39,731,38,973,37,1024,36,400,33,2318,40,1,41,1997,42,2458,43,1615,44,1762,39.5
2026-04-18 02:43:49 AM,KXATPCHALLENGERMATCH-26APR18SAFROC-SAF,39,706,38,973,37,1024,36,400,33,2318,40,1,41,1997,42,2458,43,1615,44,1762,39.5
2026-04-18 02:43:49 AM,KXATPCHALLENGERMATCH-26APR18SAFROC-SAF,39,706,38,973,37,1024,36,400,20,158,40,1,41,1997,42,2458,43,1615,44,1762,39.5
2026-04-18 02:43:49 AM,KXATPCHALLENGERMATCH-26APR18SAFROC-SAF,39,706,38,973,37,1024,36,400,20,1278,40,1,41,1997,42,2458,43,1615,44,1762,39.5
2026-04-18 02:43:49 AM,KXATPCHALLENGERMATCH-26APR18SAFROC-SAF,39,706,38,973,37,1024,36,400,20,1278,40,1,41,1954,42,2458,43,1615,44,1762,39.5
2026-04-18 02:43:49 AM,KXATPCHALLENGERMATCH-26APR18SAFROC-SAF,39,706,38,973,37,1024,36,400,20,1278,40,1,41,1954,42,2458,43,1615,44,1712,39.5
2026-04-18 02:43:49 AM,KXATPCHALLENGERMATCH-26APR18SAFROC-SAF,39,706,38,973,37,1024,36,400,20,1278,40,1,41,2004,42,2458,43,1615,44,1712,39.5
2026-04-18 02:43:49 AM,KXATPCHALLENGERMATCH-26APR18SAFROC-SAF,39,723,38,973,37,1024,36,400,20,1278,40,1,41,2004,42,2458,43,1615,44,1712,39.5
2026-04-18 02:43:49 AM,KXATPCHALLENGERMATCH-26APR18SAFROC-SAF,39,723,38,973,37,1024,36,400,20,158,40,1,41,2004,42,2458,43,1615,44,1712,39.5
2026-04-18 02:43:49 AM,KXATPCHALLENGERMATCH-26APR18SAFROC-SAF,39,723,38,973,37,1024,36,400,31,9,40,1,41,2004,42,2458,43,1615,44,1712,39.5
2026-04-18 02:43:49 AM,KXATPCHALLENGERMATCH-26APR18SAFROC-SAF,39,723,38,984,37,1024,36,400,31,9,40,1,41,2004,42,2458,43,1615,44,1712,39.5
2026-04-18 02:43:49 AM,KXATPCHALLENGERMATCH-26APR18SAFROC-SAF,39,723,38,984,37,1024,36,400,31,16,40,1,41,2004,42,2458,43,1615,44,1712,39.5
2026-04-18 02:43:49 AM,KXATPCHALLENGERMATCH-26APR18SAFROC-SAF,39,723,38,984,37,1024,36,400,31,16,40,1,41,2004,42,2458,43,1615,44,1702,39.5
2026-04-18 02:43:49 AM,KXATPCHALLENGERMATCH-26APR18SAFROC-SAF,39,723,38,984,37,1024,36,400,31,16,40,1,41,2014,42,2458,43,1615,44,1702,39.5
2026-04-18 02:43:49 AM,KXATPCHALLENGERMATCH-26APR18SAFROC-SAF,39,119,38,984,37,1024,36,400,31,16,40,1,41,2014,42,2458,43,1615,44,1702,39.5
2026-04-18 02:43:49 AM,KXATPCHALLENGERMATCH-26APR18SAFROC-SAF,39,119,38,597,37,1024,36,400,31,16,40,1,41,2014,42,2458,43,1615,44,1702,39.5
2026-04-18 02:43:50 AM,KXATPCHALLENGERMATCH-26APR18SAFROC-SAF,39,119,38,597,37,1024,36,400,31,16,40,1,41,2014,42,3051,43,1615,44,1702,39.5
2026-04-18 02:43:50 AM,KXATPCHALLENGERMATCH-26APR18SAFROC-SAF,39,119,38,597,37,1024,36,850,31,16,40,1,41,2014,42,3051,43,1615,44,1702,39.5
2026-04-18 02:43:50 AM,KXATPCHALLENGERMATCH-26APR18SAFROC-SAF,39,61,38,597,37,1024,36,850,31,16,40,1,41,2014,42,3051,43,1615,44,1702,39.5
2026-04-18 02:43:50 AM,KXATPCHALLENGERMATCH-26APR18SAFROC-SAF,39,61,38,614,37,1024,36,850,31,16,40,1,41,2014,42,3051,43,1615,44,1702,39.5
2026-04-18 02:43:50 AM,KXATPCHALLENGERMATCH-26APR18SAFROC-SAF,39,61,38,614,37,1024,36,850,31,16,40,1,41,2014,42,3516,43,1615,44,1702,39.5
2026-04-18 02:43:50 AM,KXATPCHALLENGERMATCH-26APR18SAFROC-SAF,39,61,38,614,37,1024,36,850,31,16,40,1,41,2458,42,3516,43,1615,44,1702,39.5
2026-04-18 02:43:50 AM,KXATPCHALLENGERMATCH-26APR18SAFROC-SAF,39,61,38,614,37,1024,36,850,31,16,40,1,41,2458,42,3897,43,1615,44,1702,39.5
2026-04-18 02:43:50 AM,KXATPCHALLENGERMATCH-26APR18SAFROC-SAF,39,47,38,614,37,1024,36,850,31,16,40,1,41,2458,42,3897,43,1615,44,1702,39.5
2026-04-18 02:43:50 AM,KXATPCHALLENGERMATCH-26APR18SAFROC-SAF,39,47,38,614,37,1024,36,850,31,16,40,1,41,2458,42,2897,43,1615,44,1702,39.5
2026-04-18 02:43:50 AM,KXATPCHALLENGERMATCH-26APR18SAFROC-SAF,39,47,38,614,37,1024,36,850,31,16,40,2953,41,2458,42,2897,43,1615,44,1702,39.5
2026-04-18 02:43:50 AM,KXATPCHALLENGERMATCH-26APR18SAFROC-SAF,39,47,38,614,37,1024,36,850,31,16,40,2953,41,1506,42,2897,43,1615,44,1702,39.5
2026-04-18 02:43:50 AM,KXATPCHALLENGERMATCH-26APR18SAFROC-SAF,39,47,38,614,37,1024,36,850,31,16,40,2953,41,1506,42,2906,43,1615,44,1702,39.5
2026-04-18 02:43:50 AM,KXATPCHALLENGERMATCH-26APR18SAFROC-SAF,39,47,38,614,37,1024,36,850,31,16,40,2953,41,1506,42,2906,43,1615,44,1690,39.5
2026-04-18 02:43:50 AM,KXATPCHALLENGERMATCH-26APR18SAFROC-SAF,39,47,38,614,37,1024,36,850,31,16,40,2953,41,1506,42,2906,43,1150,44,1690,39.5
2026-04-18 02:43:50 AM,KXATPCHALLENGERMATCH-26APR18SAFROC-SAF,39,47,38,614,37,1024,36,850,20,158,40,2953,41,1506,42,2906,43,1150,44,1690,39.5
2026-04-18 02:43:50 AM,KXATPCHALLENGERMATCH-26APR18SAFROC-SAF,39,47,38,614,37,1024,36,850,32,1293,40,2953,41,1506,42,2906,43,1150,44,1690,39.5
2026-04-18 02:43:50 AM,KXATPCHALLENGERMATCH-26APR18SAFROC-SAF,39,47,38,597,37,1024,36,850,32,1293,40,2953,41,1506,42,2906,43,1150,44,1690,39.5
2026-04-18 02:43:51 AM,KXATPCHALLENGERMATCH-26APR18SAFROC-SAF,39,47,38,597,37,1024,36,850,32,1293,40,2953,41,1506,42,2441,43,1150,44,1690,39.5
2026-04-18 02:43:51 AM,KXATPCHALLENGERMATCH-26APR18SAFROC-SAF,39,47,38,597,37,1024,36,850,32,1293,40,2953,41,1456,42,2441,43,1150,44,1690,39.5
2026-04-18 02:43:51 AM,KXATPCHALLENGERMATCH-26APR18SAFROC-SAF,39,47,38,597,37,1024,36,850,32,1293,40,3003,41,1456,42,2441,43,1150,44,1690,39.5
2026-04-18 02:43:51 AM,KXATPCHALLENGERMATCH-26APR18SAFROC-SAF,39,47,38,597,37,1024,36,850,32,1293,40,3003,41,1446,42,2441,43,1150,44,1690,39.5
2026-04-18 02:43:51 AM,KXATPCHALLENGERMATCH-26APR18SAFROC-SAF,39,47,38,597,37,1024,36,850,32,1293,40,3013,41,1446,42,2441,43,1150,44,1690,39.5
2026-04-18 02:43:57 AM,KXATPCHALLENGERMATCH-26APR18SAFROC-SAF,39,47,38,1029,37,1024,36,850,32,1293,40,3013,41,1446,42,2441,43,1150,44,1690,39.5
2026-04-18 02:43:58 AM,KXATPCHALLENGERMATCH-26APR18SAFROC-SAF,39,47,38,1029,37,1467,36,850,32,1293,40,3013,41,1446,42,2441,43,1150,44,1690,39.5
2026-04-18 02:43:58 AM,KXATPCHALLENGERMATCH-26APR18SAFROC-SAF,39,118,38,1029,37,1467,36,850,32,1293,40,3013,41,1446,42,2441,43,1150,44,1690,39.5
2026-04-18 02:43:58 AM,KXATPCHALLENGERMATCH-26APR18SAFROC-SAF,39,118,38,1029,37,1467,36,850,32,1293,40,3013,41,1446,42,2441,43,1618,44,1690,39.5
2026-04-18 02:43:58 AM,KXATPCHALLENGERMATCH-26APR18SAFROC-SAF,39,47,38,1029,37,1467,36,850,32,1293,40,3013,41,1446,42,2441,43,1618,44,1690,39.5
2026-04-18 02:43:58 AM,KXATPCHALLENGERMATCH-26APR18SAFROC-SAF,39,47,38,1029,37,1467,36,850,32,1955,40,3013,41,1446,42,2441,43,1618,44,1690,39.5
2026-04-18 02:44:05 AM,KXATPCHALLENGERMATCH-26APR18SAFROC-SAF,39,47,38,1029,37,1467,36,850,32,1955,40,4455,41,1446,42,2441,43,1618,44,1690,39.5
2026-04-18 02:44:05 AM,KXATPCHALLENGERMATCH-26APR18SAFROC-SAF,39,47,38,1029,37,1467,36,850,32,1955,40,4455,41,1446,42,2505,43,1618,44,1690,39.5
2026-04-18 02:44:27 AM,KXATPCHALLENGERMATCH-26APR18SAFROC-SAF,39,118,38,1029,37,1467,36,850,32,1955,40,4455,41,1446,42,2505,43,1618,44,1690,39.5
2026-04-18 02:45:04 AM,KXATPCHALLENGERMATCH-26APR18SAFROC-SAF,39,108,38,1029,37,1467,36,850,32,1955,40,4455,41,1446,42,2505,43,1618,44,1690,39.5
2026-04-18 02:45:04 AM,KXATPCHALLENGERMATCH-26APR18SAFROC-SAF,39,91,38,1029,37,1467,36,850,32,1955,40,4455,41,1446,42,2505,43,1618,44,1690,39.5
2026-04-18 02:45:04 AM,KXATPCHALLENGERMATCH-26APR18SAFROC-SAF,39,91,38,1029,37,1467,36,850,32,1955,40,4455,41,1446,42,2505,43,1606,44,1690,39.5
2026-04-18 02:45:04 AM,KXATPCHALLENGERMATCH-26APR18SAFROC-SAF,39,91,38,1029,37,1467,36,850,32,1955,40,4455,41,1455,42,2505,43,1606,44,1690,39.5
2026-04-18 02:45:04 AM,KXATPCHALLENGERMATCH-26APR18SAFROC-SAF,39,102,38,1029,37,1467,36,850,32,1955,40,4455,41,1455,42,2505,43,1606,44,1690,39.5
2026-04-18 02:48:50 AM,KXATPCHALLENGERMATCH-26APR18SAFROC-SAF,39,92,38,1029,37,1467,36,850,32,1955,40,4455,41,1455,42,2505,43,1606,44,1690,39.5
2026-04-18 02:48:50 AM,KXATPCHALLENGERMATCH-26APR18SAFROC-SAF,39,82,38,1029,37,1467,36,850,32,1955,40,4455,41,1455,42,2505,43,1606,44,1690,39.5
2026-04-18 02:48:50 AM,KXATPCHALLENGERMATCH-26APR18SAFROC-SAF,39,42,38,1029,37,1467,36,850,32,1955,40,4455,41,1455,42,2505,43,1606,44,1690,39.5
2026-04-18 02:48:50 AM,KXATPCHALLENGERMATCH-26APR18SAFROC-SAF,39,11,38,1029,37,1467,36,850,32,1955,40,4455,41,1455,42,2505,43,1606,44,1690,39.5
2026-04-18 02:48:50 AM,KXATPCHALLENGERMATCH-26APR18SAFROC-SAF,38,1029,37,1467,36,850,32,1955,20,158,40,4455,41,1455,42,2505,43,1606,44,1690,39.0
2026-04-18 02:48:50 AM,KXATPCHALLENGERMATCH-26APR18SAFROC-SAF,38,1012,37,1467,36,850,32,1955,20,158,40,4455,41,1455,42,2505,43,1606,44,1690,39.0
2026-04-18 02:48:50 AM,KXATPCHALLENGERMATCH-26APR18SAFROC-SAF,38,1012,37,1467,36,850,32,1955,20,158,40,4405,41,1455,42,2505,43,1606,44,1690,39.0
2026-04-18 02:48:50 AM,KXATPCHALLENGERMATCH-26APR18SAFROC-SAF,38,1012,37,1467,36,850,32,1955,20,158,40,4395,41,1455,42,2505,43,1606,44,1690,39.0
2026-04-18 02:48:50 AM,KXATPCHALLENGERMATCH-26APR18SAFROC-SAF,38,1022,37,1467,36,850,32,1955,20,158,40,4395,41,1455,42,2505,43,1606,44,1690,39.0
2026-04-18 02:48:50 AM,KXATPCHALLENGERMATCH-26APR18SAFROC-SAF,38,1022,37,1477,36,850,32,1955,20,158,40,4395,41,1455,42,2505,43,1606,44,1690,39.0
2026-04-18 02:48:50 AM,KXATPCHALLENGERMATCH-26APR18SAFROC-SAF,38,1022,37,1477,36,850,32,1955,20,158,40,4405,41,1455,42,2505,43,1606,44,1690,39.0
2026-04-18 02:48:50 AM,KXATPCHALLENGERMATCH-26APR18SAFROC-SAF,38,1022,37,1477,36,850,32,1955,20,158,40,4455,41,1455,42,2505,43,1606,44,1690,39.0
2026-04-18 02:48:50 AM,KXATPCHALLENGERMATCH-26APR18SAFROC-SAF,38,1022,37,1477,36,850,32,1955,20,158,40,4455,41,502,42,2505,43,1606,44,1690,39.0
2026-04-18 02:48:50 AM,KXATPCHALLENGERMATCH-26APR18SAFROC-SAF,38,1022,37,1477,36,850,32,1955,20,158,40,4455,41,456,42,2505,43,1606,44,1690,39.0
2026-04-18 02:48:50 AM,KXATPCHALLENGERMATCH-26APR18SAFROC-SAF,38,1022,37,1477,36,850,32,2556,20,158,40,4455,41,456,42,2505,43,1606,44,1690,39.0
2026-04-18 02:48:50 AM,KXATPCHALLENGERMATCH-26APR18SAFROC-SAF,38,1022,37,1477,36,850,32,2556,20,158,39,2952,40,4455,41,456,42,2505,43,1606,38.5
2026-04-18 02:48:50 AM,KXATPCHALLENGERMATCH-26APR18SAFROC-SAF,38,1022,37,1477,36,850,32,2556,20,158,39,2952,40,2503,41,456,42,2505,43,1606,38.5
2026-04-18 02:48:50 AM,KXATPCHALLENGERMATCH-26APR18SAFROC-SAF,38,1037,37,1477,36,850,32,2556,20,158,39,2952,40,2503,41,456,42,2505,43,1606,38.5
2026-04-18 02:48:50 AM,KXATPCHALLENGERMATCH-26APR18SAFROC-SAF,38,1037,37,1477,36,850,32,2556,20,158,39,2952,40,2503,41,924,42,2505,43,1606,38.5
2026-04-18 02:48:50 AM,KXATPCHALLENGERMATCH-26APR18SAFROC-SAF,38,1022,37,1477,36,850,32,2556,20,158,39,2952,40,2503,41,924,42,2505,43,1606,38.5
2026-04-18 02:48:50 AM,KXATPCHALLENGERMATCH-26APR18SAFROC-SAF,38,1022,37,1477,36,850,32,2556,20,158,39,2952,40,2503,41,924,42,2505,43,1138,38.5
2026-04-18 02:48:50 AM,KXATPCHALLENGERMATCH-26APR18SAFROC-SAF,38,1011,37,1477,36,850,32,2556,20,158,39,2952,40,2503,41,924,42,2505,43,1138,38.5
2026-04-18 02:48:50 AM,KXATPCHALLENGERMATCH-26APR18SAFROC-SAF,38,1001,37,1477,36,850,32,2556,20,158,39,2952,40,2503,41,924,42,2505,43,1138,38.5
2026-04-18 02:48:50 AM,KXATPCHALLENGERMATCH-26APR18SAFROC-SAF,38,1001,37,1467,36,850,32,2556,20,158,39,2952,40,2503,41,924,42,2505,43,1138,38.5
2026-04-18 02:48:50 AM,KXATPCHALLENGERMATCH-26APR18SAFROC-SAF,38,1001,37,1467,36,850,32,2556,20,158,39,2952,40,2503,41,924,42,2496,43,1138,38.5
2026-04-18 02:48:50 AM,KXATPCHALLENGERMATCH-26APR18SAFROC-SAF,38,1001,37,1467,36,850,32,2556,20,158,39,2952,40,2503,41,915,42,2496,43,1138,38.5
2026-04-18 02:48:54 AM,KXATPCHALLENGERMATCH-26APR18SAFROC-SAF,38,1001,37,1467,36,850,32,2556,20,158,39,2952,40,2503,41,447,42,2496,43,1138,38.5
2026-04-18 02:48:56 AM,KXATPCHALLENGERMATCH-26APR18SAFROC-SAF,38,1001,37,1467,36,850,32,2556,20,158,39,2952,40,2453,41,447,42,2496,43,1138,38.5
2026-04-18 02:48:56 AM,KXATPCHALLENGERMATCH-26APR18SAFROC-SAF,38,1001,37,1467,36,850,32,2556,20,158,39,2952,40,2443,41,447,42,2496,43,1138,38.5
2026-04-18 02:49:02 AM,KXATPCHALLENGERMATCH-26APR18SAFROC-SAF,38,1001,37,1467,36,850,32,2556,20,158,39,2940,40,2443,41,447,42,2496,43,1138,38.5
2026-04-18 02:49:02 AM,KXATPCHALLENGERMATCH-26APR18SAFROC-SAF,38,1016,37,1467,36,850,32,2556,20,158,39,2940,40,2443,41,447,42,2496,43,1138,38.5
2026-04-18 02:49:02 AM,KXATPCHALLENGERMATCH-26APR18SAFROC-SAF,38,1016,37,1467,36,850,32,2556,20,158,39,2940,40,2443,41,447,42,2496,43,1606,38.5
2026-04-18 02:49:34 AM,KXATPCHALLENGERMATCH-26APR18SAFROC-SAF,38,1016,37,1467,36,850,32,2556,20,158,39,2837,40,2443,41,447,42,2496,43,1606,38.5
2026-04-18 02:49:43 AM,KXATPCHALLENGERMATCH-26APR18SAFROC-SAF,38,1026,37,1467,36,850,32,2556,20,158,39,2837,40,2443,41,447,42,2496,43,1606,38.5
2026-04-18 02:49:59 AM,KXATPCHALLENGERMATCH-26APR18SAFROC-SAF,38,1026,37,1467,36,850,32,2556,20,158,39,2835,40,2443,41,447,42,2496,43,1606,38.5
2026-04-18 02:53:51 AM,KXATPCHALLENGERMATCH-26APR18SAFROC-SAF,38,1026,37,1467,36,850,32,2556,20,158,39,2885,40,2443,41,447,42,2496,43,1606,38.5
2026-04-18 02:53:51 AM,KXATPCHALLENGERMATCH-26APR18SAFROC-SAF,38,1026,37,1467,36,850,32,2556,20,158,39,2895,40,2443,41,447,42,2496,43,1606,38.5
2026-04-18 02:53:51 AM,KXATPCHALLENGERMATCH-26APR18SAFROC-SAF,38,1026,37,1467,36,850,32,2556,20,158,39,2718,40,2443,41,447,42,2496,43,1606,38.5
2026-04-18 02:53:51 AM,KXATPCHALLENGERMATCH-26APR18SAFROC-SAF,38,1026,37,1467,36,850,32,2556,20,158,39,2775,40,2443,41,447,42,2496,43,1606,38.5
2026-04-18 02:57:28 AM,KXATPCHALLENGERMATCH-26APR18SAFROC-SAF,38,1026,37,1467,36,850,32,2556,20,158,39,2530,40,2443,41,447,42,2496,43,1606,38.5
2026-04-18 02:58:50 AM,KXATPCHALLENGERMATCH-26APR18SAFROC-SAF,38,1026,37,1467,36,850,32,2556,20,158,39,2520,40,2443,41,447,42,2496,43,1606,38.5
2026-04-18 02:58:50 AM,KXATPCHALLENGERMATCH-26APR18SAFROC-SAF,38,1026,37,1467,36,850,32,2556,20,158,39,2470,40,2443,41,447,42,2496,43,1606,38.5
2026-04-18 02:58:50 AM,KXATPCHALLENGERMATCH-26APR18SAFROC-SAF,38,1026,37,1467,36,850,32,2556,20,158,39,2530,40,2443,41,447,42,2496,43,1606,38.5
2026-04-18 02:58:50 AM,KXATPCHALLENGERMATCH-26APR18SAFROC-SAF,38,1026,37,1467,36,850,32,2556,20,158,39,2590,40,2443,41,447,42,2496,43,1606,38.5
2026-04-18 02:59:09 AM,KXATPCHALLENGERMATCH-26APR18SAFROC-SAF,38,966,37,1467,36,850,32,2556,20,158,39,2590,40,2443,41,447,42,2496,43,1606,38.5
2026-04-18 02:59:09 AM,KXATPCHALLENGERMATCH-26APR18SAFROC-SAF,38,906,37,1467,36,850,32,2556,20,158,39,2590,40,2443,41,447,42,2496,43,1606,38.5
2026-04-18 02:59:09 AM,KXATPCHALLENGERMATCH-26APR18SAFROC-SAF,38,906,37,1467,36,850,32,2556,20,158,39,2530,40,2443,41,447,42,2496,43,1606,38.5
2026-04-18 02:59:09 AM,KXATPCHALLENGERMATCH-26APR18SAFROC-SAF,38,906,37,1467,36,850,32,2556,20,158,39,2470,40,2443,41,447,42,2496,43,1606,38.5
2026-04-18 02:59:09 AM,KXATPCHALLENGERMATCH-26APR18SAFROC-SAF,38,906,37,1467,36,850,32,2556,20,158,39,2520,40,2443,41,447,42,2496,43,1606,38.5
2026-04-18 02:59:09 AM,KXATPCHALLENGERMATCH-26APR18SAFROC-SAF,38,906,37,1467,36,850,32,2556,20,158,39,2530,40,2443,41,447,42,2496,43,1606,38.5
2026-04-18 02:59:09 AM,KXATPCHALLENGERMATCH-26APR18SAFROC-SAF,38,906,37,1467,36,1495,32,2556,20,158,39,2530,40,2443,41,447,42,2496,43,1606,38.5
2026-04-18 02:59:15 AM,KXATPCHALLENGERMATCH-26APR18SAFROC-SAF,38,906,37,1467,36,1495,32,2556,20,158,39,2480,40,2443,41,447,42,2496,43,1606,38.5
2026-04-18 02:59:15 AM,KXATPCHALLENGERMATCH-26APR18SAFROC-SAF,38,906,37,1467,36,1495,32,2556,20,158,39,2470,40,2443,41,447,42,2496,43,1606,38.5
2026-04-18 02:59:22 AM,KXATPCHALLENGERMATCH-26APR18SAFROC-SAF,38,906,37,1467,36,1495,32,2556,20,158,39,2470,40,2443,41,447,42,2964,43,1606,38.5
2026-04-18 02:59:23 AM,KXATPCHALLENGERMATCH-26APR18SAFROC-SAF,38,906,37,1467,36,1495,32,2556,20,158,39,2470,40,2443,41,447,42,2964,43,1138,38.5
2026-04-18 03:00:24 AM,KXATPCHALLENGERMATCH-26APR18SAFROC-SAF,38,906,37,1467,36,1495,32,2556,28,15,39,2470,40,2443,41,447,42,2964,43,1138,38.5
2026-04-18 03:03:07 AM,KXATPCHALLENGERMATCH-26APR18SAFROC-SAF,38,906,37,1467,36,1495,32,2556,28,15,39,2470,40,2443,41,447,42,2964,43,1606,38.5
2026-04-18 03:03:07 AM,KXATPCHALLENGERMATCH-26APR18SAFROC-SAF,38,906,37,1467,36,1495,32,2556,28,15,39,2470,40,2443,41,447,42,2496,43,1606,38.5
2026-04-18 03:03:30 AM,KXATPCHALLENGERMATCH-26APR18SAFROC-SAF,38,906,37,1467,36,1495,32,2556,28,15,39,59,40,2443,41,447,42,2496,43,1606,38.5
2026-04-18 03:03:30 AM,KXATPCHALLENGERMATCH-26APR18SAFROC-SAF,38,906,37,1467,36,1495,32,2556,28,15,39,2,40,2443,41,447,42,2496,43,1606,38.5
2026-04-18 03:03:30 AM,KXATPCHALLENGERMATCH-26APR18SAFROC-SAF,38,922,37,1467,36,1495,32,2556,28,15,39,2,40,2443,41,447,42,2496,43,1606,38.5
2026-04-18 03:03:30 AM,KXATPCHALLENGERMATCH-26APR18SAFROC-SAF,38,922,37,1478,36,1495,32,2556,28,15,39,2,40,2443,41,447,42,2496,43,1606,38.5
2026-04-18 03:03:30 AM,KXATPCHALLENGERMATCH-26APR18SAFROC-SAF,38,922,37,1478,36,1495,32,2556,28,15,39,2,40,2443,41,460,42,2496,43,1606,38.5
2026-04-18 03:03:30 AM,KXATPCHALLENGERMATCH-26APR18SAFROC-SAF,38,922,37,1478,36,1495,32,2556,28,15,39,2,40,2443,41,460,42,2506,43,1606,38.5
2026-04-18 03:03:30 AM,KXATPCHALLENGERMATCH-26APR18SAFROC-SAF,38,922,37,1478,36,1495,32,2556,28,15,39,2,40,2443,41,475,42,2506,43,1606,38.5
2026-04-18 03:03:30 AM,KXATPCHALLENGERMATCH-26APR18SAFROC-SAF,38,922,37,1478,36,1495,32,2556,28,15,39,2,40,3911,41,475,42,2506,43,1606,38.5
2026-04-18 03:03:30 AM,KXATPCHALLENGERMATCH-26APR18SAFROC-SAF,38,922,37,1478,36,1495,32,2556,28,15,39,2,40,3911,41,460,42,2506,43,1606,38.5
2026-04-18 03:03:30 AM,KXATPCHALLENGERMATCH-26APR18SAFROC-SAF,38,922,37,1478,36,1495,32,2556,28,15,39,2,40,3911,41,460,42,2974,43,1606,38.5
2026-04-18 03:03:30 AM,KXATPCHALLENGERMATCH-26APR18SAFROC-SAF,38,922,37,1478,36,1495,32,2556,28,15,39,2,40,3911,41,1460,42,2974,43,1606,38.5
2026-04-18 03:03:31 AM,KXATPCHALLENGERMATCH-26APR18SAFROC-SAF,38,922,37,1478,36,1495,32,2556,28,15,39,2,40,3911,41,1460,42,2974,43,1138,38.5
2026-04-18 03:04:02 AM,KXATPCHALLENGERMATCH-26APR18SAFROC-SAF,38,922,37,1478,36,1495,32,2556,28,15,39,2,40,3895,41,1460,42,2974,43,1138,38.5
2026-04-18 03:04:10 AM,KXATPCHALLENGERMATCH-26APR18SAFROC-SAF,38,922,37,1478,36,1495,32,2556,28,15,39,2,40,3835,41,1460,42,2974,43,1138,38.5
2026-04-18 03:04:10 AM,KXATPCHALLENGERMATCH-26APR18SAFROC-SAF,38,922,37,1478,36,1495,32,2556,28,15,39,2,40,3845,41,1460,42,2974,43,1138,38.5
2026-04-18 03:04:10 AM,KXATPCHALLENGERMATCH-26APR18SAFROC-SAF,38,922,37,1478,36,1495,32,2556,28,15,39,2,40,3895,41,1460,42,2974,43,1138,38.5
2026-04-18 03:04:10 AM,KXATPCHALLENGERMATCH-26APR18SAFROC-SAF,38,922,37,1478,36,1495,32,2556,28,15,39,2,40,3835,41,1460,42,2974,43,1138,38.5
2026-04-18 03:04:24 AM,KXATPCHALLENGERMATCH-26APR18SAFROC-SAF,38,912,37,1478,36,1495,32,2556,28,15,39,2,40,3835,41,1460,42,2974,43,1138,38.5
2026-04-18 03:08:22 AM,KXATPCHALLENGERMATCH-26APR18SAFROC-SAF,38,912,37,1478,36,1495,32,2556,28,15,39,2,40,3800,41,1460,42,2974,43,1138,38.5
2026-04-18 03:09:00 AM,KXATPCHALLENGERMATCH-26APR18SAFROC-SAF,38,912,37,1478,36,1495,32,2556,28,15,39,2,40,3800,41,2104,42,2974,43,1138,38.5
2026-04-18 03:09:09 AM,KXATPCHALLENGERMATCH-26APR18SAFROC-SAF,38,912,37,1478,36,1495,32,2556,28,15,39,2,40,3790,41,2104,42,2974,43,1138,38.5
2026-04-18 03:09:09 AM,KXATPCHALLENGERMATCH-26APR18SAFROC-SAF,38,912,37,1478,36,1495,32,2556,28,15,39,2,40,3740,41,2104,42,2974,43,1138,38.5
2026-04-18 03:09:09 AM,KXATPCHALLENGERMATCH-26APR18SAFROC-SAF,38,912,37,1478,36,1495,32,2556,28,15,39,2,40,3800,41,2104,42,2974,43,1138,38.5
2026-04-18 03:09:09 AM,KXATPCHALLENGERMATCH-26APR18SAFROC-SAF,38,912,37,1478,36,1495,32,2556,28,15,39,2,40,3860,41,2104,42,2974,43,1138,38.5
2026-04-18 03:09:10 AM,KXATPCHALLENGERMATCH-26APR18SAFROC-SAF,38,852,37,1478,36,1495,32,2556,28,15,39,2,40,3860,41,2104,42,2974,43,1138,38.5
2026-04-18 03:09:10 AM,KXATPCHALLENGERMATCH-26APR18SAFROC-SAF,38,792,37,1478,36,1495,32,2556,28,15,39,2,40,3860,41,2104,42,2974,43,1138,38.5
2026-04-18 03:09:10 AM,KXATPCHALLENGERMATCH-26APR18SAFROC-SAF,38,792,37,1478,36,1495,32,2556,28,15,39,2,40,3800,41,2104,42,2974,43,1138,38.5
2026-04-18 03:09:10 AM,KXATPCHALLENGERMATCH-26APR18SAFROC-SAF,38,792,37,1478,36,1495,32,2556,28,15,39,2,40,3740,41,2104,42,2974,43,1138,38.5
2026-04-18 03:09:10 AM,KXATPCHALLENGERMATCH-26APR18SAFROC-SAF,38,792,37,1478,36,1495,32,2556,28,15,39,2,40,3790,41,2104,42,2974,43,1138,38.5
2026-04-18 03:09:10 AM,KXATPCHALLENGERMATCH-26APR18SAFROC-SAF,38,792,37,1478,36,1495,32,2556,28,15,39,2,40,3800,41,2104,42,2974,43,1138,38.5
2026-04-18 03:09:15 AM,KXATPCHALLENGERMATCH-26APR18SAFROC-SAF,38,792,37,1478,36,1495,32,2556,28,15,39,2,40,3750,41,2104,42,2974,43,1138,38.5
2026-04-18 03:09:15 AM,KXATPCHALLENGERMATCH-26APR18SAFROC-SAF,38,792,37,1478,36,1495,32,2556,28,15,39,2,40,3740,41,2104,42,2974,43,1138,38.5
2026-04-18 03:11:59 AM,KXATPCHALLENGERMATCH-26APR18SAFROC-SAF,38,792,37,1478,36,1495,32,2556,28,15,39,2,40,3500,41,2104,42,2974,43,1138,38.5
2026-04-18 03:11:59 AM,KXATPCHALLENGERMATCH-26APR18SAFROC-SAF,38,792,37,1478,36,1495,32,2556,20,158,39,2,40,3500,41,2104,42,2974,43,1138,38.5
2026-04-18 03:12:03 AM,KXATPCHALLENGERMATCH-26APR18SAFROC-SAF,38,792,37,1478,36,1495,32,2556,28,15,39,2,40,3500,41,2104,42,2974,43,1138,38.5
2026-04-18 03:14:10 AM,KXATPCHALLENGERMATCH-26APR18SAFROC-SAF,38,792,37,1478,36,1495,32,2556,28,15,39,2,40,3510,41,2104,42,2974,43,1138,38.5
2026-04-18 03:14:10 AM,KXATPCHALLENGERMATCH-26APR18SAFROC-SAF,38,792,37,1478,36,1495,32,2556,28,15,39,2,40,3560,41,2104,42,2974,43,1138,38.5
2026-04-18 03:14:10 AM,KXATPCHALLENGERMATCH-26APR18SAFROC-SAF,38,792,37,1478,36,1495,32,2556,28,15,39,2,40,3509,41,2104,42,2974,43,1138,38.5
2026-04-18 03:14:11 AM,KXATPCHALLENGERMATCH-26APR18SAFROC-SAF,38,792,37,1478,36,1495,32,2556,28,15,39,2,40,2785,41,2104,42,2974,43,1138,38.5
2026-04-18 03:14:11 AM,KXATPCHALLENGERMATCH-26APR18SAFROC-SAF,38,792,37,1478,36,1495,32,2556,28,15,39,2,40,1504,41,2104,42,2974,43,1138,38.5
2026-04-18 03:14:11 AM,KXATPCHALLENGERMATCH-26APR18SAFROC-SAF,38,792,37,1478,36,1495,32,2556,28,15,39,2,40,1504,41,3049,42,2974,43,1138,38.5
2026-04-18 03:14:11 AM,KXATPCHALLENGERMATCH-26APR18SAFROC-SAF,38,792,37,1478,36,1495,32,2556,20,158,39,2,40,1504,41,3049,42,2974,43,1138,38.5
2026-04-18 03:14:11 AM,KXATPCHALLENGERMATCH-26APR18SAFROC-SAF,38,807,37,1478,36,1495,32,2556,20,158,39,2,40,1504,41,3049,42,2974,43,1138,38.5
2026-04-18 03:14:11 AM,KXATPCHALLENGERMATCH-26APR18SAFROC-SAF,38,807,37,1478,36,1495,32,2556,20,158,39,2,40,1504,41,3049,42,3974,43,1138,38.5
2026-04-18 03:14:14 AM,KXATPCHALLENGERMATCH-26APR18SAFROC-SAF,38,807,37,1478,36,1495,32,2556,20,158,39,2,40,1519,41,3049,42,3974,43,1138,38.5
2026-04-18 03:16:14 AM,KXATPCHALLENGERMATCH-26APR18SAFROC-SAF,38,791,37,1478,36,1495,32,2556,20,158,39,2,40,1519,41,3049,42,3974,43,1138,38.5
2026-04-18 03:16:14 AM,KXATPCHALLENGERMATCH-26APR18SAFROC-SAF,38,791,37,1478,36,1495,32,2556,20,158,39,2,40,1519,41,3049,42,3964,43,1138,38.5
2026-04-18 03:16:14 AM,KXATPCHALLENGERMATCH-26APR18SAFROC-SAF,38,791,37,1484,36,1495,32,2556,20,158,39,2,40,1519,41,3049,42,3964,43,1138,38.5
2026-04-18 03:16:14 AM,KXATPCHALLENGERMATCH-26APR18SAFROC-SAF,38,791,37,1484,36,1505,32,2556,20,158,39,2,40,1519,41,3049,42,3964,43,1138,38.5
2026-04-18 03:16:14 AM,KXATPCHALLENGERMATCH-26APR18SAFROC-SAF,38,791,37,1484,36,1505,32,2556,20,158,39,2,40,1532,41,3049,42,3964,43,1138,38.5
2026-04-18 03:16:14 AM,KXATPCHALLENGERMATCH-26APR18SAFROC-SAF,38,791,37,1484,36,1505,32,7114,20,158,39,2,40,1532,41,3049,42,3964,43,1138,38.5
2026-04-18 03:16:15 AM,KXATPCHALLENGERMATCH-26APR18SAFROC-SAF,38,791,37,1484,36,1505,32,7114,17,3823,39,2,40,1532,41,3049,42,3964,43,1138,38.5
2026-04-18 03:19:10 AM,KXATPCHALLENGERMATCH-26APR18SAFROC-SAF,38,791,37,1484,36,1505,32,7114,17,3823,39,2,40,1522,41,3049,42,3964,43,1138,38.5
2026-04-18 03:19:10 AM,KXATPCHALLENGERMATCH-26APR18SAFROC-SAF,38,791,37,1484,36,1505,32,7114,17,3823,39,2,40,1472,41,3049,42,3964,43,1138,38.5
2026-04-18 03:19:10 AM,KXATPCHALLENGERMATCH-26APR18SAFROC-SAF,38,791,37,1484,36,1505,32,7114,17,3823,39,2,40,1532,41,3049,42,3964,43,1138,38.5
2026-04-18 03:19:10 AM,KXATPCHALLENGERMATCH-26APR18SAFROC-SAF,38,791,37,1484,36,1505,32,7114,17,3823,39,2,40,1592,41,3049,42,3964,43,1138,38.5
2026-04-18 03:19:10 AM,KXATPCHALLENGERMATCH-26APR18SAFROC-SAF,38,731,37,1484,36,1505,32,7114,17,3823,39,2,40,1592,41,3049,42,3964,43,1138,38.5
2026-04-18 03:19:11 AM,KXATPCHALLENGERMATCH-26APR18SAFROC-SAF,38,731,37,1484,36,1505,32,7114,17,3823,39,2,40,1532,41,3049,42,3964,43,1138,38.5
2026-04-18 03:19:11 AM,KXATPCHALLENGERMATCH-26APR18SAFROC-SAF,38,731,37,1484,36,1505,32,7114,17,3823,39,2,40,1472,41,3049,42,3964,43,1138,38.5
2026-04-18 03:19:11 AM,KXATPCHALLENGERMATCH-26APR18SAFROC-SAF,38,731,37,1484,36,1505,32,7114,17,3823,39,2,40,1522,41,3049,42,3964,43,1138,38.5
2026-04-18 03:19:15 AM,KXATPCHALLENGERMATCH-26APR18SAFROC-SAF,38,731,37,1484,36,1505,17,3823,13,1500,39,2,40,1522,41,3049,42,3964,43,1138,38.5
2026-04-18 03:19:16 AM,KXATPCHALLENGERMATCH-26APR18SAFROC-SAF,38,731,37,1484,36,1505,17,3823,14,999,39,2,40,1522,41,3049,42,3964,43,1138,38.5
2026-04-18 03:19:16 AM,KXATPCHALLENGERMATCH-26APR18SAFROC-SAF,38,731,37,1484,36,1505,17,3823,14,999,39,2,40,1472,41,3049,42,3964,43,1138,38.5
2026-04-18 03:19:16 AM,KXATPCHALLENGERMATCH-26APR18SAFROC-SAF,38,731,37,1484,36,1505,17,3823,14,999,39,2,40,1472,41,3049,42,3964,43,1188,38.5
