ts_et,ticker,bid_1,bid_1_sz,bid_2,bid_2_sz,bid_3,bid_3_sz,bid_4,bid_4_sz,bid_5,bid_5_sz,ask_1,ask_1_sz,ask_2,ask_2_sz,ask_3,ask_3_sz,ask_4,ask_4_sz,ask_5,ask_5_sz,mid
2026-04-18 01:14:04 PM,KXATPCHALLENGERMATCH-26APR19STALUK-STA,6,116,5,194,4,823,3,540,2,900,94,15,95,25,96,543,97,82,98,120,50.0
2026-04-18 01:14:12 PM,KXATPCHALLENGERMATCH-26APR19STALUK-STA,6,116,5,194,4,823,3,540,2,900,94,15,95,25,96,543,97,82,98,123,50.0
2026-04-18 01:14:15 PM,KXATPCHALLENGERMATCH-26APR19STALUK-STA,6,116,5,194,4,823,3,540,2,900,94,15,95,25,96,543,97,84,98,123,50.0
2026-04-18 01:15:54 PM,KXATPCHALLENGERMATCH-26APR19STALUK-STA,6,116,5,194,4,823,3,540,2,910,94,15,95,25,96,543,97,84,98,123,50.0
2026-04-18 01:16:39 PM,KXATPCHALLENGERMATCH-26APR19STALUK-STA,6,116,5,194,4,823,3,540,2,910,94,365,95,25,96,543,97,84,98,123,50.0
2026-04-18 01:33:40 PM,KXATPCHALLENGERMATCH-26APR19STALUK-STA,6,116,5,194,4,823,3,540,2,910,94,365,95,25,96,543,97,84,98,245,50.0
2026-04-18 02:00:07 PM,KXATPCHALLENGERMATCH-26APR19STALUK-STA,6,216,5,194,4,823,3,540,2,910,94,365,95,25,96,543,97,84,98,245,50.0
2026-04-18 02:00:07 PM,KXATPCHALLENGERMATCH-26APR19STALUK-STA,6,216,5,194,4,823,3,540,2,910,94,865,95,25,96,543,97,84,98,245,50.0
2026-04-18 02:00:19 PM,KXATPCHALLENGERMATCH-26APR19STALUK-STA,6,216,5,194,4,823,3,540,2,910,94,365,95,25,96,543,97,84,98,245,50.0
2026-04-18 02:00:19 PM,KXATPCHALLENGERMATCH-26APR19STALUK-STA,6,116,5,194,4,823,3,540,2,910,94,365,95,25,96,543,97,84,98,245,50.0
2026-04-18 02:08:37 PM,KXATPCHALLENGERMATCH-26APR19STALUK-STA,6,116,5,207,4,823,3,540,2,910,94,365,95,25,96,543,97,84,98,245,50.0
2026-04-18 02:08:37 PM,KXATPCHALLENGERMATCH-26APR19STALUK-STA,6,116,5,207,4,832,3,540,2,910,94,365,95,25,96,543,97,84,98,245,50.0
2026-04-18 02:08:47 PM,KXATPCHALLENGERMATCH-26APR19STALUK-STA,6,116,5,207,4,832,3,540,2,910,94,365,95,38,96,543,97,84,98,245,50.0
2026-04-18 02:08:47 PM,KXATPCHALLENGERMATCH-26APR19STALUK-STA,6,116,5,207,4,832,3,540,2,910,94,365,95,38,96,552,97,84,98,245,50.0
2026-04-18 02:11:22 PM,KXATPCHALLENGERMATCH-26APR19STALUK-STA,6,116,5,207,4,832,3,540,2,900,94,365,95,38,96,552,97,84,98,245,50.0
2026-04-18 02:15:53 PM,KXATPCHALLENGERMATCH-26APR19STALUK-STA,6,116,5,207,4,832,3,540,2,900,93,10,94,365,95,38,96,552,97,84,49.5
2026-04-18 02:15:53 PM,KXATPCHALLENGERMATCH-26APR19STALUK-STA,6,116,5,207,4,832,3,540,2,900,93,10,94,365,95,38,96,543,97,84,49.5
2026-04-18 02:15:54 PM,KXATPCHALLENGERMATCH-26APR19STALUK-STA,6,116,5,194,4,832,3,540,2,900,93,10,94,365,95,38,96,543,97,84,49.5
2026-04-18 02:15:54 PM,KXATPCHALLENGERMATCH-26APR19STALUK-STA,6,116,5,194,4,823,3,540,2,900,93,10,94,365,95,38,96,543,97,84,49.5
2026-04-18 02:15:54 PM,KXATPCHALLENGERMATCH-26APR19STALUK-STA,6,116,5,194,4,823,3,540,2,900,93,10,94,365,95,25,96,543,97,84,49.5
2026-04-18 02:21:48 PM,KXATPCHALLENGERMATCH-26APR19STALUK-STA,7,8,6,116,5,194,4,823,3,540,93,10,94,365,95,25,96,543,97,84,50.0
2026-04-18 02:21:48 PM,KXATPCHALLENGERMATCH-26APR19STALUK-STA,7,8,6,129,5,194,4,823,3,540,93,10,94,365,95,25,96,543,97,84,50.0
2026-04-18 02:21:48 PM,KXATPCHALLENGERMATCH-26APR19STALUK-STA,7,8,6,129,5,203,4,823,3,540,93,10,94,365,95,25,96,543,97,84,50.0
2026-04-18 02:21:48 PM,KXATPCHALLENGERMATCH-26APR19STALUK-STA,7,8,6,129,5,203,4,823,3,540,93,10,94,378,95,25,96,543,97,84,50.0
2026-04-18 02:21:48 PM,KXATPCHALLENGERMATCH-26APR19STALUK-STA,7,8,6,129,5,203,4,823,3,540,93,10,94,378,95,34,96,543,97,84,50.0
2026-04-18 02:21:48 PM,KXATPCHALLENGERMATCH-26APR19STALUK-STA,7,8,6,129,5,203,4,823,3,540,92,8,93,10,94,378,95,34,96,543,49.5
2026-04-18 02:21:49 PM,KXATPCHALLENGERMATCH-26APR19STALUK-STA,7,8,6,129,5,194,4,823,3,540,92,8,93,10,94,378,95,34,96,543,49.5
2026-04-18 02:21:49 PM,KXATPCHALLENGERMATCH-26APR19STALUK-STA,7,8,6,129,5,194,4,823,3,540,92,8,93,10,94,378,95,25,96,543,49.5
2026-04-18 02:21:49 PM,KXATPCHALLENGERMATCH-26APR19STALUK-STA,7,21,6,129,5,194,4,823,3,540,92,8,93,10,94,378,95,25,96,543,49.5
2026-04-18 02:21:49 PM,KXATPCHALLENGERMATCH-26APR19STALUK-STA,7,21,6,129,5,194,4,823,3,540,92,8,93,23,94,378,95,25,96,543,49.5
2026-04-18 02:26:12 PM,KXATPCHALLENGERMATCH-26APR19STALUK-STA,8,8,7,21,6,129,5,194,4,823,92,8,93,23,94,378,95,25,96,543,50.0
2026-04-18 02:26:12 PM,KXATPCHALLENGERMATCH-26APR19STALUK-STA,8,8,7,21,6,129,5,194,4,823,91,8,92,8,93,23,94,378,95,25,49.5
2026-04-18 02:26:12 PM,KXATPCHALLENGERMATCH-26APR19STALUK-STA,8,8,7,21,6,129,5,194,4,823,91,8,92,8,93,23,94,365,95,25,49.5
2026-04-18 02:26:37 PM,KXATPCHALLENGERMATCH-26APR19STALUK-STA,8,8,7,21,6,116,5,194,4,823,91,8,92,8,93,23,94,365,95,25,49.5
2026-04-18 02:26:37 PM,KXATPCHALLENGERMATCH-26APR19STALUK-STA,8,21,7,21,6,116,5,194,4,823,91,8,92,8,93,23,94,365,95,25,49.5
2026-04-18 02:26:37 PM,KXATPCHALLENGERMATCH-26APR19STALUK-STA,8,21,7,21,6,116,5,194,4,823,91,8,92,21,93,23,94,365,95,25,49.5
2026-04-18 02:30:43 PM,KXATPCHALLENGERMATCH-26APR19STALUK-STA,8,21,7,21,6,116,5,194,4,823,91,8,92,21,93,23,94,365,95,26,49.5
2026-04-18 02:31:06 PM,KXATPCHALLENGERMATCH-26APR19STALUK-STA,9,8,8,21,7,21,6,116,5,194,91,8,92,21,93,23,94,365,95,26,50.0
2026-04-18 02:31:06 PM,KXATPCHALLENGERMATCH-26APR19STALUK-STA,9,8,8,21,7,21,6,116,5,194,90,8,91,8,92,21,93,23,94,365,49.5
2026-04-18 02:31:06 PM,KXATPCHALLENGERMATCH-26APR19STALUK-STA,9,8,8,21,7,21,6,116,5,194,90,8,91,8,92,21,93,10,94,365,49.5
2026-04-18 02:31:06 PM,KXATPCHALLENGERMATCH-26APR19STALUK-STA,9,8,8,21,7,21,6,116,5,194,90,8,91,21,92,21,93,10,94,365,49.5
2026-04-18 02:31:06 PM,KXATPCHALLENGERMATCH-26APR19STALUK-STA,9,21,8,21,7,21,6,116,5,194,90,8,91,21,92,21,93,10,94,365,49.5
2026-04-18 02:31:06 PM,KXATPCHALLENGERMATCH-26APR19STALUK-STA,9,21,8,21,7,8,6,116,5,194,90,8,91,21,92,21,93,10,94,365,49.5
2026-04-18 02:32:16 PM,KXATPCHALLENGERMATCH-26APR19STALUK-STA,10,8,9,21,8,21,7,8,6,116,90,8,91,21,92,21,93,10,94,365,50.0
2026-04-18 02:32:16 PM,KXATPCHALLENGERMATCH-26APR19STALUK-STA,10,8,9,21,8,21,7,8,6,116,89,8,90,8,91,21,92,21,93,10,49.5
2026-04-18 02:32:16 PM,KXATPCHALLENGERMATCH-26APR19STALUK-STA,10,8,9,21,8,21,7,8,6,116,89,8,90,8,91,21,92,8,93,10,49.5
2026-04-18 02:32:16 PM,KXATPCHALLENGERMATCH-26APR19STALUK-STA,10,8,9,21,8,21,7,8,6,116,89,8,90,21,91,21,92,8,93,10,49.5
2026-04-18 02:32:17 PM,KXATPCHALLENGERMATCH-26APR19STALUK-STA,10,21,9,21,8,21,7,8,6,116,89,8,90,21,91,21,92,8,93,10,49.5
2026-04-18 02:32:17 PM,KXATPCHALLENGERMATCH-26APR19STALUK-STA,10,21,9,21,8,8,7,8,6,116,89,8,90,21,91,21,92,8,93,10,49.5
2026-04-18 02:34:15 PM,KXATPCHALLENGERMATCH-26APR19STALUK-STA,11,8,10,21,9,21,8,8,7,8,89,8,90,21,91,21,92,8,93,10,50.0
2026-04-18 02:34:15 PM,KXATPCHALLENGERMATCH-26APR19STALUK-STA,11,8,10,21,9,21,8,8,7,8,88,8,89,8,90,21,91,21,92,8,49.5
2026-04-18 02:34:16 PM,KXATPCHALLENGERMATCH-26APR19STALUK-STA,11,8,10,21,9,21,8,8,7,8,88,8,89,21,90,21,91,21,92,8,49.5
2026-04-18 02:34:16 PM,KXATPCHALLENGERMATCH-26APR19STALUK-STA,11,8,10,21,9,21,8,8,7,8,88,8,89,21,90,21,91,8,92,8,49.5
2026-04-18 02:34:16 PM,KXATPCHALLENGERMATCH-26APR19STALUK-STA,11,21,10,21,9,21,8,8,7,8,88,8,89,21,90,21,91,8,92,8,49.5
2026-04-18 02:34:16 PM,KXATPCHALLENGERMATCH-26APR19STALUK-STA,11,21,10,21,9,8,8,8,7,8,88,8,89,21,90,21,91,8,92,8,49.5
2026-04-18 02:35:47 PM,KXATPCHALLENGERMATCH-26APR19STALUK-STA,12,8,11,21,10,21,9,8,8,8,88,8,89,21,90,21,91,8,92,8,50.0
2026-04-18 02:35:47 PM,KXATPCHALLENGERMATCH-26APR19STALUK-STA,12,8,11,21,10,21,9,8,8,8,87,8,88,8,89,21,90,21,91,8,49.5
2026-04-18 02:35:47 PM,KXATPCHALLENGERMATCH-26APR19STALUK-STA,12,8,11,21,10,21,9,8,8,8,87,8,88,8,89,21,90,8,91,8,49.5
2026-04-18 02:35:47 PM,KXATPCHALLENGERMATCH-26APR19STALUK-STA,12,8,11,21,10,21,9,8,8,8,87,8,88,21,89,21,90,8,91,8,49.5
2026-04-18 02:35:47 PM,KXATPCHALLENGERMATCH-26APR19STALUK-STA,12,21,11,21,10,21,9,8,8,8,87,8,88,21,89,21,90,8,91,8,49.5
2026-04-18 02:35:47 PM,KXATPCHALLENGERMATCH-26APR19STALUK-STA,12,21,11,21,10,8,9,8,8,8,87,8,88,21,89,21,90,8,91,8,49.5
2026-04-18 02:37:26 PM,KXATPCHALLENGERMATCH-26APR19STALUK-STA,13,8,12,21,11,21,10,8,9,8,87,8,88,21,89,21,90,8,91,8,50.0
2026-04-18 02:37:26 PM,KXATPCHALLENGERMATCH-26APR19STALUK-STA,13,8,12,21,11,21,10,8,9,8,86,8,87,8,88,21,89,21,90,8,49.5
2026-04-18 02:37:27 PM,KXATPCHALLENGERMATCH-26APR19STALUK-STA,13,8,12,21,11,21,10,8,9,8,86,8,87,8,88,21,89,8,90,8,49.5
2026-04-18 02:37:27 PM,KXATPCHALLENGERMATCH-26APR19STALUK-STA,13,8,12,21,11,21,10,8,9,8,86,8,87,21,88,21,89,8,90,8,49.5
2026-04-18 02:37:27 PM,KXATPCHALLENGERMATCH-26APR19STALUK-STA,13,8,12,21,11,8,10,8,9,8,86,8,87,21,88,21,89,8,90,8,49.5
2026-04-18 02:37:27 PM,KXATPCHALLENGERMATCH-26APR19STALUK-STA,13,21,12,21,11,8,10,8,9,8,86,8,87,21,88,21,89,8,90,8,49.5
2026-04-18 02:39:28 PM,KXATPCHALLENGERMATCH-26APR19STALUK-STA,14,8,13,21,12,21,11,8,10,8,86,8,87,21,88,21,89,8,90,8,50.0
2026-04-18 02:39:29 PM,KXATPCHALLENGERMATCH-26APR19STALUK-STA,14,8,13,21,12,21,11,8,10,8,85,8,86,8,87,21,88,21,89,8,49.5
2026-04-18 02:39:29 PM,KXATPCHALLENGERMATCH-26APR19STALUK-STA,14,8,13,21,12,21,11,8,10,8,85,8,86,21,87,21,88,21,89,8,49.5
2026-04-18 02:39:29 PM,KXATPCHALLENGERMATCH-26APR19STALUK-STA,14,8,13,21,12,21,11,8,10,8,85,8,86,21,87,21,88,8,89,8,49.5
2026-04-18 02:39:29 PM,KXATPCHALLENGERMATCH-26APR19STALUK-STA,14,21,13,21,12,21,11,8,10,8,85,8,86,21,87,21,88,8,89,8,49.5
2026-04-18 02:39:29 PM,KXATPCHALLENGERMATCH-26APR19STALUK-STA,14,21,13,21,12,8,11,8,10,8,85,8,86,21,87,21,88,8,89,8,49.5
2026-04-18 02:41:45 PM,KXATPCHALLENGERMATCH-26APR19STALUK-STA,15,8,14,21,13,21,12,8,11,8,85,8,86,21,87,21,88,8,89,8,50.0
2026-04-18 02:41:45 PM,KXATPCHALLENGERMATCH-26APR19STALUK-STA,15,8,14,21,13,21,12,8,11,8,84,8,85,8,86,21,87,21,88,8,49.5
2026-04-18 02:41:45 PM,KXATPCHALLENGERMATCH-26APR19STALUK-STA,15,8,14,21,13,21,12,8,11,8,84,8,85,21,86,21,87,21,88,8,49.5
2026-04-18 02:41:45 PM,KXATPCHALLENGERMATCH-26APR19STALUK-STA,15,8,14,21,13,21,12,8,11,8,84,8,85,21,86,21,87,8,88,8,49.5
2026-04-18 02:41:46 PM,KXATPCHALLENGERMATCH-26APR19STALUK-STA,15,21,14,21,13,21,12,8,11,8,84,8,85,21,86,21,87,8,88,8,49.5
2026-04-18 02:41:46 PM,KXATPCHALLENGERMATCH-26APR19STALUK-STA,15,21,14,21,13,8,12,8,11,8,84,8,85,21,86,21,87,8,88,8,49.5
2026-04-18 02:43:06 PM,KXATPCHALLENGERMATCH-26APR19STALUK-STA,15,21,14,21,13,8,12,8,6,116,84,8,85,21,86,21,87,8,88,8,49.5
2026-04-18 02:43:06 PM,KXATPCHALLENGERMATCH-26APR19STALUK-STA,15,21,14,21,13,8,6,116,5,194,84,8,85,21,86,21,87,8,88,8,49.5
2026-04-18 02:43:06 PM,KXATPCHALLENGERMATCH-26APR19STALUK-STA,15,21,14,21,6,116,5,194,4,823,84,8,85,21,86,21,87,8,88,8,49.5
2026-04-18 02:43:06 PM,KXATPCHALLENGERMATCH-26APR19STALUK-STA,15,21,14,13,6,116,5,194,4,823,84,8,85,21,86,21,87,8,88,8,49.5
2026-04-18 02:43:06 PM,KXATPCHALLENGERMATCH-26APR19STALUK-STA,15,13,14,13,6,116,5,194,4,823,84,8,85,21,86,21,87,8,88,8,49.5
2026-04-18 02:43:06 PM,KXATPCHALLENGERMATCH-26APR19STALUK-STA,15,13,14,13,6,116,5,194,4,823,84,8,85,21,86,21,87,8,93,10,49.5
2026-04-18 02:43:06 PM,KXATPCHALLENGERMATCH-26APR19STALUK-STA,15,13,14,13,6,116,5,194,4,823,84,8,85,21,86,21,93,10,94,365,49.5
2026-04-18 02:43:06 PM,KXATPCHALLENGERMATCH-26APR19STALUK-STA,15,13,14,13,6,116,5,194,4,823,84,8,85,21,86,13,93,10,94,365,49.5
2026-04-18 02:43:06 PM,KXATPCHALLENGERMATCH-26APR19STALUK-STA,15,13,14,13,6,116,5,194,4,823,84,8,85,13,86,13,93,10,94,365,49.5
2026-04-18 02:43:06 PM,KXATPCHALLENGERMATCH-26APR19STALUK-STA,15,13,14,13,6,116,5,194,4,823,85,13,86,13,93,10,94,365,95,26,50.0
2026-04-18 02:43:06 PM,KXATPCHALLENGERMATCH-26APR19STALUK-STA,15,13,6,116,5,194,4,823,3,540,85,13,86,13,93,10,94,365,95,26,50.0
2026-04-18 02:43:06 PM,KXATPCHALLENGERMATCH-26APR19STALUK-STA,15,13,7,78,6,116,5,194,4,823,85,13,86,13,93,10,94,365,95,26,50.0
2026-04-18 02:43:12 PM,KXATPCHALLENGERMATCH-26APR19STALUK-STA,16,1,15,13,7,78,6,116,5,194,85,13,86,13,93,10,94,365,95,26,50.5
2026-04-18 02:43:12 PM,KXATPCHALLENGERMATCH-26APR19STALUK-STA,16,1,7,78,6,116,5,194,4,823,85,13,86,13,93,10,94,365,95,26,50.5
2026-04-18 02:43:12 PM,KXATPCHALLENGERMATCH-26APR19STALUK-STA,16,1,7,78,6,116,5,194,4,823,85,13,93,10,94,365,95,26,96,543,50.5
2026-04-18 02:43:12 PM,KXATPCHALLENGERMATCH-26APR19STALUK-STA,16,1,14,13,7,78,6,116,5,194,85,13,93,10,94,365,95,26,96,543,50.5
2026-04-18 02:43:12 PM,KXATPCHALLENGERMATCH-26APR19STALUK-STA,16,1,14,13,7,78,6,116,5,194,85,13,92,69,93,10,94,365,95,26,50.5
2026-04-18 02:43:12 PM,KXATPCHALLENGERMATCH-26APR19STALUK-STA,16,1,14,13,7,78,6,116,5,194,85,13,92,69,93,19,94,365,95,26,50.5
2026-04-18 02:43:12 PM,KXATPCHALLENGERMATCH-26APR19STALUK-STA,16,1,14,13,7,78,6,116,5,194,92,69,93,19,94,365,95,26,96,543,54.0
2026-04-18 02:43:12 PM,KXATPCHALLENGERMATCH-26APR19STALUK-STA,16,1,14,13,7,78,6,116,5,194,84,1,92,69,93,19,94,365,95,26,50.0
2026-04-18 02:43:13 PM,KXATPCHALLENGERMATCH-26APR19STALUK-STA,16,1,15,13,14,13,7,78,6,116,84,1,92,69,93,19,94,365,95,26,50.0
2026-04-18 02:43:13 PM,KXATPCHALLENGERMATCH-26APR19STALUK-STA,16,1,15,13,7,78,6,116,5,194,84,1,92,69,93,19,94,365,95,26,50.0
2026-04-18 02:43:13 PM,KXATPCHALLENGERMATCH-26APR19STALUK-STA,16,1,15,13,7,78,6,116,5,194,84,1,92,69,93,10,94,365,95,26,50.0
2026-04-18 02:47:57 PM,KXATPCHALLENGERMATCH-26APR19STALUK-STA,16,1,15,13,7,78,6,116,5,194,84,1,85,13,92,69,93,10,94,365,50.0
2026-04-18 02:58:40 PM,KXATPCHALLENGERMATCH-26APR19STALUK-STA,16,1,15,13,7,78,6,116,5,194,85,13,92,69,93,10,94,365,95,26,50.5
2026-04-18 02:58:40 PM,KXATPCHALLENGERMATCH-26APR19STALUK-STA,16,1,15,13,7,78,6,116,5,194,92,69,93,10,94,365,95,26,96,543,54.0
2026-04-18 02:58:40 PM,KXATPCHALLENGERMATCH-26APR19STALUK-STA,15,13,7,78,6,116,5,194,4,823,92,69,93,10,94,365,95,26,96,543,53.5
2026-04-18 02:58:40 PM,KXATPCHALLENGERMATCH-26APR19STALUK-STA,7,78,6,116,5,194,4,823,3,540,92,69,93,10,94,365,95,26,96,543,49.5
2026-04-18 02:58:41 PM,KXATPCHALLENGERMATCH-26APR19STALUK-STA,6,116,5,194,4,823,3,540,2,3114,92,69,93,10,94,365,95,26,96,543,49.0
2026-04-18 02:58:41 PM,KXATPCHALLENGERMATCH-26APR19STALUK-STA,6,116,5,194,4,823,3,540,2,3114,93,10,94,365,95,26,96,543,97,84,49.5
2026-04-18 02:58:41 PM,KXATPCHALLENGERMATCH-26APR19STALUK-STA,7,13,6,116,5,194,4,823,3,540,93,10,94,365,95,26,96,543,97,84,50.0
2026-04-18 02:58:41 PM,KXATPCHALLENGERMATCH-26APR19STALUK-STA,7,13,6,126,5,194,4,823,3,540,93,10,94,365,95,26,96,543,97,84,50.0
2026-04-18 02:58:41 PM,KXATPCHALLENGERMATCH-26APR19STALUK-STA,7,13,6,126,5,194,4,823,3,540,93,23,94,365,95,26,96,543,97,84,50.0
2026-04-18 02:58:41 PM,KXATPCHALLENGERMATCH-26APR19STALUK-STA,7,13,6,126,5,194,4,823,3,540,93,23,94,375,95,26,96,543,97,84,50.0
2026-04-18 02:58:41 PM,KXATPCHALLENGERMATCH-26APR19STALUK-STA,7,13,6,126,5,204,4,823,3,540,93,23,94,375,95,26,96,543,97,84,50.0
2026-04-18 02:58:41 PM,KXATPCHALLENGERMATCH-26APR19STALUK-STA,6,126,5,204,4,823,3,540,2,3114,93,23,94,375,95,26,96,543,97,84,49.5
2026-04-18 02:58:41 PM,KXATPCHALLENGERMATCH-26APR19STALUK-STA,6,126,5,204,4,823,3,540,2,3114,93,10,94,375,95,26,96,543,97,84,49.5
2026-04-18 02:58:42 PM,KXATPCHALLENGERMATCH-26APR19STALUK-STA,7,4,6,126,5,204,4,823,3,540,93,10,94,375,95,26,96,543,97,84,50.0
2026-04-18 02:58:42 PM,KXATPCHALLENGERMATCH-26APR19STALUK-STA,7,4,6,126,5,204,4,823,3,540,93,14,94,375,95,26,96,543,97,84,50.0
2026-04-18 02:58:42 PM,KXATPCHALLENGERMATCH-26APR19STALUK-STA,7,4,6,126,5,194,4,823,3,540,93,14,94,375,95,26,96,543,97,84,50.0
2026-04-18 02:58:42 PM,KXATPCHALLENGERMATCH-26APR19STALUK-STA,6,126,5,194,4,823,3,540,2,3114,93,14,94,375,95,26,96,543,97,84,49.5
2026-04-18 02:58:42 PM,KXATPCHALLENGERMATCH-26APR19STALUK-STA,6,126,5,194,4,823,3,540,2,3114,93,10,94,375,95,26,96,543,97,84,49.5
2026-04-18 02:58:42 PM,KXATPCHALLENGERMATCH-26APR19STALUK-STA,6,126,5,204,4,823,3,540,2,3114,93,10,94,375,95,26,96,543,97,84,49.5
2026-04-18 02:58:42 PM,KXATPCHALLENGERMATCH-26APR19STALUK-STA,6,126,5,204,4,823,3,540,2,3114,93,10,94,375,95,36,96,543,97,84,49.5
2026-04-18 02:58:43 PM,KXATPCHALLENGERMATCH-26APR19STALUK-STA,6,126,5,194,4,823,3,540,2,3114,93,10,94,375,95,36,96,543,97,84,49.5
2026-04-18 02:58:43 PM,KXATPCHALLENGERMATCH-26APR19STALUK-STA,6,126,5,194,4,823,3,540,2,3114,93,10,94,375,95,26,96,543,97,84,49.5
2026-04-18 02:58:43 PM,KXATPCHALLENGERMATCH-26APR19STALUK-STA,7,4,6,126,5,194,4,823,3,540,93,10,94,375,95,26,96,543,97,84,50.0
2026-04-18 02:58:43 PM,KXATPCHALLENGERMATCH-26APR19STALUK-STA,7,4,6,126,5,194,4,823,3,540,93,14,94,375,95,26,96,543,97,84,50.0
2026-04-18 02:58:43 PM,KXATPCHALLENGERMATCH-26APR19STALUK-STA,6,126,5,194,4,823,3,540,2,3114,93,14,94,375,95,26,96,543,97,84,49.5
2026-04-18 02:58:43 PM,KXATPCHALLENGERMATCH-26APR19STALUK-STA,6,126,5,194,4,823,3,540,2,3114,93,10,94,375,95,26,96,543,97,84,49.5
2026-04-18 02:58:43 PM,KXATPCHALLENGERMATCH-26APR19STALUK-STA,6,126,5,204,4,823,3,540,2,3114,93,10,94,375,95,26,96,543,97,84,49.5
2026-04-18 02:58:43 PM,KXATPCHALLENGERMATCH-26APR19STALUK-STA,6,126,5,204,4,823,3,540,2,3114,93,10,94,375,95,36,96,543,97,84,49.5
2026-04-18 02:58:44 PM,KXATPCHALLENGERMATCH-26APR19STALUK-STA,7,4,6,126,5,204,4,823,3,540,93,10,94,375,95,36,96,543,97,84,50.0
2026-04-18 02:58:44 PM,KXATPCHALLENGERMATCH-26APR19STALUK-STA,7,4,6,126,5,194,4,823,3,540,93,10,94,375,95,36,96,543,97,84,50.0
2026-04-18 02:58:44 PM,KXATPCHALLENGERMATCH-26APR19STALUK-STA,7,4,6,126,5,194,4,823,3,540,93,14,94,375,95,36,96,543,97,84,50.0
2026-04-18 02:58:44 PM,KXATPCHALLENGERMATCH-26APR19STALUK-STA,7,4,6,126,5,194,4,823,3,540,93,14,94,375,95,26,96,543,97,84,50.0
2026-04-18 02:58:44 PM,KXATPCHALLENGERMATCH-26APR19STALUK-STA,6,126,5,194,4,823,3,540,2,3114,93,14,94,375,95,26,96,543,97,84,49.5
2026-04-18 02:58:44 PM,KXATPCHALLENGERMATCH-26APR19STALUK-STA,6,126,5,194,4,823,3,540,2,3114,93,10,94,375,95,26,96,543,97,84,49.5
2026-04-18 02:58:44 PM,KXATPCHALLENGERMATCH-26APR19STALUK-STA,6,126,5,204,4,823,3,540,2,3114,93,10,94,375,95,26,96,543,97,84,49.5
2026-04-18 02:58:44 PM,KXATPCHALLENGERMATCH-26APR19STALUK-STA,6,126,5,204,4,823,3,540,2,3114,93,10,94,375,95,36,96,543,97,84,49.5
2026-04-18 02:58:45 PM,KXATPCHALLENGERMATCH-26APR19STALUK-STA,7,4,6,126,5,204,4,823,3,540,93,10,94,375,95,36,96,543,97,84,50.0
2026-04-18 02:58:45 PM,KXATPCHALLENGERMATCH-26APR19STALUK-STA,7,4,6,126,5,204,4,823,3,540,93,14,94,375,95,36,96,543,97,84,50.0
2026-04-18 02:58:45 PM,KXATPCHALLENGERMATCH-26APR19STALUK-STA,7,4,6,126,5,194,4,823,3,540,93,14,94,375,95,36,96,543,97,84,50.0
2026-04-18 02:58:45 PM,KXATPCHALLENGERMATCH-26APR19STALUK-STA,7,4,6,126,5,194,4,823,3,540,93,14,94,375,95,26,96,543,97,84,50.0
2026-04-18 02:58:45 PM,KXATPCHALLENGERMATCH-26APR19STALUK-STA,7,4,6,126,5,204,4,823,3,540,93,14,94,375,95,26,96,543,97,84,50.0
2026-04-18 02:58:45 PM,KXATPCHALLENGERMATCH-26APR19STALUK-STA,7,4,6,126,5,204,4,823,3,540,93,14,94,375,95,36,96,543,97,84,50.0
2026-04-18 02:58:45 PM,KXATPCHALLENGERMATCH-26APR19STALUK-STA,6,126,5,204,4,823,3,540,2,3114,93,14,94,375,95,36,96,543,97,84,49.5
2026-04-18 02:58:45 PM,KXATPCHALLENGERMATCH-26APR19STALUK-STA,6,126,5,204,4,823,3,540,2,3114,93,10,94,375,95,36,96,543,97,84,49.5
2026-04-18 02:58:46 PM,KXATPCHALLENGERMATCH-26APR19STALUK-STA,7,4,6,126,5,204,4,823,3,540,93,10,94,375,95,36,96,543,97,84,50.0
2026-04-18 02:58:46 PM,KXATPCHALLENGERMATCH-26APR19STALUK-STA,7,4,6,126,5,204,4,823,3,540,93,14,94,375,95,36,96,543,97,84,50.0
2026-04-18 02:58:46 PM,KXATPCHALLENGERMATCH-26APR19STALUK-STA,7,4,6,126,5,194,4,823,3,540,93,14,94,375,95,36,96,543,97,84,50.0
2026-04-18 02:58:46 PM,KXATPCHALLENGERMATCH-26APR19STALUK-STA,7,4,6,126,5,194,4,823,3,540,93,14,94,375,95,26,96,543,97,84,50.0
2026-04-18 02:58:46 PM,KXATPCHALLENGERMATCH-26APR19STALUK-STA,6,126,5,194,4,823,3,540,2,3114,93,14,94,375,95,26,96,543,97,84,49.5
2026-04-18 02:58:46 PM,KXATPCHALLENGERMATCH-26APR19STALUK-STA,6,126,5,194,4,823,3,540,2,3114,93,10,94,375,95,26,96,543,97,84,49.5
2026-04-18 02:58:46 PM,KXATPCHALLENGERMATCH-26APR19STALUK-STA,6,126,5,204,4,823,3,540,2,3114,93,10,94,375,95,26,96,543,97,84,49.5
2026-04-18 02:58:46 PM,KXATPCHALLENGERMATCH-26APR19STALUK-STA,6,126,5,204,4,823,3,540,2,3114,93,10,94,375,95,36,96,543,97,84,49.5
2026-04-18 02:58:47 PM,KXATPCHALLENGERMATCH-26APR19STALUK-STA,6,126,5,194,4,823,3,540,2,3114,93,10,94,375,95,36,96,543,97,84,49.5
2026-04-18 02:58:47 PM,KXATPCHALLENGERMATCH-26APR19STALUK-STA,7,4,6,126,5,194,4,823,3,540,93,10,94,375,95,36,96,543,97,84,50.0
2026-04-18 02:58:47 PM,KXATPCHALLENGERMATCH-26APR19STALUK-STA,7,4,6,126,5,194,4,823,3,540,93,10,94,375,95,26,96,543,97,84,50.0
2026-04-18 02:58:47 PM,KXATPCHALLENGERMATCH-26APR19STALUK-STA,7,4,6,126,5,194,4,823,3,540,93,14,94,375,95,26,96,543,97,84,50.0
2026-04-18 02:58:47 PM,KXATPCHALLENGERMATCH-26APR19STALUK-STA,6,126,5,194,4,823,3,540,2,3114,93,14,94,375,95,26,96,543,97,84,49.5
2026-04-18 02:58:47 PM,KXATPCHALLENGERMATCH-26APR19STALUK-STA,6,126,5,194,4,823,3,540,2,3114,93,10,94,375,95,26,96,543,97,84,49.5
2026-04-18 02:58:47 PM,KXATPCHALLENGERMATCH-26APR19STALUK-STA,6,126,5,204,4,823,3,540,2,3114,93,10,94,375,95,26,96,543,97,84,49.5
2026-04-18 02:58:47 PM,KXATPCHALLENGERMATCH-26APR19STALUK-STA,6,126,5,204,4,823,3,540,2,3114,93,10,94,375,95,36,96,543,97,84,49.5
2026-04-18 02:58:48 PM,KXATPCHALLENGERMATCH-26APR19STALUK-STA,6,126,5,194,4,823,3,540,2,3114,93,10,94,375,95,36,96,543,97,84,49.5
2026-04-18 02:58:48 PM,KXATPCHALLENGERMATCH-26APR19STALUK-STA,7,4,6,126,5,194,4,823,3,540,93,10,94,375,95,36,96,543,97,84,50.0
2026-04-18 02:58:48 PM,KXATPCHALLENGERMATCH-26APR19STALUK-STA,7,4,6,126,5,194,4,823,3,540,93,10,94,375,95,26,96,543,97,84,50.0
2026-04-18 02:58:48 PM,KXATPCHALLENGERMATCH-26APR19STALUK-STA,7,4,6,126,5,194,4,823,3,540,93,14,94,375,95,26,96,543,97,84,50.0
2026-04-18 02:58:48 PM,KXATPCHALLENGERMATCH-26APR19STALUK-STA,7,4,6,126,5,204,4,823,3,540,93,14,94,375,95,26,96,543,97,84,50.0
2026-04-18 02:58:48 PM,KXATPCHALLENGERMATCH-26APR19STALUK-STA,7,4,6,126,5,204,4,823,3,540,93,14,94,375,95,36,96,543,97,84,50.0
2026-04-18 02:58:48 PM,KXATPCHALLENGERMATCH-26APR19STALUK-STA,6,126,5,204,4,823,3,540,2,3114,93,14,94,375,95,36,96,543,97,84,49.5
2026-04-18 02:58:48 PM,KXATPCHALLENGERMATCH-26APR19STALUK-STA,6,126,5,204,4,823,3,540,2,3114,93,10,94,375,95,36,96,543,97,84,49.5
2026-04-18 02:58:49 PM,KXATPCHALLENGERMATCH-26APR19STALUK-STA,7,4,6,126,5,204,4,823,3,540,93,10,94,375,95,36,96,543,97,84,50.0
2026-04-18 02:58:49 PM,KXATPCHALLENGERMATCH-26APR19STALUK-STA,7,4,6,126,5,194,4,823,3,540,93,10,94,375,95,36,96,543,97,84,50.0
2026-04-18 02:58:49 PM,KXATPCHALLENGERMATCH-26APR19STALUK-STA,7,4,6,126,5,194,4,823,3,540,93,14,94,375,95,36,96,543,97,84,50.0
2026-04-18 02:58:49 PM,KXATPCHALLENGERMATCH-26APR19STALUK-STA,7,4,6,126,5,194,4,823,3,540,93,14,94,375,95,26,96,543,97,84,50.0
2026-04-18 02:58:49 PM,KXATPCHALLENGERMATCH-26APR19STALUK-STA,7,4,6,126,5,204,4,823,3,540,93,14,94,375,95,26,96,543,97,84,50.0
2026-04-18 02:58:49 PM,KXATPCHALLENGERMATCH-26APR19STALUK-STA,7,4,6,126,5,204,4,823,3,540,93,14,94,375,95,36,96,543,97,84,50.0
2026-04-18 02:58:49 PM,KXATPCHALLENGERMATCH-26APR19STALUK-STA,6,126,5,204,4,823,3,540,2,3114,93,14,94,375,95,36,96,543,97,84,49.5
2026-04-18 02:58:49 PM,KXATPCHALLENGERMATCH-26APR19STALUK-STA,6,126,5,204,4,823,3,540,2,3114,93,10,94,375,95,36,96,543,97,84,49.5
2026-04-18 02:58:50 PM,KXATPCHALLENGERMATCH-26APR19STALUK-STA,7,4,6,126,5,204,4,823,3,540,93,10,94,375,95,36,96,543,97,84,50.0
2026-04-18 02:58:50 PM,KXATPCHALLENGERMATCH-26APR19STALUK-STA,7,4,6,126,5,204,4,823,3,540,93,14,94,375,95,36,96,543,97,84,50.0
2026-04-18 02:58:50 PM,KXATPCHALLENGERMATCH-26APR19STALUK-STA,7,4,6,126,5,194,4,823,3,540,93,14,94,375,95,36,96,543,97,84,50.0
2026-04-18 02:58:50 PM,KXATPCHALLENGERMATCH-26APR19STALUK-STA,7,4,6,126,5,194,4,823,3,540,93,14,94,375,95,26,96,543,97,84,50.0
2026-04-18 02:58:50 PM,KXATPCHALLENGERMATCH-26APR19STALUK-STA,6,126,5,194,4,823,3,540,2,3114,93,14,94,375,95,26,96,543,97,84,49.5
2026-04-18 02:58:50 PM,KXATPCHALLENGERMATCH-26APR19STALUK-STA,6,126,5,194,4,823,3,540,2,3114,93,10,94,375,95,26,96,543,97,84,49.5
2026-04-18 02:58:50 PM,KXATPCHALLENGERMATCH-26APR19STALUK-STA,6,126,5,204,4,823,3,540,2,3114,93,10,94,375,95,26,96,543,97,84,49.5
2026-04-18 02:58:50 PM,KXATPCHALLENGERMATCH-26APR19STALUK-STA,6,126,5,204,4,823,3,540,2,3114,93,10,94,375,95,36,96,543,97,84,49.5
2026-04-18 02:58:51 PM,KXATPCHALLENGERMATCH-26APR19STALUK-STA,7,4,6,126,5,204,4,823,3,540,93,10,94,375,95,36,96,543,97,84,50.0
2026-04-18 02:58:51 PM,KXATPCHALLENGERMATCH-26APR19STALUK-STA,7,4,6,126,5,194,4,823,3,540,93,10,94,375,95,36,96,543,97,84,50.0
2026-04-18 02:58:51 PM,KXATPCHALLENGERMATCH-26APR19STALUK-STA,7,4,6,126,5,194,4,823,3,540,93,10,94,375,95,26,96,543,97,84,50.0
2026-04-18 02:58:51 PM,KXATPCHALLENGERMATCH-26APR19STALUK-STA,6,126,5,194,4,823,3,540,2,3114,93,10,94,375,95,26,96,543,97,84,49.5
2026-04-18 02:58:51 PM,KXATPCHALLENGERMATCH-26APR19STALUK-STA,6,126,5,204,4,823,3,540,2,3114,93,10,94,375,95,26,96,543,97,84,49.5
2026-04-18 02:58:51 PM,KXATPCHALLENGERMATCH-26APR19STALUK-STA,6,126,5,204,4,823,3,540,2,3114,93,10,94,375,95,36,96,543,97,84,49.5
2026-04-18 02:58:52 PM,KXATPCHALLENGERMATCH-26APR19STALUK-STA,7,4,6,126,5,204,4,823,3,540,93,10,94,375,95,36,96,543,97,84,50.0
2026-04-18 02:58:52 PM,KXATPCHALLENGERMATCH-26APR19STALUK-STA,7,4,6,126,5,194,4,823,3,540,93,10,94,375,95,36,96,543,97,84,50.0
2026-04-18 02:58:52 PM,KXATPCHALLENGERMATCH-26APR19STALUK-STA,7,4,6,126,5,194,4,823,3,540,93,10,94,375,95,26,96,543,97,84,50.0
2026-04-18 02:58:52 PM,KXATPCHALLENGERMATCH-26APR19STALUK-STA,6,126,5,194,4,823,3,540,2,3114,93,10,94,375,95,26,96,543,97,84,49.5
2026-04-18 02:58:52 PM,KXATPCHALLENGERMATCH-26APR19STALUK-STA,6,126,5,204,4,823,3,540,2,3114,93,10,94,375,95,26,96,543,97,84,49.5
2026-04-18 02:58:52 PM,KXATPCHALLENGERMATCH-26APR19STALUK-STA,6,126,5,204,4,823,3,540,2,3114,93,10,94,375,95,36,96,543,97,84,49.5
2026-04-18 02:58:53 PM,KXATPCHALLENGERMATCH-26APR19STALUK-STA,6,126,5,194,4,823,3,540,2,3114,93,10,94,375,95,36,96,543,97,84,49.5
2026-04-18 02:58:53 PM,KXATPCHALLENGERMATCH-26APR19STALUK-STA,6,126,5,194,4,823,3,540,2,3114,93,10,94,375,95,26,96,543,97,84,49.5
2026-04-18 02:58:53 PM,KXATPCHALLENGERMATCH-26APR19STALUK-STA,7,4,6,126,5,194,4,823,3,540,93,10,94,375,95,26,96,543,97,84,50.0
2026-04-18 02:58:53 PM,KXATPCHALLENGERMATCH-26APR19STALUK-STA,7,4,6,126,5,204,4,823,3,540,93,10,94,375,95,26,96,543,97,84,50.0
2026-04-18 02:58:54 PM,KXATPCHALLENGERMATCH-26APR19STALUK-STA,6,126,5,204,4,823,3,540,2,3114,93,10,94,375,95,26,96,543,97,84,49.5
2026-04-18 02:58:54 PM,KXATPCHALLENGERMATCH-26APR19STALUK-STA,7,4,6,126,5,204,4,823,3,540,93,10,94,375,95,26,96,543,97,84,50.0
2026-04-18 02:58:54 PM,KXATPCHALLENGERMATCH-26APR19STALUK-STA,7,4,6,126,5,204,4,823,3,540,93,14,94,375,95,26,96,543,97,84,50.0
2026-04-18 02:58:54 PM,KXATPCHALLENGERMATCH-26APR19STALUK-STA,7,4,6,126,5,194,4,823,3,540,93,14,94,375,95,26,96,543,97,84,50.0
2026-04-18 02:58:54 PM,KXATPCHALLENGERMATCH-26APR19STALUK-STA,6,126,5,194,4,823,3,540,2,3114,93,14,94,375,95,26,96,543,97,84,49.5
2026-04-18 02:58:54 PM,KXATPCHALLENGERMATCH-26APR19STALUK-STA,6,126,5,194,4,823,3,540,2,3114,93,10,94,375,95,26,96,543,97,84,49.5
2026-04-18 02:58:55 PM,KXATPCHALLENGERMATCH-26APR19STALUK-STA,6,126,5,204,4,823,3,540,2,3114,93,10,94,375,95,26,96,543,97,84,49.5
2026-04-18 02:58:55 PM,KXATPCHALLENGERMATCH-26APR19STALUK-STA,6,126,5,204,4,823,3,540,2,3114,93,10,94,375,95,36,96,543,97,84,49.5
2026-04-18 02:58:55 PM,KXATPCHALLENGERMATCH-26APR19STALUK-STA,7,4,6,126,5,204,4,823,3,540,93,10,94,375,95,36,96,543,97,84,50.0
2026-04-18 02:58:55 PM,KXATPCHALLENGERMATCH-26APR19STALUK-STA,7,4,6,126,5,194,4,823,3,540,93,10,94,375,95,36,96,543,97,84,50.0
2026-04-18 02:58:55 PM,KXATPCHALLENGERMATCH-26APR19STALUK-STA,7,4,6,126,5,194,4,823,3,540,93,10,94,375,95,26,96,543,97,84,50.0
2026-04-18 02:58:55 PM,KXATPCHALLENGERMATCH-26APR19STALUK-STA,7,4,6,126,5,194,4,823,3,540,93,14,94,375,95,26,96,543,97,84,50.0
2026-04-18 02:58:56 PM,KXATPCHALLENGERMATCH-26APR19STALUK-STA,7,4,6,126,5,204,4,823,3,540,93,14,94,375,95,26,96,543,97,84,50.0
2026-04-18 02:58:56 PM,KXATPCHALLENGERMATCH-26APR19STALUK-STA,7,4,6,126,5,204,4,823,3,540,93,14,94,375,95,36,96,543,97,84,50.0
2026-04-18 02:58:56 PM,KXATPCHALLENGERMATCH-26APR19STALUK-STA,6,126,5,204,4,823,3,540,2,3114,93,14,94,375,95,36,96,543,97,84,49.5
2026-04-18 02:58:56 PM,KXATPCHALLENGERMATCH-26APR19STALUK-STA,6,126,5,204,4,823,3,540,2,3114,93,10,94,375,95,36,96,543,97,84,49.5
2026-04-18 02:58:56 PM,KXATPCHALLENGERMATCH-26APR19STALUK-STA,7,4,6,126,5,204,4,823,3,540,93,10,94,375,95,36,96,543,97,84,50.0
2026-04-18 02:58:56 PM,KXATPCHALLENGERMATCH-26APR19STALUK-STA,7,4,6,126,5,204,4,823,3,540,93,14,94,375,95,36,96,543,97,84,50.0
2026-04-18 02:58:56 PM,KXATPCHALLENGERMATCH-26APR19STALUK-STA,7,4,6,126,5,194,4,823,3,540,93,14,94,375,95,36,96,543,97,84,50.0
2026-04-18 02:58:56 PM,KXATPCHALLENGERMATCH-26APR19STALUK-STA,7,4,6,126,5,194,4,823,3,540,93,14,94,375,95,26,96,543,97,84,50.0
2026-04-18 02:58:56 PM,KXATPCHALLENGERMATCH-26APR19STALUK-STA,6,126,5,194,4,823,3,540,2,3114,93,14,94,375,95,26,96,543,97,84,49.5
2026-04-18 02:58:57 PM,KXATPCHALLENGERMATCH-26APR19STALUK-STA,6,126,5,194,4,823,3,540,2,3114,93,10,94,375,95,26,96,543,97,84,49.5
2026-04-18 02:58:57 PM,KXATPCHALLENGERMATCH-26APR19STALUK-STA,6,126,5,204,4,823,3,540,2,3114,93,10,94,375,95,26,96,543,97,84,49.5
2026-04-18 02:58:57 PM,KXATPCHALLENGERMATCH-26APR19STALUK-STA,6,126,5,204,4,823,3,540,2,3114,93,10,94,375,95,36,96,543,97,84,49.5
2026-04-18 02:58:57 PM,KXATPCHALLENGERMATCH-26APR19STALUK-STA,6,126,5,194,4,823,3,540,2,3114,93,10,94,375,95,36,96,543,97,84,49.5
2026-04-18 02:58:57 PM,KXATPCHALLENGERMATCH-26APR19STALUK-STA,6,126,5,194,4,823,3,540,2,3114,93,10,94,375,95,26,96,543,97,84,49.5
2026-04-18 02:58:57 PM,KXATPCHALLENGERMATCH-26APR19STALUK-STA,7,4,6,126,5,194,4,823,3,540,93,10,94,375,95,26,96,543,97,84,50.0
2026-04-18 02:58:57 PM,KXATPCHALLENGERMATCH-26APR19STALUK-STA,7,4,6,126,5,194,4,823,3,540,93,14,94,375,95,26,96,543,97,84,50.0
2026-04-18 02:58:58 PM,KXATPCHALLENGERMATCH-26APR19STALUK-STA,7,4,6,126,5,204,4,823,3,540,93,14,94,375,95,26,96,543,97,84,50.0
2026-04-18 02:58:58 PM,KXATPCHALLENGERMATCH-26APR19STALUK-STA,7,4,6,126,5,204,4,823,3,540,93,14,94,375,95,36,96,543,97,84,50.0
2026-04-18 02:58:58 PM,KXATPCHALLENGERMATCH-26APR19STALUK-STA,6,126,5,204,4,823,3,540,2,3114,93,14,94,375,95,36,96,543,97,84,49.5
2026-04-18 02:58:58 PM,KXATPCHALLENGERMATCH-26APR19STALUK-STA,6,126,5,204,4,823,3,540,2,3114,93,10,94,375,95,36,96,543,97,84,49.5
2026-04-18 02:58:58 PM,KXATPCHALLENGERMATCH-26APR19STALUK-STA,7,4,6,126,5,204,4,823,3,540,93,10,94,375,95,36,96,543,97,84,50.0
2026-04-18 02:58:58 PM,KXATPCHALLENGERMATCH-26APR19STALUK-STA,7,4,6,126,5,204,4,823,3,540,93,14,94,375,95,36,96,543,97,84,50.0
2026-04-18 02:58:58 PM,KXATPCHALLENGERMATCH-26APR19STALUK-STA,7,4,6,126,5,194,4,823,3,540,93,14,94,375,95,36,96,543,97,84,50.0
2026-04-18 02:58:58 PM,KXATPCHALLENGERMATCH-26APR19STALUK-STA,7,4,6,126,5,194,4,823,3,540,93,14,94,375,95,26,96,543,97,84,50.0
2026-04-18 02:58:59 PM,KXATPCHALLENGERMATCH-26APR19STALUK-STA,7,4,6,126,5,204,4,823,3,540,93,14,94,375,95,26,96,543,97,84,50.0
2026-04-18 02:58:59 PM,KXATPCHALLENGERMATCH-26APR19STALUK-STA,7,4,6,126,5,204,4,823,3,540,93,14,94,375,95,36,96,543,97,84,50.0
2026-04-18 02:58:59 PM,KXATPCHALLENGERMATCH-26APR19STALUK-STA,6,126,5,204,4,823,3,540,2,3114,93,14,94,375,95,36,96,543,97,84,49.5
2026-04-18 02:58:59 PM,KXATPCHALLENGERMATCH-26APR19STALUK-STA,6,126,5,204,4,823,3,540,2,3114,93,10,94,375,95,36,96,543,97,84,49.5
2026-04-18 02:58:59 PM,KXATPCHALLENGERMATCH-26APR19STALUK-STA,6,126,5,194,4,823,3,540,2,3114,93,10,94,375,95,36,96,543,97,84,49.5
2026-04-18 02:58:59 PM,KXATPCHALLENGERMATCH-26APR19STALUK-STA,7,4,6,126,5,194,4,823,3,540,93,10,94,375,95,36,96,543,97,84,50.0
2026-04-18 02:58:59 PM,KXATPCHALLENGERMATCH-26APR19STALUK-STA,7,4,6,126,5,194,4,823,3,540,93,10,94,375,95,26,96,543,97,84,50.0
2026-04-18 02:58:59 PM,KXATPCHALLENGERMATCH-26APR19STALUK-STA,7,4,6,126,5,194,4,823,3,540,93,14,94,375,95,26,96,543,97,84,50.0
2026-04-18 02:59:00 PM,KXATPCHALLENGERMATCH-26APR19STALUK-STA,6,126,5,194,4,823,3,540,2,3114,93,14,94,375,95,26,96,543,97,84,49.5
2026-04-18 02:59:00 PM,KXATPCHALLENGERMATCH-26APR19STALUK-STA,6,126,5,194,4,823,3,540,2,3114,93,10,94,375,95,26,96,543,97,84,49.5
2026-04-18 02:59:00 PM,KXATPCHALLENGERMATCH-26APR19STALUK-STA,6,126,5,204,4,823,3,540,2,3114,93,10,94,375,95,26,96,543,97,84,49.5
2026-04-18 02:59:00 PM,KXATPCHALLENGERMATCH-26APR19STALUK-STA,7,4,6,126,5,204,4,823,3,540,93,10,94,375,95,26,96,543,97,84,50.0
2026-04-18 02:59:00 PM,KXATPCHALLENGERMATCH-26APR19STALUK-STA,7,4,6,126,5,204,4,823,3,540,93,14,94,375,95,26,96,543,97,84,50.0
2026-04-18 02:59:00 PM,KXATPCHALLENGERMATCH-26APR19STALUK-STA,7,4,6,126,5,194,4,823,3,540,93,14,94,375,95,26,96,543,97,84,50.0
2026-04-18 02:59:01 PM,KXATPCHALLENGERMATCH-26APR19STALUK-STA,6,126,5,194,4,823,3,540,2,3114,93,14,94,375,95,26,96,543,97,84,49.5
2026-04-18 02:59:01 PM,KXATPCHALLENGERMATCH-26APR19STALUK-STA,6,126,5,194,4,823,3,540,2,3114,93,10,94,375,95,26,96,543,97,84,49.5
2026-04-18 02:59:01 PM,KXATPCHALLENGERMATCH-26APR19STALUK-STA,6,126,5,204,4,823,3,540,2,3114,93,10,94,375,95,26,96,543,97,84,49.5
2026-04-18 02:59:01 PM,KXATPCHALLENGERMATCH-26APR19STALUK-STA,6,126,5,204,4,823,3,540,2,3114,93,10,94,375,95,36,96,543,97,84,49.5
2026-04-18 02:59:01 PM,KXATPCHALLENGERMATCH-26APR19STALUK-STA,7,4,6,126,5,204,4,823,3,540,93,10,94,375,95,36,96,543,97,84,50.0
2026-04-18 02:59:01 PM,KXATPCHALLENGERMATCH-26APR19STALUK-STA,7,4,6,126,5,204,4,823,3,540,93,14,94,375,95,36,96,543,97,84,50.0
2026-04-18 02:59:01 PM,KXATPCHALLENGERMATCH-26APR19STALUK-STA,7,4,6,126,5,194,4,823,3,540,93,14,94,375,95,36,96,543,97,84,50.0
2026-04-18 02:59:01 PM,KXATPCHALLENGERMATCH-26APR19STALUK-STA,7,4,6,126,5,194,4,823,3,540,93,14,94,375,95,26,96,543,97,84,50.0
2026-04-18 02:59:02 PM,KXATPCHALLENGERMATCH-26APR19STALUK-STA,6,126,5,194,4,823,3,540,2,3114,93,14,94,375,95,26,96,543,97,84,49.5
2026-04-18 02:59:02 PM,KXATPCHALLENGERMATCH-26APR19STALUK-STA,6,126,5,194,4,823,3,540,2,3114,93,10,94,375,95,26,96,543,97,84,49.5
2026-04-18 02:59:02 PM,KXATPCHALLENGERMATCH-26APR19STALUK-STA,6,126,5,204,4,823,3,540,2,3114,93,10,94,375,95,26,96,543,97,84,49.5
2026-04-18 02:59:02 PM,KXATPCHALLENGERMATCH-26APR19STALUK-STA,6,126,5,204,4,823,3,540,2,3114,93,10,94,375,95,36,96,543,97,84,49.5
2026-04-18 02:59:02 PM,KXATPCHALLENGERMATCH-26APR19STALUK-STA,6,126,5,194,4,823,3,540,2,3114,93,10,94,375,95,36,96,543,97,84,49.5
2026-04-18 02:59:02 PM,KXATPCHALLENGERMATCH-26APR19STALUK-STA,6,126,5,194,4,823,3,540,2,3114,93,10,94,375,95,26,96,543,97,84,49.5
2026-04-18 02:59:02 PM,KXATPCHALLENGERMATCH-26APR19STALUK-STA,7,4,6,126,5,194,4,823,3,540,93,10,94,375,95,26,96,543,97,84,50.0
2026-04-18 02:59:02 PM,KXATPCHALLENGERMATCH-26APR19STALUK-STA,7,4,6,126,5,194,4,823,3,540,93,14,94,375,95,26,96,543,97,84,50.0
2026-04-18 02:59:03 PM,KXATPCHALLENGERMATCH-26APR19STALUK-STA,7,4,6,126,5,204,4,823,3,540,93,14,94,375,95,26,96,543,97,84,50.0
2026-04-18 02:59:03 PM,KXATPCHALLENGERMATCH-26APR19STALUK-STA,6,126,5,204,4,823,3,540,2,3114,93,14,94,375,95,26,96,543,97,84,49.5
2026-04-18 02:59:03 PM,KXATPCHALLENGERMATCH-26APR19STALUK-STA,6,126,5,204,4,823,3,540,2,3114,93,14,94,375,95,36,96,543,97,84,49.5
2026-04-18 02:59:03 PM,KXATPCHALLENGERMATCH-26APR19STALUK-STA,6,126,5,204,4,823,3,540,2,3114,93,10,94,375,95,36,96,543,97,84,49.5
2026-04-18 02:59:03 PM,KXATPCHALLENGERMATCH-26APR19STALUK-STA,6,126,5,194,4,823,3,540,2,3114,93,10,94,375,95,36,96,543,97,84,49.5
2026-04-18 02:59:03 PM,KXATPCHALLENGERMATCH-26APR19STALUK-STA,6,126,5,194,4,823,3,540,2,3114,93,10,94,375,95,26,96,543,97,84,49.5
2026-04-18 02:59:03 PM,KXATPCHALLENGERMATCH-26APR19STALUK-STA,7,4,6,126,5,194,4,823,3,540,93,10,94,375,95,26,96,543,97,84,50.0
2026-04-18 02:59:03 PM,KXATPCHALLENGERMATCH-26APR19STALUK-STA,7,4,6,126,5,194,4,823,3,540,93,14,94,375,95,26,96,543,97,84,50.0
2026-04-18 02:59:04 PM,KXATPCHALLENGERMATCH-26APR19STALUK-STA,6,126,5,194,4,823,3,540,2,3114,93,14,94,375,95,26,96,543,97,84,49.5
2026-04-18 02:59:04 PM,KXATPCHALLENGERMATCH-26APR19STALUK-STA,6,126,5,204,4,823,3,540,2,3114,93,14,94,375,95,26,96,543,97,84,49.5
2026-04-18 02:59:04 PM,KXATPCHALLENGERMATCH-26APR19STALUK-STA,6,126,5,204,4,823,3,540,2,3114,93,10,94,375,95,26,96,543,97,84,49.5
2026-04-18 02:59:04 PM,KXATPCHALLENGERMATCH-26APR19STALUK-STA,6,126,5,204,4,823,3,540,2,3114,93,10,94,375,95,36,96,543,97,84,49.5
2026-04-18 02:59:04 PM,KXATPCHALLENGERMATCH-26APR19STALUK-STA,7,4,6,126,5,204,4,823,3,540,93,10,94,375,95,36,96,543,97,84,50.0
2026-04-18 02:59:04 PM,KXATPCHALLENGERMATCH-26APR19STALUK-STA,7,4,6,126,5,204,4,823,3,540,93,14,94,375,95,36,96,543,97,84,50.0
2026-04-18 02:59:04 PM,KXATPCHALLENGERMATCH-26APR19STALUK-STA,7,4,6,126,5,194,4,823,3,540,93,14,94,375,95,36,96,543,97,84,50.0
2026-04-18 02:59:04 PM,KXATPCHALLENGERMATCH-26APR19STALUK-STA,7,4,6,126,5,194,4,823,3,540,93,14,94,375,95,26,96,543,97,84,50.0
2026-04-18 02:59:05 PM,KXATPCHALLENGERMATCH-26APR19STALUK-STA,6,126,5,194,4,823,3,540,2,3114,93,14,94,375,95,26,96,543,97,84,49.5
2026-04-18 02:59:05 PM,KXATPCHALLENGERMATCH-26APR19STALUK-STA,6,126,5,194,4,823,3,540,2,3114,93,10,94,375,95,26,96,543,97,84,49.5
2026-04-18 02:59:05 PM,KXATPCHALLENGERMATCH-26APR19STALUK-STA,6,126,5,204,4,823,3,540,2,3114,93,10,94,375,95,26,96,543,97,84,49.5
2026-04-18 02:59:05 PM,KXATPCHALLENGERMATCH-26APR19STALUK-STA,6,126,5,204,4,823,3,540,2,3114,93,10,94,375,95,36,96,543,97,84,49.5
2026-04-18 02:59:05 PM,KXATPCHALLENGERMATCH-26APR19STALUK-STA,6,126,5,194,4,823,3,540,2,3114,93,10,94,375,95,36,96,543,97,84,49.5
2026-04-18 02:59:05 PM,KXATPCHALLENGERMATCH-26APR19STALUK-STA,6,126,5,194,4,823,3,540,2,3114,93,10,94,375,95,26,96,543,97,84,49.5
2026-04-18 02:59:05 PM,KXATPCHALLENGERMATCH-26APR19STALUK-STA,7,4,6,126,5,194,4,823,3,540,93,10,94,375,95,26,96,543,97,84,50.0
2026-04-18 02:59:06 PM,KXATPCHALLENGERMATCH-26APR19STALUK-STA,6,126,5,194,4,823,3,540,2,3114,93,10,94,375,95,26,96,543,97,84,49.5
2026-04-18 02:59:06 PM,KXATPCHALLENGERMATCH-26APR19STALUK-STA,6,126,5,204,4,823,3,540,2,3114,93,10,94,375,95,26,96,543,97,84,49.5
2026-04-18 02:59:06 PM,KXATPCHALLENGERMATCH-26APR19STALUK-STA,6,126,5,204,4,823,3,540,2,3114,93,10,94,375,95,36,96,543,97,84,49.5
2026-04-18 02:59:06 PM,KXATPCHALLENGERMATCH-26APR19STALUK-STA,6,126,5,194,4,823,3,540,2,3114,93,10,94,375,95,36,96,543,97,84,49.5
2026-04-18 02:59:06 PM,KXATPCHALLENGERMATCH-26APR19STALUK-STA,6,126,5,194,4,823,3,540,2,3114,93,10,94,375,95,26,96,543,97,84,49.5
2026-04-18 02:59:06 PM,KXATPCHALLENGERMATCH-26APR19STALUK-STA,7,4,6,126,5,194,4,823,3,540,93,10,94,375,95,26,96,543,97,84,50.0
2026-04-18 02:59:06 PM,KXATPCHALLENGERMATCH-26APR19STALUK-STA,7,4,6,126,5,194,4,823,3,540,93,14,94,375,95,26,96,543,97,84,50.0
2026-04-18 02:59:07 PM,KXATPCHALLENGERMATCH-26APR19STALUK-STA,7,4,6,126,5,204,4,823,3,540,93,14,94,375,95,26,96,543,97,84,50.0
2026-04-18 02:59:07 PM,KXATPCHALLENGERMATCH-26APR19STALUK-STA,7,4,6,126,5,204,4,823,3,540,93,14,94,375,95,36,96,543,97,84,50.0
2026-04-18 02:59:07 PM,KXATPCHALLENGERMATCH-26APR19STALUK-STA,6,126,5,204,4,823,3,540,2,3114,93,14,94,375,95,36,96,543,97,84,49.5
2026-04-18 02:59:07 PM,KXATPCHALLENGERMATCH-26APR19STALUK-STA,6,126,5,204,4,823,3,540,2,3114,93,10,94,375,95,36,96,543,97,84,49.5
2026-04-18 02:59:07 PM,KXATPCHALLENGERMATCH-26APR19STALUK-STA,6,126,5,194,4,823,3,540,2,3114,93,10,94,375,95,36,96,543,97,84,49.5
2026-04-18 02:59:07 PM,KXATPCHALLENGERMATCH-26APR19STALUK-STA,6,126,5,194,4,823,3,540,2,3114,93,10,94,375,95,26,96,543,97,84,49.5
2026-04-18 02:59:07 PM,KXATPCHALLENGERMATCH-26APR19STALUK-STA,7,4,6,126,5,194,4,823,3,540,93,10,94,375,95,26,96,543,97,84,50.0
2026-04-18 02:59:07 PM,KXATPCHALLENGERMATCH-26APR19STALUK-STA,7,4,6,126,5,194,4,823,3,540,93,14,94,375,95,26,96,543,97,84,50.0
2026-04-18 02:59:08 PM,KXATPCHALLENGERMATCH-26APR19STALUK-STA,7,4,6,126,5,204,4,823,3,540,93,14,94,375,95,26,96,543,97,84,50.0
2026-04-18 02:59:08 PM,KXATPCHALLENGERMATCH-26APR19STALUK-STA,7,4,6,126,5,204,4,823,3,540,93,14,94,375,95,36,96,543,97,84,50.0
2026-04-18 02:59:08 PM,KXATPCHALLENGERMATCH-26APR19STALUK-STA,6,126,5,204,4,823,3,540,2,3114,93,14,94,375,95,36,96,543,97,84,49.5
2026-04-18 02:59:08 PM,KXATPCHALLENGERMATCH-26APR19STALUK-STA,6,126,5,204,4,823,3,540,2,3114,93,10,94,375,95,36,96,543,97,84,49.5
2026-04-18 02:59:08 PM,KXATPCHALLENGERMATCH-26APR19STALUK-STA,7,4,6,126,5,204,4,823,3,540,93,10,94,375,95,36,96,543,97,84,50.0
2026-04-18 02:59:08 PM,KXATPCHALLENGERMATCH-26APR19STALUK-STA,7,4,6,126,5,194,4,823,3,540,93,10,94,375,95,36,96,543,97,84,50.0
2026-04-18 02:59:08 PM,KXATPCHALLENGERMATCH-26APR19STALUK-STA,7,4,6,126,5,194,4,823,3,540,93,10,94,375,95,26,96,543,97,84,50.0
2026-04-18 02:59:08 PM,KXATPCHALLENGERMATCH-26APR19STALUK-STA,7,4,6,126,5,194,4,823,3,540,93,14,94,375,95,26,96,543,97,84,50.0
2026-04-18 02:59:09 PM,KXATPCHALLENGERMATCH-26APR19STALUK-STA,7,4,6,126,5,204,4,823,3,540,93,14,94,375,95,26,96,543,97,84,50.0
2026-04-18 02:59:09 PM,KXATPCHALLENGERMATCH-26APR19STALUK-STA,7,4,6,126,5,204,4,823,3,540,93,14,94,375,95,36,96,543,97,84,50.0
2026-04-18 02:59:09 PM,KXATPCHALLENGERMATCH-26APR19STALUK-STA,6,126,5,204,4,823,3,540,2,3114,93,14,94,375,95,36,96,543,97,84,49.5
2026-04-18 02:59:09 PM,KXATPCHALLENGERMATCH-26APR19STALUK-STA,6,126,5,204,4,823,3,540,2,3114,93,10,94,375,95,36,96,543,97,84,49.5
2026-04-18 02:59:09 PM,KXATPCHALLENGERMATCH-26APR19STALUK-STA,7,4,6,126,5,204,4,823,3,540,93,10,94,375,95,36,96,543,97,84,50.0
2026-04-18 02:59:09 PM,KXATPCHALLENGERMATCH-26APR19STALUK-STA,7,4,6,126,5,194,4,823,3,540,93,10,94,375,95,36,96,543,97,84,50.0
2026-04-18 02:59:09 PM,KXATPCHALLENGERMATCH-26APR19STALUK-STA,7,4,6,126,5,194,4,823,3,540,93,10,94,375,95,26,96,543,97,84,50.0
2026-04-18 02:59:10 PM,KXATPCHALLENGERMATCH-26APR19STALUK-STA,6,126,5,194,4,823,3,540,2,3114,93,10,94,375,95,26,96,543,97,84,49.5
2026-04-18 02:59:10 PM,KXATPCHALLENGERMATCH-26APR19STALUK-STA,6,126,5,204,4,823,3,540,2,3114,93,10,94,375,95,26,96,543,97,84,49.5
2026-04-18 02:59:10 PM,KXATPCHALLENGERMATCH-26APR19STALUK-STA,6,126,5,204,4,823,3,540,2,3114,93,10,94,375,95,36,96,543,97,84,49.5
2026-04-18 02:59:10 PM,KXATPCHALLENGERMATCH-26APR19STALUK-STA,7,4,6,126,5,204,4,823,3,540,93,10,94,375,95,36,96,543,97,84,50.0
2026-04-18 02:59:10 PM,KXATPCHALLENGERMATCH-26APR19STALUK-STA,7,4,6,126,5,194,4,823,3,540,93,10,94,375,95,36,96,543,97,84,50.0
2026-04-18 02:59:10 PM,KXATPCHALLENGERMATCH-26APR19STALUK-STA,7,4,6,126,5,194,4,823,3,540,93,14,94,375,95,36,96,543,97,84,50.0
2026-04-18 02:59:10 PM,KXATPCHALLENGERMATCH-26APR19STALUK-STA,7,4,6,126,5,194,4,823,3,540,93,14,94,375,95,26,96,543,97,84,50.0
2026-04-18 02:59:10 PM,KXATPCHALLENGERMATCH-26APR19STALUK-STA,8,2,7,4,6,126,5,194,4,823,93,14,94,375,95,26,96,543,97,84,50.5
2026-04-18 02:59:10 PM,KXATPCHALLENGERMATCH-26APR19STALUK-STA,8,2,7,4,6,126,5,194,4,823,92,2,93,14,94,375,95,26,96,543,50.0
2026-04-18 02:59:11 PM,KXATPCHALLENGERMATCH-26APR19STALUK-STA,8,2,7,13,6,126,5,194,4,823,92,2,93,14,94,375,95,26,96,543,50.0
2026-04-18 02:59:11 PM,KXATPCHALLENGERMATCH-26APR19STALUK-STA,8,2,7,13,6,126,5,194,4,823,92,2,93,23,94,375,95,26,96,543,50.0
2026-04-18 03:04:12 PM,KXATPCHALLENGERMATCH-26APR19STALUK-STA,8,2,7,13,6,126,5,194,4,823,92,2,93,23,94,375,95,26,96,543,50.0
2026-04-18 03:13:27 PM,KXATPCHALLENGERMATCH-26APR19STALUK-STA,8,2,7,13,6,126,5,194,4,823,92,2,93,13,94,375,95,26,96,543,50.0
2026-04-18 03:14:46 PM,KXATPCHALLENGERMATCH-26APR19STALUK-STA,8,2,7,13,6,126,5,194,4,823,93,13,94,375,95,26,96,543,97,84,50.5
2026-04-18 03:14:46 PM,KXATPCHALLENGERMATCH-26APR19STALUK-STA,8,2,7,13,6,116,5,194,4,823,93,13,94,375,95,26,96,543,97,84,50.5
2026-04-18 03:14:46 PM,KXATPCHALLENGERMATCH-26APR19STALUK-STA,8,6,7,13,6,116,5,194,4,823,93,13,94,375,95,26,96,543,97,84,50.5
2026-04-18 03:14:47 PM,KXATPCHALLENGERMATCH-26APR19STALUK-STA,8,4,7,13,6,116,5,194,4,823,93,13,94,375,95,26,96,543,97,84,50.5
2026-04-18 03:14:47 PM,KXATPCHALLENGERMATCH-26APR19STALUK-STA,8,4,7,13,6,125,5,194,4,823,93,13,94,375,95,26,96,543,97,84,50.5
2026-04-18 03:14:47 PM,KXATPCHALLENGERMATCH-26APR19STALUK-STA,7,13,6,125,5,194,4,823,3,540,93,13,94,375,95,26,96,543,97,84,50.0
2026-04-18 03:14:47 PM,KXATPCHALLENGERMATCH-26APR19STALUK-STA,7,13,6,125,5,194,4,823,3,540,93,13,94,379,95,26,96,543,97,84,50.0
2026-04-18 03:14:47 PM,KXATPCHALLENGERMATCH-26APR19STALUK-STA,7,13,6,125,5,194,4,823,3,540,93,9,94,379,95,26,96,543,97,84,50.0
2026-04-18 03:14:47 PM,KXATPCHALLENGERMATCH-26APR19STALUK-STA,7,13,6,125,5,194,4,823,3,540,93,9,94,379,95,35,96,543,97,84,50.0
2026-04-18 03:14:47 PM,KXATPCHALLENGERMATCH-26APR19STALUK-STA,7,13,6,125,5,194,4,823,3,540,94,379,95,35,96,543,97,84,98,2323,50.5
2026-04-18 03:14:47 PM,KXATPCHALLENGERMATCH-26APR19STALUK-STA,7,9,6,125,5,194,4,823,3,540,94,379,95,35,96,543,97,84,98,2323,50.5
2026-04-18 03:14:47 PM,KXATPCHALLENGERMATCH-26APR19STALUK-STA,6,125,5,194,4,823,3,540,2,3114,94,379,95,35,96,543,97,84,98,2323,50.0
2026-04-18 03:14:47 PM,KXATPCHALLENGERMATCH-26APR19STALUK-STA,6,125,5,194,4,823,3,540,2,3114,94,369,95,35,96,543,97,84,98,2323,50.0
2026-04-18 03:14:48 PM,KXATPCHALLENGERMATCH-26APR19STALUK-STA,6,125,5,194,4,823,3,540,2,3114,94,365,95,35,96,543,97,84,98,2323,50.0
2026-04-18 03:14:48 PM,KXATPCHALLENGERMATCH-26APR19STALUK-STA,6,116,5,194,4,823,3,540,2,3114,94,365,95,35,96,543,97,84,98,2323,50.0
2026-04-18 03:22:31 PM,KXATPCHALLENGERMATCH-26APR19STALUK-STA,6,116,5,208,4,823,3,540,2,3114,94,365,95,35,96,543,97,84,98,2323,50.0
2026-04-18 03:22:31 PM,KXATPCHALLENGERMATCH-26APR19STALUK-STA,6,116,5,208,4,832,3,540,2,3114,94,365,95,35,96,543,97,84,98,2323,50.0
2026-04-18 03:22:31 PM,KXATPCHALLENGERMATCH-26APR19STALUK-STA,6,116,5,208,4,832,3,540,2,3114,94,365,95,40,96,543,97,84,98,2323,50.0
2026-04-18 03:22:31 PM,KXATPCHALLENGERMATCH-26APR19STALUK-STA,6,116,5,208,4,832,3,540,2,3114,94,365,95,40,96,552,97,84,98,2323,50.0
2026-04-18 03:28:33 PM,KXATPCHALLENGERMATCH-26APR19STALUK-STA,6,116,5,208,4,832,3,540,2,3114,93,10,94,365,95,40,96,552,97,84,49.5
2026-04-18 03:28:33 PM,KXATPCHALLENGERMATCH-26APR19STALUK-STA,6,116,5,208,4,823,3,540,2,3114,93,10,94,365,95,40,96,552,97,84,49.5
2026-04-18 03:28:33 PM,KXATPCHALLENGERMATCH-26APR19STALUK-STA,6,116,5,208,4,823,3,540,2,3114,93,10,94,365,95,40,96,543,97,84,49.5
2026-04-18 03:28:33 PM,KXATPCHALLENGERMATCH-26APR19STALUK-STA,6,120,5,208,4,823,3,540,2,3114,93,10,94,365,95,40,96,543,97,84,49.5
2026-04-18 03:28:33 PM,KXATPCHALLENGERMATCH-26APR19STALUK-STA,6,120,5,208,4,823,3,540,2,3114,93,10,94,369,95,40,96,543,97,84,49.5
2026-04-18 03:28:33 PM,KXATPCHALLENGERMATCH-26APR19STALUK-STA,7,4,6,120,5,208,4,823,3,540,93,10,94,369,95,40,96,543,97,84,50.0
2026-04-18 03:28:33 PM,KXATPCHALLENGERMATCH-26APR19STALUK-STA,7,4,6,126,5,208,4,823,3,540,93,10,94,369,95,40,96,543,97,84,50.0
2026-04-18 03:28:33 PM,KXATPCHALLENGERMATCH-26APR19STALUK-STA,7,4,6,126,5,208,4,823,3,540,93,14,94,369,95,40,96,543,97,84,50.0
2026-04-18 03:28:33 PM,KXATPCHALLENGERMATCH-26APR19STALUK-STA,7,4,6,126,5,194,4,823,3,540,93,14,94,369,95,40,96,543,97,84,50.0
2026-04-18 03:28:33 PM,KXATPCHALLENGERMATCH-26APR19STALUK-STA,7,4,6,126,5,194,4,823,3,540,93,14,94,369,95,31,96,543,97,84,50.0
2026-04-18 03:28:33 PM,KXATPCHALLENGERMATCH-26APR19STALUK-STA,7,4,6,126,5,194,4,823,3,540,93,14,94,369,95,26,96,543,97,84,50.0
2026-04-18 03:28:34 PM,KXATPCHALLENGERMATCH-26APR19STALUK-STA,7,4,6,130,5,194,4,823,3,540,93,14,94,369,95,26,96,543,97,84,50.0
2026-04-18 03:28:34 PM,KXATPCHALLENGERMATCH-26APR19STALUK-STA,6,130,5,194,4,823,3,540,2,3114,93,14,94,369,95,26,96,543,97,84,49.5
2026-04-18 03:28:34 PM,KXATPCHALLENGERMATCH-26APR19STALUK-STA,6,130,5,194,4,823,3,540,2,3114,93,10,94,369,95,26,96,543,97,84,49.5
2026-04-18 03:28:34 PM,KXATPCHALLENGERMATCH-26APR19STALUK-STA,7,4,6,130,5,194,4,823,3,540,93,10,94,369,95,26,96,543,97,84,50.0
2026-04-18 03:28:34 PM,KXATPCHALLENGERMATCH-26APR19STALUK-STA,7,4,6,130,5,194,4,823,3,540,93,14,94,369,95,26,96,543,97,84,50.0
2026-04-18 03:28:34 PM,KXATPCHALLENGERMATCH-26APR19STALUK-STA,7,4,6,130,5,194,4,823,3,540,93,14,94,375,95,26,96,543,97,84,50.0
2026-04-18 03:28:35 PM,KXATPCHALLENGERMATCH-26APR19STALUK-STA,7,4,6,130,5,203,4,823,3,540,93,14,94,375,95,26,96,543,97,84,50.0
2026-04-18 03:28:35 PM,KXATPCHALLENGERMATCH-26APR19STALUK-STA,6,130,5,203,4,823,3,540,2,3114,93,14,94,375,95,26,96,543,97,84,49.5
2026-04-18 03:28:35 PM,KXATPCHALLENGERMATCH-26APR19STALUK-STA,6,130,5,203,4,823,3,540,2,3114,93,10,94,375,95,26,96,543,97,84,49.5
2026-04-18 03:28:35 PM,KXATPCHALLENGERMATCH-26APR19STALUK-STA,6,130,5,194,4,823,3,540,2,3114,93,10,94,375,95,26,96,543,97,84,49.5
2026-04-18 03:28:35 PM,KXATPCHALLENGERMATCH-26APR19STALUK-STA,7,4,6,130,5,194,4,823,3,540,93,10,94,375,95,26,96,543,97,84,50.0
2026-04-18 03:28:35 PM,KXATPCHALLENGERMATCH-26APR19STALUK-STA,7,4,6,130,5,194,4,823,3,540,93,14,94,375,95,26,96,543,97,84,50.0
2026-04-18 03:28:36 PM,KXATPCHALLENGERMATCH-26APR19STALUK-STA,6,130,5,194,4,823,3,540,2,3114,93,14,94,375,95,26,96,543,97,84,49.5
2026-04-18 03:28:36 PM,KXATPCHALLENGERMATCH-26APR19STALUK-STA,6,130,5,194,4,823,3,540,2,3114,93,10,94,375,95,26,96,543,97,84,49.5
2026-04-18 03:28:36 PM,KXATPCHALLENGERMATCH-26APR19STALUK-STA,6,130,5,203,4,823,3,540,2,3114,93,10,94,375,95,26,96,543,97,84,49.5
2026-04-18 03:28:36 PM,KXATPCHALLENGERMATCH-26APR19STALUK-STA,6,130,5,194,4,823,3,540,2,3114,93,10,94,375,95,26,96,543,97,84,49.5
2026-04-18 03:28:36 PM,KXATPCHALLENGERMATCH-26APR19STALUK-STA,7,4,6,130,5,194,4,823,3,540,93,10,94,375,95,26,96,543,97,84,50.0
2026-04-18 03:28:36 PM,KXATPCHALLENGERMATCH-26APR19STALUK-STA,7,4,6,130,5,194,4,823,3,540,93,14,94,375,95,26,96,543,97,84,50.0
2026-04-18 03:28:37 PM,KXATPCHALLENGERMATCH-26APR19STALUK-STA,7,4,6,130,5,203,4,823,3,540,93,14,94,375,95,26,96,543,97,84,50.0
2026-04-18 03:28:37 PM,KXATPCHALLENGERMATCH-26APR19STALUK-STA,7,4,6,130,5,203,4,823,3,540,93,14,94,379,95,26,96,543,97,84,50.0
2026-04-18 03:28:37 PM,KXATPCHALLENGERMATCH-26APR19STALUK-STA,7,4,6,130,5,203,4,823,3,540,93,14,94,379,95,35,96,543,97,84,50.0
2026-04-18 03:28:37 PM,KXATPCHALLENGERMATCH-26APR19STALUK-STA,6,130,5,203,4,823,3,540,2,3114,93,14,94,379,95,35,96,543,97,84,49.5
2026-04-18 03:28:37 PM,KXATPCHALLENGERMATCH-26APR19STALUK-STA,6,130,5,203,4,823,3,540,2,3114,93,10,94,379,95,35,96,543,97,84,49.5
2026-04-18 03:28:37 PM,KXATPCHALLENGERMATCH-26APR19STALUK-STA,6,130,5,194,4,823,3,540,2,3114,93,10,94,379,95,35,96,543,97,84,49.5
2026-04-18 03:28:37 PM,KXATPCHALLENGERMATCH-26APR19STALUK-STA,7,4,6,130,5,194,4,823,3,540,93,10,94,379,95,35,96,543,97,84,50.0
2026-04-18 03:28:37 PM,KXATPCHALLENGERMATCH-26APR19STALUK-STA,7,4,6,130,5,194,4,823,3,540,93,10,94,379,95,26,96,543,97,84,50.0
2026-04-18 03:28:37 PM,KXATPCHALLENGERMATCH-26APR19STALUK-STA,7,4,6,130,5,194,4,823,3,540,93,14,94,379,95,26,96,543,97,84,50.0
2026-04-18 03:28:38 PM,KXATPCHALLENGERMATCH-26APR19STALUK-STA,7,4,6,130,5,203,4,823,3,540,93,14,94,379,95,26,96,543,97,84,50.0
2026-04-18 03:28:38 PM,KXATPCHALLENGERMATCH-26APR19STALUK-STA,7,4,6,130,5,203,4,823,3,540,93,14,94,379,95,35,96,543,97,84,50.0
2026-04-18 03:28:38 PM,KXATPCHALLENGERMATCH-26APR19STALUK-STA,6,130,5,203,4,823,3,540,2,3114,93,14,94,379,95,35,96,543,97,84,49.5
2026-04-18 03:28:38 PM,KXATPCHALLENGERMATCH-26APR19STALUK-STA,6,130,5,203,4,823,3,540,2,3114,93,10,94,379,95,35,96,543,97,84,49.5
2026-04-18 03:28:38 PM,KXATPCHALLENGERMATCH-26APR19STALUK-STA,7,4,6,130,5,203,4,823,3,540,93,10,94,379,95,35,96,543,97,84,50.0
2026-04-18 03:28:38 PM,KXATPCHALLENGERMATCH-26APR19STALUK-STA,7,4,6,130,5,203,4,823,3,540,93,14,94,379,95,35,96,543,97,84,50.0
2026-04-18 03:28:38 PM,KXATPCHALLENGERMATCH-26APR19STALUK-STA,7,4,6,130,5,194,4,823,3,540,93,14,94,379,95,35,96,543,97,84,50.0
2026-04-18 03:28:38 PM,KXATPCHALLENGERMATCH-26APR19STALUK-STA,7,4,6,130,5,194,4,823,3,540,93,14,94,379,95,26,96,543,97,84,50.0
2026-04-18 03:28:39 PM,KXATPCHALLENGERMATCH-26APR19STALUK-STA,6,130,5,194,4,823,3,540,2,3114,93,14,94,379,95,26,96,543,97,84,49.5
2026-04-18 03:28:39 PM,KXATPCHALLENGERMATCH-26APR19STALUK-STA,6,130,5,203,4,823,3,540,2,3114,93,14,94,379,95,26,96,543,97,84,49.5
2026-04-18 03:28:39 PM,KXATPCHALLENGERMATCH-26APR19STALUK-STA,6,130,5,203,4,823,3,540,2,3114,93,10,94,379,95,26,96,543,97,84,49.5
2026-04-18 03:28:39 PM,KXATPCHALLENGERMATCH-26APR19STALUK-STA,6,130,5,203,4,823,3,540,2,3114,93,10,94,379,95,35,96,543,97,84,49.5
2026-04-18 03:28:39 PM,KXATPCHALLENGERMATCH-26APR19STALUK-STA,6,130,5,194,4,823,3,540,2,3114,93,10,94,379,95,35,96,543,97,84,49.5
2026-04-18 03:28:39 PM,KXATPCHALLENGERMATCH-26APR19STALUK-STA,6,130,5,194,4,823,3,540,2,3114,93,10,94,379,95,26,96,543,97,84,49.5
2026-04-18 03:28:39 PM,KXATPCHALLENGERMATCH-26APR19STALUK-STA,7,4,6,130,5,194,4,823,3,540,93,10,94,379,95,26,96,543,97,84,50.0
2026-04-18 03:28:39 PM,KXATPCHALLENGERMATCH-26APR19STALUK-STA,7,4,6,130,5,194,4,823,3,540,93,14,94,379,95,26,96,543,97,84,50.0
2026-04-18 03:28:40 PM,KXATPCHALLENGERMATCH-26APR19STALUK-STA,6,130,5,194,4,823,3,540,2,3114,93,14,94,379,95,26,96,543,97,84,49.5
2026-04-18 03:28:40 PM,KXATPCHALLENGERMATCH-26APR19STALUK-STA,6,130,5,194,4,823,3,540,2,3114,93,10,94,379,95,26,96,543,97,84,49.5
2026-04-18 03:28:40 PM,KXATPCHALLENGERMATCH-26APR19STALUK-STA,6,130,5,203,4,823,3,540,2,3114,93,10,94,379,95,26,96,543,97,84,49.5
2026-04-18 03:28:40 PM,KXATPCHALLENGERMATCH-26APR19STALUK-STA,6,130,5,203,4,823,3,540,2,3114,93,10,94,379,95,35,96,543,97,84,49.5
2026-04-18 03:28:40 PM,KXATPCHALLENGERMATCH-26APR19STALUK-STA,6,130,5,194,4,823,3,540,2,3114,93,10,94,379,95,35,96,543,97,84,49.5
2026-04-18 03:28:40 PM,KXATPCHALLENGERMATCH-26APR19STALUK-STA,6,130,5,194,4,823,3,540,2,3114,93,10,94,379,95,26,96,543,97,84,49.5
2026-04-18 03:28:40 PM,KXATPCHALLENGERMATCH-26APR19STALUK-STA,7,4,6,130,5,194,4,823,3,540,93,10,94,379,95,26,96,543,97,84,50.0
2026-04-18 03:28:40 PM,KXATPCHALLENGERMATCH-26APR19STALUK-STA,7,4,6,130,5,194,4,823,3,540,93,14,94,379,95,26,96,543,97,84,50.0
2026-04-18 03:28:41 PM,KXATPCHALLENGERMATCH-26APR19STALUK-STA,6,130,5,194,4,823,3,540,2,3114,93,14,94,379,95,26,96,543,97,84,49.5
2026-04-18 03:28:41 PM,KXATPCHALLENGERMATCH-26APR19STALUK-STA,6,130,5,203,4,823,3,540,2,3114,93,14,94,379,95,26,96,543,97,84,49.5
2026-04-18 03:28:41 PM,KXATPCHALLENGERMATCH-26APR19STALUK-STA,6,130,5,203,4,823,3,540,2,3114,93,10,94,379,95,26,96,543,97,84,49.5
2026-04-18 03:28:41 PM,KXATPCHALLENGERMATCH-26APR19STALUK-STA,7,4,6,130,5,203,4,823,3,540,93,10,94,379,95,26,96,543,97,84,50.0
2026-04-18 03:28:41 PM,KXATPCHALLENGERMATCH-26APR19STALUK-STA,7,4,6,130,5,194,4,823,3,540,93,10,94,379,95,26,96,543,97,84,50.0
2026-04-18 03:28:41 PM,KXATPCHALLENGERMATCH-26APR19STALUK-STA,7,4,6,130,5,194,4,823,3,540,93,14,94,379,95,26,96,543,97,84,50.0
2026-04-18 03:28:42 PM,KXATPCHALLENGERMATCH-26APR19STALUK-STA,7,4,6,130,5,203,4,823,3,540,93,14,94,379,95,26,96,543,97,84,50.0
2026-04-18 03:28:42 PM,KXATPCHALLENGERMATCH-26APR19STALUK-STA,6,130,5,203,4,823,3,540,2,3114,93,14,94,379,95,26,96,543,97,84,49.5
2026-04-18 03:28:42 PM,KXATPCHALLENGERMATCH-26APR19STALUK-STA,6,130,5,203,4,823,3,540,2,3114,93,14,94,379,95,35,96,543,97,84,49.5
2026-04-18 03:28:42 PM,KXATPCHALLENGERMATCH-26APR19STALUK-STA,6,130,5,203,4,823,3,540,2,3114,93,10,94,379,95,35,96,543,97,84,49.5
2026-04-18 03:28:42 PM,KXATPCHALLENGERMATCH-26APR19STALUK-STA,6,130,5,194,4,823,3,540,2,3114,93,10,94,379,95,35,96,543,97,84,49.5
2026-04-18 03:28:42 PM,KXATPCHALLENGERMATCH-26APR19STALUK-STA,6,130,5,194,4,823,3,540,2,3114,93,10,94,379,95,26,96,543,97,84,49.5
2026-04-18 03:28:42 PM,KXATPCHALLENGERMATCH-26APR19STALUK-STA,7,4,6,130,5,194,4,823,3,540,93,10,94,379,95,26,96,543,97,84,50.0
2026-04-18 03:28:42 PM,KXATPCHALLENGERMATCH-26APR19STALUK-STA,7,4,6,130,5,194,4,823,3,540,93,14,94,379,95,26,96,543,97,84,50.0
2026-04-18 03:28:43 PM,KXATPCHALLENGERMATCH-26APR19STALUK-STA,7,4,6,130,5,203,4,823,3,540,93,14,94,379,95,26,96,543,97,84,50.0
2026-04-18 03:28:43 PM,KXATPCHALLENGERMATCH-26APR19STALUK-STA,6,130,5,203,4,823,3,540,2,3114,93,14,94,379,95,26,96,543,97,84,49.5
2026-04-18 03:28:43 PM,KXATPCHALLENGERMATCH-26APR19STALUK-STA,6,130,5,203,4,823,3,540,2,3114,93,14,94,379,95,35,96,543,97,84,49.5
2026-04-18 03:28:43 PM,KXATPCHALLENGERMATCH-26APR19STALUK-STA,6,130,5,203,4,823,3,540,2,3114,93,10,94,379,95,35,96,543,97,84,49.5
2026-04-18 03:28:43 PM,KXATPCHALLENGERMATCH-26APR19STALUK-STA,7,4,6,130,5,203,4,823,3,540,93,10,94,379,95,35,96,543,97,84,50.0
2026-04-18 03:28:43 PM,KXATPCHALLENGERMATCH-26APR19STALUK-STA,7,4,6,130,5,203,4,823,3,540,93,14,94,379,95,35,96,543,97,84,50.0
2026-04-18 03:28:43 PM,KXATPCHALLENGERMATCH-26APR19STALUK-STA,7,4,6,130,5,194,4,823,3,540,93,14,94,379,95,35,96,543,97,84,50.0
2026-04-18 03:28:43 PM,KXATPCHALLENGERMATCH-26APR19STALUK-STA,7,4,6,130,5,194,4,823,3,540,93,14,94,379,95,26,96,543,97,84,50.0
2026-04-18 03:28:44 PM,KXATPCHALLENGERMATCH-26APR19STALUK-STA,6,130,5,194,4,823,3,540,2,3114,93,14,94,379,95,26,96,543,97,84,49.5
2026-04-18 03:28:44 PM,KXATPCHALLENGERMATCH-26APR19STALUK-STA,6,130,5,194,4,823,3,540,2,3114,93,10,94,379,95,26,96,543,97,84,49.5
2026-04-18 03:33:06 PM,KXATPCHALLENGERMATCH-26APR19STALUK-STA,7,4,6,130,5,194,4,823,3,540,93,10,94,379,95,26,96,543,97,84,50.0
2026-04-18 03:33:06 PM,KXATPCHALLENGERMATCH-26APR19STALUK-STA,7,4,6,130,5,194,4,823,3,540,93,14,94,379,95,26,96,543,97,84,50.0
2026-04-18 03:33:07 PM,KXATPCHALLENGERMATCH-26APR19STALUK-STA,6,130,5,194,4,823,3,540,2,3114,93,14,94,379,95,26,96,543,97,84,49.5
2026-04-18 03:33:07 PM,KXATPCHALLENGERMATCH-26APR19STALUK-STA,6,130,5,194,4,823,3,540,2,3114,93,10,94,379,95,26,96,543,97,84,49.5
2026-04-18 03:33:07 PM,KXATPCHALLENGERMATCH-26APR19STALUK-STA,6,130,5,203,4,823,3,540,2,3114,93,10,94,379,95,26,96,543,97,84,49.5
2026-04-18 03:33:07 PM,KXATPCHALLENGERMATCH-26APR19STALUK-STA,6,130,5,203,4,823,3,540,2,3114,93,10,94,379,95,35,96,543,97,84,49.5
2026-04-18 03:33:07 PM,KXATPCHALLENGERMATCH-26APR19STALUK-STA,6,130,5,194,4,823,3,540,2,3114,93,10,94,379,95,35,96,543,97,84,49.5
2026-04-18 03:33:07 PM,KXATPCHALLENGERMATCH-26APR19STALUK-STA,6,130,5,194,4,823,3,540,2,3114,93,10,94,379,95,26,96,543,97,84,49.5
2026-04-18 03:33:07 PM,KXATPCHALLENGERMATCH-26APR19STALUK-STA,7,4,6,130,5,194,4,823,3,540,93,10,94,379,95,26,96,543,97,84,50.0
2026-04-18 03:33:08 PM,KXATPCHALLENGERMATCH-26APR19STALUK-STA,6,130,5,194,4,823,3,540,2,3114,93,10,94,379,95,26,96,543,97,84,49.5
2026-04-18 03:33:08 PM,KXATPCHALLENGERMATCH-26APR19STALUK-STA,6,130,5,203,4,823,3,540,2,3114,93,10,94,379,95,26,96,543,97,84,49.5
2026-04-18 03:33:08 PM,KXATPCHALLENGERMATCH-26APR19STALUK-STA,6,130,5,203,4,823,3,540,2,3114,93,10,94,379,95,35,96,543,97,84,49.5
2026-04-18 03:33:08 PM,KXATPCHALLENGERMATCH-26APR19STALUK-STA,6,130,5,194,4,823,3,540,2,3114,93,10,94,379,95,35,96,543,97,84,49.5
2026-04-18 03:33:08 PM,KXATPCHALLENGERMATCH-26APR19STALUK-STA,6,130,5,194,4,823,3,540,2,3114,93,10,94,379,95,26,96,543,97,84,49.5
2026-04-18 03:33:08 PM,KXATPCHALLENGERMATCH-26APR19STALUK-STA,7,4,6,130,5,194,4,823,3,540,93,10,94,379,95,26,96,543,97,84,50.0
2026-04-18 03:33:08 PM,KXATPCHALLENGERMATCH-26APR19STALUK-STA,7,4,6,130,5,194,4,823,3,540,93,14,94,379,95,26,96,543,97,84,50.0
2026-04-18 03:33:09 PM,KXATPCHALLENGERMATCH-26APR19STALUK-STA,6,130,5,194,4,823,3,540,2,3114,93,14,94,379,95,26,96,543,97,84,49.5
2026-04-18 03:33:09 PM,KXATPCHALLENGERMATCH-26APR19STALUK-STA,6,130,5,194,4,823,3,540,2,3114,93,10,94,379,95,26,96,543,97,84,49.5
2026-04-18 03:33:09 PM,KXATPCHALLENGERMATCH-26APR19STALUK-STA,6,130,5,203,4,823,3,540,2,3114,93,10,94,379,95,26,96,543,97,84,49.5
2026-04-18 03:33:09 PM,KXATPCHALLENGERMATCH-26APR19STALUK-STA,6,130,5,203,4,823,3,540,2,3114,93,10,94,379,95,35,96,543,97,84,49.5
2026-04-18 03:33:09 PM,KXATPCHALLENGERMATCH-26APR19STALUK-STA,6,130,5,194,4,823,3,540,2,3114,93,10,94,379,95,35,96,543,97,84,49.5
2026-04-18 03:33:09 PM,KXATPCHALLENGERMATCH-26APR19STALUK-STA,6,130,5,194,4,823,3,540,2,3114,93,10,94,379,95,26,96,543,97,84,49.5
2026-04-18 03:33:09 PM,KXATPCHALLENGERMATCH-26APR19STALUK-STA,7,4,6,130,5,194,4,823,3,540,93,10,94,379,95,26,96,543,97,84,50.0
2026-04-18 03:33:09 PM,KXATPCHALLENGERMATCH-26APR19STALUK-STA,7,4,6,130,5,194,4,823,3,540,93,14,94,379,95,26,96,543,97,84,50.0
2026-04-18 03:33:10 PM,KXATPCHALLENGERMATCH-26APR19STALUK-STA,6,130,5,194,4,823,3,540,2,3114,93,14,94,379,95,26,96,543,97,84,49.5
2026-04-18 03:33:10 PM,KXATPCHALLENGERMATCH-26APR19STALUK-STA,6,130,5,194,4,823,3,540,2,3114,93,10,94,379,95,26,96,543,97,84,49.5
2026-04-18 03:33:10 PM,KXATPCHALLENGERMATCH-26APR19STALUK-STA,6,130,5,203,4,823,3,540,2,3114,93,10,94,379,95,26,96,543,97,84,49.5
2026-04-18 03:33:10 PM,KXATPCHALLENGERMATCH-26APR19STALUK-STA,6,130,5,203,4,823,3,540,2,3114,93,10,94,379,95,35,96,543,97,84,49.5
2026-04-18 03:33:10 PM,KXATPCHALLENGERMATCH-26APR19STALUK-STA,7,4,6,130,5,203,4,823,3,540,93,10,94,379,95,35,96,543,97,84,50.0
2026-04-18 03:33:10 PM,KXATPCHALLENGERMATCH-26APR19STALUK-STA,7,4,6,130,5,203,4,823,3,540,93,14,94,379,95,35,96,543,97,84,50.0
2026-04-18 03:33:10 PM,KXATPCHALLENGERMATCH-26APR19STALUK-STA,7,4,6,130,5,194,4,823,3,540,93,14,94,379,95,35,96,543,97,84,50.0
2026-04-18 03:33:10 PM,KXATPCHALLENGERMATCH-26APR19STALUK-STA,7,4,6,130,5,194,4,823,3,540,93,14,94,379,95,26,96,543,97,84,50.0
2026-04-18 03:33:11 PM,KXATPCHALLENGERMATCH-26APR19STALUK-STA,6,130,5,194,4,823,3,540,2,3114,93,14,94,379,95,26,96,543,97,84,49.5
2026-04-18 03:33:11 PM,KXATPCHALLENGERMATCH-26APR19STALUK-STA,6,130,5,194,4,823,3,540,2,3114,93,10,94,379,95,26,96,543,97,84,49.5
2026-04-18 03:33:11 PM,KXATPCHALLENGERMATCH-26APR19STALUK-STA,6,130,5,203,4,823,3,540,2,3114,93,10,94,379,95,26,96,543,97,84,49.5
2026-04-18 03:33:11 PM,KXATPCHALLENGERMATCH-26APR19STALUK-STA,6,130,5,203,4,823,3,540,2,3114,93,10,94,379,95,35,96,543,97,84,49.5
2026-04-18 03:33:11 PM,KXATPCHALLENGERMATCH-26APR19STALUK-STA,7,4,6,130,5,203,4,823,3,540,93,10,94,379,95,35,96,543,97,84,50.0
2026-04-18 03:33:11 PM,KXATPCHALLENGERMATCH-26APR19STALUK-STA,7,4,6,130,5,203,4,823,3,540,93,14,94,379,95,35,96,543,97,84,50.0
2026-04-18 03:33:11 PM,KXATPCHALLENGERMATCH-26APR19STALUK-STA,7,4,6,130,5,194,4,823,3,540,93,14,94,379,95,35,96,543,97,84,50.0
2026-04-18 03:33:11 PM,KXATPCHALLENGERMATCH-26APR19STALUK-STA,7,4,6,130,5,194,4,823,3,540,93,14,94,379,95,26,96,543,97,84,50.0
2026-04-18 03:33:12 PM,KXATPCHALLENGERMATCH-26APR19STALUK-STA,6,130,5,194,4,823,3,540,2,3114,93,14,94,379,95,26,96,543,97,84,49.5
2026-04-18 03:33:12 PM,KXATPCHALLENGERMATCH-26APR19STALUK-STA,6,130,5,194,4,823,3,540,2,3114,93,10,94,379,95,26,96,543,97,84,49.5
2026-04-18 03:33:12 PM,KXATPCHALLENGERMATCH-26APR19STALUK-STA,6,130,5,203,4,823,3,540,2,3114,93,10,94,379,95,26,96,543,97,84,49.5
2026-04-18 03:33:12 PM,KXATPCHALLENGERMATCH-26APR19STALUK-STA,6,130,5,203,4,823,3,540,2,3114,93,10,94,379,95,35,96,543,97,84,49.5
2026-04-18 03:33:12 PM,KXATPCHALLENGERMATCH-26APR19STALUK-STA,7,4,6,130,5,203,4,823,3,540,93,10,94,379,95,35,96,543,97,84,50.0
2026-04-18 03:33:12 PM,KXATPCHALLENGERMATCH-26APR19STALUK-STA,7,4,6,130,5,203,4,823,3,540,93,14,94,379,95,35,96,543,97,84,50.0
2026-04-18 03:33:12 PM,KXATPCHALLENGERMATCH-26APR19STALUK-STA,7,4,6,130,5,194,4,823,3,540,93,14,94,379,95,35,96,543,97,84,50.0
2026-04-18 03:33:12 PM,KXATPCHALLENGERMATCH-26APR19STALUK-STA,7,4,6,130,5,194,4,823,3,540,93,14,94,379,95,26,96,543,97,84,50.0
2026-04-18 03:33:13 PM,KXATPCHALLENGERMATCH-26APR19STALUK-STA,6,130,5,194,4,823,3,540,2,3114,93,14,94,379,95,26,96,543,97,84,49.5
2026-04-18 03:33:13 PM,KXATPCHALLENGERMATCH-26APR19STALUK-STA,6,130,5,194,4,823,3,540,2,3114,93,10,94,379,95,26,96,543,97,84,49.5
2026-04-18 03:33:13 PM,KXATPCHALLENGERMATCH-26APR19STALUK-STA,6,130,5,203,4,823,3,540,2,3114,93,10,94,379,95,26,96,543,97,84,49.5
2026-04-18 03:33:13 PM,KXATPCHALLENGERMATCH-26APR19STALUK-STA,6,130,5,203,4,823,3,540,2,3114,93,10,94,379,95,35,96,543,97,84,49.5
2026-04-18 03:33:13 PM,KXATPCHALLENGERMATCH-26APR19STALUK-STA,7,4,6,130,5,203,4,823,3,540,93,10,94,379,95,35,96,543,97,84,50.0
2026-04-18 03:33:13 PM,KXATPCHALLENGERMATCH-26APR19STALUK-STA,7,4,6,130,5,203,4,823,3,540,93,14,94,379,95,35,96,543,97,84,50.0
2026-04-18 03:33:13 PM,KXATPCHALLENGERMATCH-26APR19STALUK-STA,7,4,6,130,5,194,4,823,3,540,93,14,94,379,95,35,96,543,97,84,50.0
2026-04-18 03:33:13 PM,KXATPCHALLENGERMATCH-26APR19STALUK-STA,7,4,6,130,5,194,4,823,3,540,93,14,94,379,95,26,96,543,97,84,50.0
2026-04-18 03:33:14 PM,KXATPCHALLENGERMATCH-26APR19STALUK-STA,7,4,6,130,5,203,4,823,3,540,93,14,94,379,95,26,96,543,97,84,50.0
2026-04-18 03:33:14 PM,KXATPCHALLENGERMATCH-26APR19STALUK-STA,6,130,5,203,4,823,3,540,2,3114,93,14,94,379,95,26,96,543,97,84,49.5
2026-04-18 03:33:14 PM,KXATPCHALLENGERMATCH-26APR19STALUK-STA,6,130,5,203,4,823,3,540,2,3114,93,14,94,379,95,35,96,543,97,84,49.5
2026-04-18 03:33:14 PM,KXATPCHALLENGERMATCH-26APR19STALUK-STA,6,130,5,203,4,823,3,540,2,3114,93,10,94,379,95,35,96,543,97,84,49.5
2026-04-18 03:33:14 PM,KXATPCHALLENGERMATCH-26APR19STALUK-STA,6,130,5,194,4,823,3,540,2,3114,93,10,94,379,95,35,96,543,97,84,49.5
2026-04-18 03:33:14 PM,KXATPCHALLENGERMATCH-26APR19STALUK-STA,7,4,6,130,5,194,4,823,3,540,93,10,94,379,95,35,96,543,97,84,50.0
2026-04-18 03:33:14 PM,KXATPCHALLENGERMATCH-26APR19STALUK-STA,7,4,6,130,5,194,4,823,3,540,93,10,94,379,95,26,96,543,97,84,50.0
2026-04-18 03:33:14 PM,KXATPCHALLENGERMATCH-26APR19STALUK-STA,7,4,6,130,5,194,4,823,3,540,93,14,94,379,95,26,96,543,97,84,50.0
2026-04-18 03:33:15 PM,KXATPCHALLENGERMATCH-26APR19STALUK-STA,7,4,6,130,5,203,4,823,3,540,93,14,94,379,95,26,96,543,97,84,50.0
2026-04-18 03:33:15 PM,KXATPCHALLENGERMATCH-26APR19STALUK-STA,6,130,5,203,4,823,3,540,2,3114,93,14,94,379,95,26,96,543,97,84,49.5
2026-04-18 03:33:15 PM,KXATPCHALLENGERMATCH-26APR19STALUK-STA,6,130,5,203,4,823,3,540,2,3114,93,10,94,379,95,26,96,543,97,84,49.5
2026-04-18 03:33:15 PM,KXATPCHALLENGERMATCH-26APR19STALUK-STA,7,4,6,130,5,203,4,823,3,540,93,10,94,379,95,26,96,543,97,84,50.0
2026-04-18 03:33:15 PM,KXATPCHALLENGERMATCH-26APR19STALUK-STA,7,4,6,130,5,203,4,823,3,540,93,14,94,379,95,26,96,543,97,84,50.0
2026-04-18 03:33:15 PM,KXATPCHALLENGERMATCH-26APR19STALUK-STA,7,4,6,130,5,194,4,823,3,540,93,14,94,379,95,26,96,543,97,84,50.0
2026-04-18 03:33:16 PM,KXATPCHALLENGERMATCH-26APR19STALUK-STA,6,130,5,194,4,823,3,540,2,3114,93,14,94,379,95,26,96,543,97,84,49.5
2026-04-18 03:33:16 PM,KXATPCHALLENGERMATCH-26APR19STALUK-STA,6,130,5,194,4,823,3,540,2,3114,93,10,94,379,95,26,96,543,97,84,49.5
2026-04-18 03:33:16 PM,KXATPCHALLENGERMATCH-26APR19STALUK-STA,6,130,5,203,4,823,3,540,2,3114,93,10,94,379,95,26,96,543,97,84,49.5
2026-04-18 03:33:16 PM,KXATPCHALLENGERMATCH-26APR19STALUK-STA,6,130,5,203,4,823,3,540,2,3114,93,10,94,379,95,35,96,543,97,84,49.5
2026-04-18 03:33:16 PM,KXATPCHALLENGERMATCH-26APR19STALUK-STA,7,4,6,130,5,203,4,823,3,540,93,10,94,379,95,35,96,543,97,84,50.0
2026-04-18 03:33:16 PM,KXATPCHALLENGERMATCH-26APR19STALUK-STA,7,4,6,130,5,203,4,823,3,540,93,14,94,379,95,35,96,543,97,84,50.0
2026-04-18 03:33:16 PM,KXATPCHALLENGERMATCH-26APR19STALUK-STA,7,4,6,130,5,194,4,823,3,540,93,14,94,379,95,35,96,543,97,84,50.0
2026-04-18 03:33:16 PM,KXATPCHALLENGERMATCH-26APR19STALUK-STA,7,4,6,130,5,194,4,823,3,540,93,14,94,379,95,26,96,543,97,84,50.0
2026-04-18 03:33:17 PM,KXATPCHALLENGERMATCH-26APR19STALUK-STA,6,130,5,194,4,823,3,540,2,3114,93,14,94,379,95,26,96,543,97,84,49.5
2026-04-18 03:33:17 PM,KXATPCHALLENGERMATCH-26APR19STALUK-STA,6,130,5,203,4,823,3,540,2,3114,93,14,94,379,95,26,96,543,97,84,49.5
2026-04-18 03:33:17 PM,KXATPCHALLENGERMATCH-26APR19STALUK-STA,6,130,5,203,4,823,3,540,2,3114,93,10,94,379,95,26,96,543,97,84,49.5
2026-04-18 03:33:17 PM,KXATPCHALLENGERMATCH-26APR19STALUK-STA,6,130,5,203,4,823,3,540,2,3114,93,10,94,379,95,35,96,543,97,84,49.5
2026-04-18 03:33:17 PM,KXATPCHALLENGERMATCH-26APR19STALUK-STA,7,4,6,130,5,203,4,823,3,540,93,10,94,379,95,35,96,543,97,84,50.0
2026-04-18 03:33:17 PM,KXATPCHALLENGERMATCH-26APR19STALUK-STA,7,4,6,130,5,203,4,823,3,540,93,14,94,379,95,35,96,543,97,84,50.0
2026-04-18 03:33:17 PM,KXATPCHALLENGERMATCH-26APR19STALUK-STA,7,4,6,130,5,194,4,823,3,540,93,14,94,379,95,35,96,543,97,84,50.0
2026-04-18 03:33:17 PM,KXATPCHALLENGERMATCH-26APR19STALUK-STA,7,4,6,130,5,194,4,823,3,540,93,14,94,379,95,26,96,543,97,84,50.0
2026-04-18 03:33:18 PM,KXATPCHALLENGERMATCH-26APR19STALUK-STA,7,4,6,130,5,203,4,823,3,540,93,14,94,379,95,26,96,543,97,84,50.0
2026-04-18 03:33:18 PM,KXATPCHALLENGERMATCH-26APR19STALUK-STA,7,4,6,130,5,203,4,823,3,540,93,14,94,379,95,35,96,543,97,84,50.0
2026-04-18 03:33:18 PM,KXATPCHALLENGERMATCH-26APR19STALUK-STA,6,130,5,203,4,823,3,540,2,3114,93,14,94,379,95,35,96,543,97,84,49.5
2026-04-18 03:33:18 PM,KXATPCHALLENGERMATCH-26APR19STALUK-STA,6,130,5,203,4,823,3,540,2,3114,93,10,94,379,95,35,96,543,97,84,49.5
2026-04-18 03:33:18 PM,KXATPCHALLENGERMATCH-26APR19STALUK-STA,7,4,6,130,5,203,4,823,3,540,93,10,94,379,95,35,96,543,97,84,50.0
2026-04-18 03:33:18 PM,KXATPCHALLENGERMATCH-26APR19STALUK-STA,7,4,6,130,5,203,4,823,3,540,93,14,94,379,95,35,96,543,97,84,50.0
2026-04-18 03:33:18 PM,KXATPCHALLENGERMATCH-26APR19STALUK-STA,7,4,6,130,5,194,4,823,3,540,93,14,94,379,95,35,96,543,97,84,50.0
2026-04-18 03:33:18 PM,KXATPCHALLENGERMATCH-26APR19STALUK-STA,7,4,6,130,5,194,4,823,3,540,93,14,94,379,95,26,96,543,97,84,50.0
2026-04-18 03:33:19 PM,KXATPCHALLENGERMATCH-26APR19STALUK-STA,7,4,6,130,5,203,4,823,3,540,93,14,94,379,95,26,96,543,97,84,50.0
2026-04-18 03:33:19 PM,KXATPCHALLENGERMATCH-26APR19STALUK-STA,7,4,6,130,5,203,4,823,3,540,93,14,94,379,95,35,96,543,97,84,50.0
2026-04-18 03:33:19 PM,KXATPCHALLENGERMATCH-26APR19STALUK-STA,6,130,5,203,4,823,3,540,2,3114,93,14,94,379,95,35,96,543,97,84,49.5
2026-04-18 03:33:19 PM,KXATPCHALLENGERMATCH-26APR19STALUK-STA,6,130,5,203,4,823,3,540,2,3114,93,10,94,379,95,35,96,543,97,84,49.5
2026-04-18 03:33:19 PM,KXATPCHALLENGERMATCH-26APR19STALUK-STA,7,4,6,130,5,203,4,823,3,540,93,10,94,379,95,35,96,543,97,84,50.0
2026-04-18 03:33:19 PM,KXATPCHALLENGERMATCH-26APR19STALUK-STA,7,4,6,130,5,203,4,823,3,540,93,14,94,379,95,35,96,543,97,84,50.0
2026-04-18 03:33:19 PM,KXATPCHALLENGERMATCH-26APR19STALUK-STA,7,4,6,130,5,194,4,823,3,540,93,14,94,379,95,35,96,543,97,84,50.0
2026-04-18 03:33:19 PM,KXATPCHALLENGERMATCH-26APR19STALUK-STA,7,4,6,130,5,194,4,823,3,540,93,14,94,379,95,26,96,543,97,84,50.0
2026-04-18 03:33:20 PM,KXATPCHALLENGERMATCH-26APR19STALUK-STA,7,4,6,130,5,203,4,823,3,540,93,14,94,379,95,26,96,543,97,84,50.0
2026-04-18 03:33:20 PM,KXATPCHALLENGERMATCH-26APR19STALUK-STA,7,4,6,130,5,203,4,823,3,540,93,14,94,379,95,35,96,543,97,84,50.0
2026-04-18 03:33:20 PM,KXATPCHALLENGERMATCH-26APR19STALUK-STA,6,130,5,203,4,823,3,540,2,3114,93,14,94,379,95,35,96,543,97,84,49.5
2026-04-18 03:33:20 PM,KXATPCHALLENGERMATCH-26APR19STALUK-STA,6,130,5,203,4,823,3,540,2,3114,93,10,94,379,95,35,96,543,97,84,49.5
2026-04-18 03:33:20 PM,KXATPCHALLENGERMATCH-26APR19STALUK-STA,6,130,5,194,4,823,3,540,2,3114,93,10,94,379,95,35,96,543,97,84,49.5
2026-04-18 03:33:20 PM,KXATPCHALLENGERMATCH-26APR19STALUK-STA,6,130,5,194,4,823,3,540,2,3114,93,10,94,379,95,26,96,543,97,84,49.5
2026-04-18 03:33:20 PM,KXATPCHALLENGERMATCH-26APR19STALUK-STA,7,4,6,130,5,194,4,823,3,540,93,10,94,379,95,26,96,543,97,84,50.0
2026-04-18 03:33:20 PM,KXATPCHALLENGERMATCH-26APR19STALUK-STA,7,4,6,130,5,194,4,823,3,540,93,14,94,379,95,26,96,543,97,84,50.0
2026-04-18 03:33:21 PM,KXATPCHALLENGERMATCH-26APR19STALUK-STA,6,130,5,194,4,823,3,540,2,3114,93,14,94,379,95,26,96,543,97,84,49.5
2026-04-18 03:33:21 PM,KXATPCHALLENGERMATCH-26APR19STALUK-STA,6,130,5,194,4,823,3,540,2,3114,93,10,94,379,95,26,96,543,97,84,49.5
2026-04-18 03:33:21 PM,KXATPCHALLENGERMATCH-26APR19STALUK-STA,6,130,5,203,4,823,3,540,2,3114,93,10,94,379,95,26,96,543,97,84,49.5
2026-04-18 03:33:21 PM,KXATPCHALLENGERMATCH-26APR19STALUK-STA,6,130,5,203,4,823,3,540,2,3114,93,10,94,379,95,35,96,543,97,84,49.5
2026-04-18 03:33:21 PM,KXATPCHALLENGERMATCH-26APR19STALUK-STA,7,4,6,130,5,203,4,823,3,540,93,10,94,379,95,35,96,543,97,84,50.0
2026-04-18 03:33:21 PM,KXATPCHALLENGERMATCH-26APR19STALUK-STA,7,4,6,130,5,194,4,823,3,540,93,10,94,379,95,35,96,543,97,84,50.0
2026-04-18 03:33:21 PM,KXATPCHALLENGERMATCH-26APR19STALUK-STA,7,4,6,130,5,194,4,823,3,540,93,10,94,379,95,26,96,543,97,84,50.0
2026-04-18 03:33:21 PM,KXATPCHALLENGERMATCH-26APR19STALUK-STA,7,4,6,130,5,194,4,823,3,540,93,14,94,379,95,26,96,543,97,84,50.0
2026-04-18 03:33:22 PM,KXATPCHALLENGERMATCH-26APR19STALUK-STA,6,130,5,194,4,823,3,540,2,3114,93,14,94,379,95,26,96,543,97,84,49.5
2026-04-18 03:33:22 PM,KXATPCHALLENGERMATCH-26APR19STALUK-STA,6,130,5,203,4,823,3,540,2,3114,93,14,94,379,95,26,96,543,97,84,49.5
2026-04-18 03:33:22 PM,KXATPCHALLENGERMATCH-26APR19STALUK-STA,6,130,5,203,4,823,3,540,2,3114,93,10,94,379,95,26,96,543,97,84,49.5
2026-04-18 03:33:22 PM,KXATPCHALLENGERMATCH-26APR19STALUK-STA,6,130,5,203,4,823,3,540,2,3114,93,10,94,379,95,35,96,543,97,84,49.5
2026-04-18 03:33:22 PM,KXATPCHALLENGERMATCH-26APR19STALUK-STA,6,130,5,194,4,823,3,540,2,3114,93,10,94,379,95,35,96,543,97,84,49.5
2026-04-18 03:33:22 PM,KXATPCHALLENGERMATCH-26APR19STALUK-STA,6,130,5,194,4,823,3,540,2,3114,93,10,94,379,95,26,96,543,97,84,49.5
2026-04-18 03:33:22 PM,KXATPCHALLENGERMATCH-26APR19STALUK-STA,7,4,6,130,5,194,4,823,3,540,93,10,94,379,95,26,96,543,97,84,50.0
2026-04-18 03:33:22 PM,KXATPCHALLENGERMATCH-26APR19STALUK-STA,7,4,6,130,5,194,4,823,3,540,93,14,94,379,95,26,96,543,97,84,50.0
2026-04-18 03:33:23 PM,KXATPCHALLENGERMATCH-26APR19STALUK-STA,7,4,6,130,5,203,4,823,3,540,93,14,94,379,95,26,96,543,97,84,50.0
2026-04-18 03:33:23 PM,KXATPCHALLENGERMATCH-26APR19STALUK-STA,7,4,6,130,5,203,4,823,3,540,93,14,94,379,95,35,96,543,97,84,50.0
2026-04-18 03:33:23 PM,KXATPCHALLENGERMATCH-26APR19STALUK-STA,6,130,5,203,4,823,3,540,2,3114,93,14,94,379,95,35,96,543,97,84,49.5
2026-04-18 03:33:23 PM,KXATPCHALLENGERMATCH-26APR19STALUK-STA,6,130,5,203,4,823,3,540,2,3114,93,10,94,379,95,35,96,543,97,84,49.5
2026-04-18 03:33:23 PM,KXATPCHALLENGERMATCH-26APR19STALUK-STA,6,130,5,194,4,823,3,540,2,3114,93,10,94,379,95,35,96,543,97,84,49.5
2026-04-18 03:33:23 PM,KXATPCHALLENGERMATCH-26APR19STALUK-STA,6,130,5,194,4,823,3,540,2,3114,93,10,94,379,95,26,96,543,97,84,49.5
2026-04-18 03:33:23 PM,KXATPCHALLENGERMATCH-26APR19STALUK-STA,7,4,6,130,5,194,4,823,3,540,93,10,94,379,95,26,96,543,97,84,50.0
2026-04-18 03:33:23 PM,KXATPCHALLENGERMATCH-26APR19STALUK-STA,7,4,6,130,5,194,4,823,3,540,93,14,94,379,95,26,96,543,97,84,50.0
2026-04-18 03:33:24 PM,KXATPCHALLENGERMATCH-26APR19STALUK-STA,6,130,5,194,4,823,3,540,2,3114,93,14,94,379,95,26,96,543,97,84,49.5
2026-04-18 03:33:24 PM,KXATPCHALLENGERMATCH-26APR19STALUK-STA,6,130,5,194,4,823,3,540,2,3114,93,10,94,379,95,26,96,543,97,84,49.5
2026-04-18 03:33:24 PM,KXATPCHALLENGERMATCH-26APR19STALUK-STA,6,130,5,203,4,823,3,540,2,3114,93,10,94,379,95,26,96,543,97,84,49.5
2026-04-18 03:33:24 PM,KXATPCHALLENGERMATCH-26APR19STALUK-STA,6,130,5,203,4,823,3,540,2,3114,93,10,94,379,95,35,96,543,97,84,49.5
2026-04-18 03:33:24 PM,KXATPCHALLENGERMATCH-26APR19STALUK-STA,7,4,6,130,5,203,4,823,3,540,93,10,94,379,95,35,96,543,97,84,50.0
2026-04-18 03:33:24 PM,KXATPCHALLENGERMATCH-26APR19STALUK-STA,7,4,6,130,5,203,4,823,3,540,93,14,94,379,95,35,96,543,97,84,50.0
2026-04-18 03:33:24 PM,KXATPCHALLENGERMATCH-26APR19STALUK-STA,7,4,6,130,5,194,4,823,3,540,93,14,94,379,95,35,96,543,97,84,50.0
2026-04-18 03:33:24 PM,KXATPCHALLENGERMATCH-26APR19STALUK-STA,7,4,6,130,5,194,4,823,3,540,93,14,94,379,95,26,96,543,97,84,50.0
2026-04-18 03:33:25 PM,KXATPCHALLENGERMATCH-26APR19STALUK-STA,7,4,6,130,5,203,4,823,3,540,93,14,94,379,95,26,96,543,97,84,50.0
2026-04-18 03:33:25 PM,KXATPCHALLENGERMATCH-26APR19STALUK-STA,7,4,6,130,5,203,4,823,3,540,93,14,94,379,95,35,96,543,97,84,50.0
2026-04-18 03:33:25 PM,KXATPCHALLENGERMATCH-26APR19STALUK-STA,6,130,5,203,4,823,3,540,2,3114,93,14,94,379,95,35,96,543,97,84,49.5
2026-04-18 03:33:25 PM,KXATPCHALLENGERMATCH-26APR19STALUK-STA,6,130,5,203,4,823,3,540,2,3114,93,10,94,379,95,35,96,543,97,84,49.5
2026-04-18 03:33:25 PM,KXATPCHALLENGERMATCH-26APR19STALUK-STA,7,4,6,130,5,203,4,823,3,540,93,10,94,379,95,35,96,543,97,84,50.0
2026-04-18 03:33:25 PM,KXATPCHALLENGERMATCH-26APR19STALUK-STA,7,4,6,130,5,194,4,823,3,540,93,10,94,379,95,35,96,543,97,84,50.0
2026-04-18 03:33:25 PM,KXATPCHALLENGERMATCH-26APR19STALUK-STA,7,4,6,130,5,194,4,823,3,540,93,10,94,379,95,26,96,543,97,84,50.0
2026-04-18 03:33:26 PM,KXATPCHALLENGERMATCH-26APR19STALUK-STA,6,130,5,194,4,823,3,540,2,3114,93,10,94,379,95,26,96,543,97,84,49.5
2026-04-18 03:33:26 PM,KXATPCHALLENGERMATCH-26APR19STALUK-STA,6,130,5,203,4,823,3,540,2,3114,93,10,94,379,95,26,96,543,97,84,49.5
2026-04-18 03:33:26 PM,KXATPCHALLENGERMATCH-26APR19STALUK-STA,6,130,5,203,4,823,3,540,2,3114,93,10,94,379,95,35,96,543,97,84,49.5
2026-04-18 03:33:26 PM,KXATPCHALLENGERMATCH-26APR19STALUK-STA,6,130,5,194,4,823,3,540,2,3114,93,10,94,379,95,35,96,543,97,84,49.5
2026-04-18 03:33:26 PM,KXATPCHALLENGERMATCH-26APR19STALUK-STA,7,4,6,130,5,194,4,823,3,540,93,10,94,379,95,35,96,543,97,84,50.0
2026-04-18 03:33:26 PM,KXATPCHALLENGERMATCH-26APR19STALUK-STA,7,4,6,130,5,194,4,823,3,540,93,10,94,379,95,26,96,543,97,84,50.0
2026-04-18 03:33:27 PM,KXATPCHALLENGERMATCH-26APR19STALUK-STA,7,4,6,130,5,203,4,823,3,540,93,10,94,379,95,26,96,543,97,84,50.0
2026-04-18 03:33:27 PM,KXATPCHALLENGERMATCH-26APR19STALUK-STA,6,130,5,203,4,823,3,540,2,3114,93,10,94,379,95,26,96,543,97,84,49.5
2026-04-18 03:33:27 PM,KXATPCHALLENGERMATCH-26APR19STALUK-STA,6,130,5,194,4,823,3,540,2,3114,93,10,94,379,95,26,96,543,97,84,49.5
2026-04-18 03:33:27 PM,KXATPCHALLENGERMATCH-26APR19STALUK-STA,7,4,6,130,5,194,4,823,3,540,93,10,94,379,95,26,96,543,97,84,50.0
2026-04-18 03:33:27 PM,KXATPCHALLENGERMATCH-26APR19STALUK-STA,7,4,6,130,5,194,4,823,3,540,93,14,94,379,95,26,96,543,97,84,50.0
2026-04-18 03:33:28 PM,KXATPCHALLENGERMATCH-26APR19STALUK-STA,7,4,6,130,5,203,4,823,3,540,93,14,94,379,95,26,96,543,97,84,50.0
2026-04-18 03:33:28 PM,KXATPCHALLENGERMATCH-26APR19STALUK-STA,7,4,6,130,5,203,4,823,3,540,93,14,94,379,95,35,96,543,97,84,50.0
2026-04-18 03:33:28 PM,KXATPCHALLENGERMATCH-26APR19STALUK-STA,6,130,5,203,4,823,3,540,2,3114,93,14,94,379,95,35,96,543,97,84,49.5
2026-04-18 03:33:28 PM,KXATPCHALLENGERMATCH-26APR19STALUK-STA,6,130,5,203,4,823,3,540,2,3114,93,10,94,379,95,35,96,543,97,84,49.5
2026-04-18 03:33:28 PM,KXATPCHALLENGERMATCH-26APR19STALUK-STA,7,4,6,130,5,203,4,823,3,540,93,10,94,379,95,35,96,543,97,84,50.0
2026-04-18 03:33:28 PM,KXATPCHALLENGERMATCH-26APR19STALUK-STA,7,4,6,130,5,203,4,823,3,540,93,14,94,379,95,35,96,543,97,84,50.0
2026-04-18 03:33:28 PM,KXATPCHALLENGERMATCH-26APR19STALUK-STA,7,4,6,130,5,194,4,823,3,540,93,14,94,379,95,35,96,543,97,84,50.0
2026-04-18 03:33:28 PM,KXATPCHALLENGERMATCH-26APR19STALUK-STA,7,4,6,130,5,194,4,823,3,540,93,14,94,379,95,26,96,543,97,84,50.0
2026-04-18 03:33:29 PM,KXATPCHALLENGERMATCH-26APR19STALUK-STA,7,4,6,130,5,203,4,823,3,540,93,14,94,379,95,26,96,543,97,84,50.0
2026-04-18 03:33:29 PM,KXATPCHALLENGERMATCH-26APR19STALUK-STA,7,4,6,130,5,203,4,823,3,540,93,14,94,379,95,35,96,543,97,84,50.0
2026-04-18 03:33:29 PM,KXATPCHALLENGERMATCH-26APR19STALUK-STA,6,130,5,203,4,823,3,540,2,3114,93,14,94,379,95,35,96,543,97,84,49.5
2026-04-18 03:33:29 PM,KXATPCHALLENGERMATCH-26APR19STALUK-STA,6,130,5,203,4,823,3,540,2,3114,93,10,94,379,95,35,96,543,97,84,49.5
2026-04-18 03:33:29 PM,KXATPCHALLENGERMATCH-26APR19STALUK-STA,7,4,6,130,5,203,4,823,3,540,93,10,94,379,95,35,96,543,97,84,50.0
2026-04-18 03:33:29 PM,KXATPCHALLENGERMATCH-26APR19STALUK-STA,7,4,6,130,5,194,4,823,3,540,93,10,94,379,95,35,96,543,97,84,50.0
2026-04-18 03:33:29 PM,KXATPCHALLENGERMATCH-26APR19STALUK-STA,7,4,6,130,5,194,4,823,3,540,93,14,94,379,95,35,96,543,97,84,50.0
2026-04-18 03:33:29 PM,KXATPCHALLENGERMATCH-26APR19STALUK-STA,7,4,6,130,5,194,4,823,3,540,93,14,94,379,95,26,96,543,97,84,50.0
2026-04-18 03:33:30 PM,KXATPCHALLENGERMATCH-26APR19STALUK-STA,7,4,6,130,5,203,4,823,3,540,93,14,94,379,95,26,96,543,97,84,50.0
2026-04-18 03:33:30 PM,KXATPCHALLENGERMATCH-26APR19STALUK-STA,7,4,6,130,5,203,4,823,3,540,93,14,94,379,95,35,96,543,97,84,50.0
2026-04-18 03:33:30 PM,KXATPCHALLENGERMATCH-26APR19STALUK-STA,6,130,5,203,4,823,3,540,2,3114,93,14,94,379,95,35,96,543,97,84,49.5
2026-04-18 03:33:30 PM,KXATPCHALLENGERMATCH-26APR19STALUK-STA,6,130,5,203,4,823,3,540,2,3114,93,10,94,379,95,35,96,543,97,84,49.5
2026-04-18 03:33:30 PM,KXATPCHALLENGERMATCH-26APR19STALUK-STA,7,4,6,130,5,203,4,823,3,540,93,10,94,379,95,35,96,543,97,84,50.0
2026-04-18 03:33:30 PM,KXATPCHALLENGERMATCH-26APR19STALUK-STA,7,4,6,130,5,203,4,823,3,540,93,14,94,379,95,35,96,543,97,84,50.0
2026-04-18 03:33:30 PM,KXATPCHALLENGERMATCH-26APR19STALUK-STA,7,4,6,130,5,194,4,823,3,540,93,14,94,379,95,35,96,543,97,84,50.0
2026-04-18 03:33:30 PM,KXATPCHALLENGERMATCH-26APR19STALUK-STA,7,4,6,130,5,194,4,823,3,540,93,14,94,379,95,26,96,543,97,84,50.0
2026-04-18 03:33:31 PM,KXATPCHALLENGERMATCH-26APR19STALUK-STA,6,130,5,194,4,823,3,540,2,3114,93,14,94,379,95,26,96,543,97,84,49.5
2026-04-18 03:33:31 PM,KXATPCHALLENGERMATCH-26APR19STALUK-STA,6,130,5,194,4,823,3,540,2,3114,93,10,94,379,95,26,96,543,97,84,49.5
2026-04-18 03:33:31 PM,KXATPCHALLENGERMATCH-26APR19STALUK-STA,6,130,5,203,4,823,3,540,2,3114,93,10,94,379,95,26,96,543,97,84,49.5
2026-04-18 03:33:31 PM,KXATPCHALLENGERMATCH-26APR19STALUK-STA,6,130,5,203,4,823,3,540,2,3114,93,10,94,379,95,35,96,543,97,84,49.5
2026-04-18 03:33:31 PM,KXATPCHALLENGERMATCH-26APR19STALUK-STA,7,4,6,130,5,203,4,823,3,540,93,10,94,379,95,35,96,543,97,84,50.0
2026-04-18 03:33:31 PM,KXATPCHALLENGERMATCH-26APR19STALUK-STA,7,4,6,130,5,194,4,823,3,540,93,10,94,379,95,35,96,543,97,84,50.0
2026-04-18 03:33:31 PM,KXATPCHALLENGERMATCH-26APR19STALUK-STA,7,4,6,130,5,194,4,823,3,540,93,14,94,379,95,35,96,543,97,84,50.0
2026-04-18 03:33:31 PM,KXATPCHALLENGERMATCH-26APR19STALUK-STA,7,4,6,130,5,194,4,823,3,540,93,14,94,379,95,26,96,543,97,84,50.0
2026-04-18 03:33:32 PM,KXATPCHALLENGERMATCH-26APR19STALUK-STA,7,4,6,130,5,203,4,823,3,540,93,14,94,379,95,26,96,543,97,84,50.0
2026-04-18 03:33:32 PM,KXATPCHALLENGERMATCH-26APR19STALUK-STA,7,4,6,130,5,203,4,823,3,540,93,14,94,379,95,35,96,543,97,84,50.0
2026-04-18 03:33:32 PM,KXATPCHALLENGERMATCH-26APR19STALUK-STA,6,130,5,203,4,823,3,540,2,3114,93,14,94,379,95,35,96,543,97,84,49.5
2026-04-18 03:33:32 PM,KXATPCHALLENGERMATCH-26APR19STALUK-STA,6,130,5,203,4,823,3,540,2,3114,93,10,94,379,95,35,96,543,97,84,49.5
2026-04-18 03:33:32 PM,KXATPCHALLENGERMATCH-26APR19STALUK-STA,7,4,6,130,5,203,4,823,3,540,93,10,94,379,95,35,96,543,97,84,50.0
2026-04-18 03:33:32 PM,KXATPCHALLENGERMATCH-26APR19STALUK-STA,7,4,6,130,5,203,4,823,3,540,93,14,94,379,95,35,96,543,97,84,50.0
2026-04-18 03:33:32 PM,KXATPCHALLENGERMATCH-26APR19STALUK-STA,7,4,6,130,5,194,4,823,3,540,93,14,94,379,95,35,96,543,97,84,50.0
2026-04-18 03:33:32 PM,KXATPCHALLENGERMATCH-26APR19STALUK-STA,7,4,6,130,5,194,4,823,3,540,93,14,94,379,95,26,96,543,97,84,50.0
2026-04-18 03:33:33 PM,KXATPCHALLENGERMATCH-26APR19STALUK-STA,7,4,6,130,5,203,4,823,3,540,93,14,94,379,95,26,96,543,97,84,50.0
2026-04-18 03:33:33 PM,KXATPCHALLENGERMATCH-26APR19STALUK-STA,7,4,6,130,5,203,4,823,3,540,93,14,94,379,95,35,96,543,97,84,50.0
2026-04-18 03:33:33 PM,KXATPCHALLENGERMATCH-26APR19STALUK-STA,6,130,5,203,4,823,3,540,2,3114,93,14,94,379,95,35,96,543,97,84,49.5
2026-04-18 03:33:33 PM,KXATPCHALLENGERMATCH-26APR19STALUK-STA,6,130,5,203,4,823,3,540,2,3114,93,10,94,379,95,35,96,543,97,84,49.5
2026-04-18 03:33:33 PM,KXATPCHALLENGERMATCH-26APR19STALUK-STA,7,4,6,130,5,203,4,823,3,540,93,10,94,379,95,35,96,543,97,84,50.0
2026-04-18 03:33:33 PM,KXATPCHALLENGERMATCH-26APR19STALUK-STA,7,4,6,130,5,203,4,823,3,540,93,14,94,379,95,35,96,543,97,84,50.0
2026-04-18 03:33:33 PM,KXATPCHALLENGERMATCH-26APR19STALUK-STA,7,4,6,130,5,194,4,823,3,540,93,14,94,379,95,35,96,543,97,84,50.0
2026-04-18 03:33:33 PM,KXATPCHALLENGERMATCH-26APR19STALUK-STA,7,4,6,130,5,194,4,823,3,540,93,14,94,379,95,26,96,543,97,84,50.0
2026-04-18 03:33:34 PM,KXATPCHALLENGERMATCH-26APR19STALUK-STA,7,4,6,130,5,203,4,823,3,540,93,14,94,379,95,26,96,543,97,84,50.0
2026-04-18 03:33:34 PM,KXATPCHALLENGERMATCH-26APR19STALUK-STA,7,4,6,130,5,203,4,823,3,540,93,14,94,379,95,35,96,543,97,84,50.0
2026-04-18 03:33:34 PM,KXATPCHALLENGERMATCH-26APR19STALUK-STA,6,130,5,203,4,823,3,540,2,3114,93,14,94,379,95,35,96,543,97,84,49.5
2026-04-18 03:33:34 PM,KXATPCHALLENGERMATCH-26APR19STALUK-STA,6,130,5,203,4,823,3,540,2,3114,93,10,94,379,95,35,96,543,97,84,49.5
2026-04-18 03:33:34 PM,KXATPCHALLENGERMATCH-26APR19STALUK-STA,6,130,5,194,4,823,3,540,2,3114,93,10,94,379,95,35,96,543,97,84,49.5
2026-04-18 03:33:34 PM,KXATPCHALLENGERMATCH-26APR19STALUK-STA,6,130,5,194,4,823,3,540,2,3114,93,10,94,379,95,26,96,543,97,84,49.5
2026-04-18 03:33:34 PM,KXATPCHALLENGERMATCH-26APR19STALUK-STA,7,4,6,130,5,194,4,823,3,540,93,10,94,379,95,26,96,543,97,84,50.0
2026-04-18 03:33:34 PM,KXATPCHALLENGERMATCH-26APR19STALUK-STA,7,4,6,130,5,194,4,823,3,540,93,14,94,379,95,26,96,543,97,84,50.0
2026-04-18 03:33:35 PM,KXATPCHALLENGERMATCH-26APR19STALUK-STA,6,130,5,194,4,823,3,540,2,3114,93,14,94,379,95,26,96,543,97,84,49.5
2026-04-18 03:33:35 PM,KXATPCHALLENGERMATCH-26APR19STALUK-STA,6,130,5,194,4,823,3,540,2,3114,93,10,94,379,95,26,96,543,97,84,49.5
2026-04-18 03:33:35 PM,KXATPCHALLENGERMATCH-26APR19STALUK-STA,6,130,5,203,4,823,3,540,2,3114,93,10,94,379,95,26,96,543,97,84,49.5
2026-04-18 03:33:35 PM,KXATPCHALLENGERMATCH-26APR19STALUK-STA,6,130,5,203,4,823,3,540,2,3114,93,10,94,379,95,35,96,543,97,84,49.5
2026-04-18 03:33:35 PM,KXATPCHALLENGERMATCH-26APR19STALUK-STA,6,130,5,194,4,823,3,540,2,3114,93,10,94,379,95,35,96,543,97,84,49.5
2026-04-18 03:33:35 PM,KXATPCHALLENGERMATCH-26APR19STALUK-STA,6,130,5,194,4,823,3,540,2,3114,93,10,94,379,95,26,96,543,97,84,49.5
2026-04-18 03:33:35 PM,KXATPCHALLENGERMATCH-26APR19STALUK-STA,7,4,6,130,5,194,4,823,3,540,93,10,94,379,95,26,96,543,97,84,50.0
2026-04-18 03:33:35 PM,KXATPCHALLENGERMATCH-26APR19STALUK-STA,7,4,6,130,5,194,4,823,3,540,93,14,94,379,95,26,96,543,97,84,50.0
2026-04-18 03:33:36 PM,KXATPCHALLENGERMATCH-26APR19STALUK-STA,7,4,6,130,5,203,4,823,3,540,93,14,94,379,95,26,96,543,97,84,50.0
2026-04-18 03:33:36 PM,KXATPCHALLENGERMATCH-26APR19STALUK-STA,7,4,6,130,5,203,4,823,3,540,93,14,94,379,95,35,96,543,97,84,50.0
2026-04-18 03:33:36 PM,KXATPCHALLENGERMATCH-26APR19STALUK-STA,6,130,5,203,4,823,3,540,2,3114,93,14,94,379,95,35,96,543,97,84,49.5
2026-04-18 03:33:36 PM,KXATPCHALLENGERMATCH-26APR19STALUK-STA,6,130,5,203,4,823,3,540,2,3114,93,10,94,379,95,35,96,543,97,84,49.5
2026-04-18 03:33:36 PM,KXATPCHALLENGERMATCH-26APR19STALUK-STA,6,130,5,194,4,823,3,540,2,3114,93,10,94,379,95,35,96,543,97,84,49.5
2026-04-18 03:33:36 PM,KXATPCHALLENGERMATCH-26APR19STALUK-STA,6,130,5,194,4,823,3,540,2,3114,93,10,94,379,95,26,96,543,97,84,49.5
2026-04-18 03:33:36 PM,KXATPCHALLENGERMATCH-26APR19STALUK-STA,7,4,6,130,5,194,4,823,3,540,93,10,94,379,95,26,96,543,97,84,50.0
2026-04-18 03:33:36 PM,KXATPCHALLENGERMATCH-26APR19STALUK-STA,7,4,6,130,5,194,4,823,3,540,93,14,94,379,95,26,96,543,97,84,50.0
2026-04-18 03:33:37 PM,KXATPCHALLENGERMATCH-26APR19STALUK-STA,6,130,5,194,4,823,3,540,2,3114,93,14,94,379,95,26,96,543,97,84,49.5
2026-04-18 03:33:37 PM,KXATPCHALLENGERMATCH-26APR19STALUK-STA,6,130,5,194,4,823,3,540,2,3114,93,10,94,379,95,26,96,543,97,84,49.5
2026-04-18 03:33:37 PM,KXATPCHALLENGERMATCH-26APR19STALUK-STA,6,130,5,203,4,823,3,540,2,3114,93,10,94,379,95,26,96,543,97,84,49.5
2026-04-18 03:33:37 PM,KXATPCHALLENGERMATCH-26APR19STALUK-STA,7,4,6,130,5,203,4,823,3,540,93,10,94,379,95,26,96,543,97,84,50.0
2026-04-18 03:33:37 PM,KXATPCHALLENGERMATCH-26APR19STALUK-STA,7,4,6,130,5,203,4,823,3,540,93,14,94,379,95,26,96,543,97,84,50.0
2026-04-18 03:33:37 PM,KXATPCHALLENGERMATCH-26APR19STALUK-STA,7,4,6,130,5,194,4,823,3,540,93,14,94,379,95,26,96,543,97,84,50.0
2026-04-18 03:33:38 PM,KXATPCHALLENGERMATCH-26APR19STALUK-STA,6,130,5,194,4,823,3,540,2,3114,93,14,94,379,95,26,96,543,97,84,49.5
2026-04-18 03:33:38 PM,KXATPCHALLENGERMATCH-26APR19STALUK-STA,6,130,5,203,4,823,3,540,2,3114,93,14,94,379,95,26,96,543,97,84,49.5
2026-04-18 03:33:38 PM,KXATPCHALLENGERMATCH-26APR19STALUK-STA,6,130,5,203,4,823,3,540,2,3114,93,10,94,379,95,26,96,543,97,84,49.5
2026-04-18 03:33:38 PM,KXATPCHALLENGERMATCH-26APR19STALUK-STA,7,4,6,130,5,203,4,823,3,540,93,10,94,379,95,26,96,543,97,84,50.0
2026-04-18 03:33:38 PM,KXATPCHALLENGERMATCH-26APR19STALUK-STA,7,4,6,130,5,194,4,823,3,540,93,10,94,379,95,26,96,543,97,84,50.0
2026-04-18 03:33:39 PM,KXATPCHALLENGERMATCH-26APR19STALUK-STA,7,4,6,130,5,203,4,823,3,540,93,10,94,379,95,26,96,543,97,84,50.0
2026-04-18 03:33:39 PM,KXATPCHALLENGERMATCH-26APR19STALUK-STA,6,130,5,203,4,823,3,540,2,3114,93,10,94,379,95,26,96,543,97,84,49.5
2026-04-18 03:33:39 PM,KXATPCHALLENGERMATCH-26APR19STALUK-STA,6,130,5,194,4,823,3,540,2,3114,93,10,94,379,95,26,96,543,97,84,49.5
2026-04-18 03:33:43 PM,KXATPCHALLENGERMATCH-26APR19STALUK-STA,7,4,6,130,5,194,4,823,3,540,93,10,94,379,95,26,96,543,97,84,50.0
2026-04-18 03:33:44 PM,KXATPCHALLENGERMATCH-26APR19STALUK-STA,7,8,6,130,5,194,4,823,3,540,93,10,94,379,95,26,96,543,97,84,50.0
2026-04-18 03:33:44 PM,KXATPCHALLENGERMATCH-26APR19STALUK-STA,7,4,6,130,5,194,4,823,3,540,93,10,94,379,95,26,96,543,97,84,50.0
2026-04-18 03:33:44 PM,KXATPCHALLENGERMATCH-26APR19STALUK-STA,7,4,6,130,5,203,4,823,3,540,93,10,94,379,95,26,96,543,97,84,50.0
2026-04-18 03:33:44 PM,KXATPCHALLENGERMATCH-26APR19STALUK-STA,7,4,6,130,5,203,4,823,3,540,93,10,94,379,95,35,96,543,97,84,50.0
2026-04-18 03:33:44 PM,KXATPCHALLENGERMATCH-26APR19STALUK-STA,6,130,5,203,4,823,3,540,2,3114,93,10,94,379,95,35,96,543,97,84,49.5
2026-04-18 03:33:45 PM,KXATPCHALLENGERMATCH-26APR19STALUK-STA,7,4,6,130,5,203,4,823,3,540,93,10,94,379,95,35,96,543,97,84,50.0
2026-04-18 03:33:45 PM,KXATPCHALLENGERMATCH-26APR19STALUK-STA,7,4,6,130,5,203,4,823,3,540,93,14,94,379,95,35,96,543,97,84,50.0
2026-04-18 03:33:45 PM,KXATPCHALLENGERMATCH-26APR19STALUK-STA,7,4,6,130,5,194,4,823,3,540,93,14,94,379,95,35,96,543,97,84,50.0
2026-04-18 03:33:45 PM,KXATPCHALLENGERMATCH-26APR19STALUK-STA,7,4,6,130,5,194,4,823,3,540,93,14,94,379,95,26,96,543,97,84,50.0
2026-04-18 03:33:45 PM,KXATPCHALLENGERMATCH-26APR19STALUK-STA,6,130,5,194,4,823,3,540,2,3114,93,14,94,379,95,26,96,543,97,84,49.5
2026-04-18 03:33:45 PM,KXATPCHALLENGERMATCH-26APR19STALUK-STA,6,130,5,203,4,823,3,540,2,3114,93,14,94,379,95,26,96,543,97,84,49.5
2026-04-18 03:33:45 PM,KXATPCHALLENGERMATCH-26APR19STALUK-STA,6,130,5,203,4,823,3,540,2,3114,93,10,94,379,95,26,96,543,97,84,49.5
2026-04-18 03:33:46 PM,KXATPCHALLENGERMATCH-26APR19STALUK-STA,6,130,5,194,4,823,3,540,2,3114,93,10,94,379,95,26,96,543,97,84,49.5
2026-04-18 03:33:46 PM,KXATPCHALLENGERMATCH-26APR19STALUK-STA,7,4,6,130,5,194,4,823,3,540,93,10,94,379,95,26,96,543,97,84,50.0
2026-04-18 03:33:46 PM,KXATPCHALLENGERMATCH-26APR19STALUK-STA,6,130,5,194,4,823,3,540,2,3114,93,10,94,379,95,26,96,543,97,84,49.5
2026-04-18 03:33:46 PM,KXATPCHALLENGERMATCH-26APR19STALUK-STA,6,130,5,203,4,823,3,540,2,3114,93,10,94,379,95,26,96,543,97,84,49.5
2026-04-18 03:33:46 PM,KXATPCHALLENGERMATCH-26APR19STALUK-STA,6,130,5,203,4,823,3,540,2,3114,93,10,94,379,95,35,96,543,97,84,49.5
2026-04-18 03:33:47 PM,KXATPCHALLENGERMATCH-26APR19STALUK-STA,6,130,5,194,4,823,3,540,2,3114,93,10,94,379,95,35,96,543,97,84,49.5
2026-04-18 03:33:47 PM,KXATPCHALLENGERMATCH-26APR19STALUK-STA,6,130,5,194,4,823,3,540,2,3114,93,10,94,379,95,26,96,543,97,84,49.5
2026-04-18 03:33:47 PM,KXATPCHALLENGERMATCH-26APR19STALUK-STA,7,4,6,130,5,194,4,823,3,540,93,10,94,379,95,26,96,543,97,84,50.0
2026-04-18 03:33:47 PM,KXATPCHALLENGERMATCH-26APR19STALUK-STA,7,4,6,130,5,194,4,823,3,540,93,14,94,379,95,26,96,543,97,84,50.0
2026-04-18 03:33:47 PM,KXATPCHALLENGERMATCH-26APR19STALUK-STA,6,130,5,194,4,823,3,540,2,3114,93,14,94,379,95,26,96,543,97,84,49.5
2026-04-18 03:33:47 PM,KXATPCHALLENGERMATCH-26APR19STALUK-STA,6,130,5,194,4,823,3,540,2,3114,93,10,94,379,95,26,96,543,97,84,49.5
2026-04-18 03:33:47 PM,KXATPCHALLENGERMATCH-26APR19STALUK-STA,6,130,5,203,4,823,3,540,2,3114,93,10,94,379,95,26,96,543,97,84,49.5
2026-04-18 03:33:47 PM,KXATPCHALLENGERMATCH-26APR19STALUK-STA,6,130,5,203,4,823,3,540,2,3114,93,10,94,379,95,35,96,543,97,84,49.5
2026-04-18 03:33:48 PM,KXATPCHALLENGERMATCH-26APR19STALUK-STA,7,4,6,130,5,203,4,823,3,540,93,10,94,379,95,35,96,543,97,84,50.0
2026-04-18 03:33:48 PM,KXATPCHALLENGERMATCH-26APR19STALUK-STA,7,4,6,130,5,194,4,823,3,540,93,10,94,379,95,35,96,543,97,84,50.0
2026-04-18 03:33:48 PM,KXATPCHALLENGERMATCH-26APR19STALUK-STA,7,4,6,130,5,194,4,823,3,540,93,14,94,379,95,35,96,543,97,84,50.0
2026-04-18 03:33:48 PM,KXATPCHALLENGERMATCH-26APR19STALUK-STA,7,4,6,130,5,194,4,823,3,540,93,14,94,379,95,26,96,543,97,84,50.0
2026-04-18 03:33:48 PM,KXATPCHALLENGERMATCH-26APR19STALUK-STA,7,4,6,130,5,203,4,823,3,540,93,14,94,379,95,26,96,543,97,84,50.0
2026-04-18 03:33:48 PM,KXATPCHALLENGERMATCH-26APR19STALUK-STA,7,4,6,130,5,203,4,823,3,540,93,14,94,379,95,35,96,543,97,84,50.0
2026-04-18 03:33:48 PM,KXATPCHALLENGERMATCH-26APR19STALUK-STA,6,130,5,203,4,823,3,540,2,3114,93,14,94,379,95,35,96,543,97,84,49.5
2026-04-18 03:33:48 PM,KXATPCHALLENGERMATCH-26APR19STALUK-STA,6,130,5,203,4,823,3,540,2,3114,93,10,94,379,95,35,96,543,97,84,49.5
2026-04-18 03:33:49 PM,KXATPCHALLENGERMATCH-26APR19STALUK-STA,6,130,5,194,4,823,3,540,2,3114,93,10,94,379,95,35,96,543,97,84,49.5
2026-04-18 03:33:49 PM,KXATPCHALLENGERMATCH-26APR19STALUK-STA,6,130,5,194,4,823,3,540,2,3114,93,10,94,379,95,26,96,543,97,84,49.5
2026-04-18 03:34:13 PM,KXATPCHALLENGERMATCH-26APR19STALUK-STA,7,4,6,130,5,194,4,823,3,540,93,10,94,379,95,26,96,543,97,84,50.0
2026-04-18 03:34:13 PM,KXATPCHALLENGERMATCH-26APR19STALUK-STA,7,4,6,130,5,194,4,823,3,540,93,14,94,379,95,26,96,543,97,84,50.0
2026-04-18 03:34:13 PM,KXATPCHALLENGERMATCH-26APR19STALUK-STA,7,4,6,130,5,203,4,823,3,540,93,14,94,379,95,26,96,543,97,84,50.0
2026-04-18 03:34:13 PM,KXATPCHALLENGERMATCH-26APR19STALUK-STA,7,4,6,130,5,203,4,823,3,540,93,14,94,379,95,35,96,543,97,84,50.0
2026-04-18 03:34:13 PM,KXATPCHALLENGERMATCH-26APR19STALUK-STA,6,130,5,203,4,823,3,540,2,3114,93,14,94,379,95,35,96,543,97,84,49.5
2026-04-18 03:34:13 PM,KXATPCHALLENGERMATCH-26APR19STALUK-STA,6,130,5,203,4,823,3,540,2,3114,93,10,94,379,95,35,96,543,97,84,49.5
2026-04-18 03:34:14 PM,KXATPCHALLENGERMATCH-26APR19STALUK-STA,6,130,5,194,4,823,3,540,2,3114,93,10,94,379,95,35,96,543,97,84,49.5
2026-04-18 03:34:14 PM,KXATPCHALLENGERMATCH-26APR19STALUK-STA,7,4,6,130,5,194,4,823,3,540,93,10,94,379,95,35,96,543,97,84,50.0
2026-04-18 03:34:14 PM,KXATPCHALLENGERMATCH-26APR19STALUK-STA,7,4,6,130,5,194,4,823,3,540,93,10,94,379,95,26,96,543,97,84,50.0
2026-04-18 03:34:14 PM,KXATPCHALLENGERMATCH-26APR19STALUK-STA,7,4,6,130,5,203,4,823,3,540,93,10,94,379,95,26,96,543,97,84,50.0
2026-04-18 03:34:14 PM,KXATPCHALLENGERMATCH-26APR19STALUK-STA,7,4,6,130,5,203,4,823,3,540,93,10,94,379,95,35,96,543,97,84,50.0
2026-04-18 03:34:14 PM,KXATPCHALLENGERMATCH-26APR19STALUK-STA,6,130,5,203,4,823,3,540,2,3114,93,10,94,379,95,35,96,543,97,84,49.5
2026-04-18 03:34:15 PM,KXATPCHALLENGERMATCH-26APR19STALUK-STA,6,130,5,194,4,823,3,540,2,3114,93,10,94,379,95,35,96,543,97,84,49.5
2026-04-18 03:34:15 PM,KXATPCHALLENGERMATCH-26APR19STALUK-STA,6,130,5,194,4,823,3,540,2,3114,93,10,94,379,95,26,96,543,97,84,49.5
2026-04-18 03:34:15 PM,KXATPCHALLENGERMATCH-26APR19STALUK-STA,7,4,6,130,5,194,4,823,3,540,93,10,94,379,95,26,96,543,97,84,50.0
2026-04-18 03:34:15 PM,KXATPCHALLENGERMATCH-26APR19STALUK-STA,7,4,6,130,5,194,4,823,3,540,93,14,94,379,95,26,96,543,97,84,50.0
2026-04-18 03:34:15 PM,KXATPCHALLENGERMATCH-26APR19STALUK-STA,6,130,5,194,4,823,3,540,2,3114,93,14,94,379,95,26,96,543,97,84,49.5
2026-04-18 03:34:15 PM,KXATPCHALLENGERMATCH-26APR19STALUK-STA,6,130,5,194,4,823,3,540,2,3114,93,10,94,379,95,26,96,543,97,84,49.5
2026-04-18 03:34:15 PM,KXATPCHALLENGERMATCH-26APR19STALUK-STA,6,130,5,203,4,823,3,540,2,3114,93,10,94,379,95,26,96,543,97,84,49.5
2026-04-18 03:34:15 PM,KXATPCHALLENGERMATCH-26APR19STALUK-STA,6,130,5,203,4,823,3,540,2,3114,93,10,94,379,95,35,96,543,97,84,49.5
2026-04-18 03:34:16 PM,KXATPCHALLENGERMATCH-26APR19STALUK-STA,7,4,6,130,5,203,4,823,3,540,93,10,94,379,95,35,96,543,97,84,50.0
2026-04-18 03:34:16 PM,KXATPCHALLENGERMATCH-26APR19STALUK-STA,7,4,6,130,5,203,4,823,3,540,93,14,94,379,95,35,96,543,97,84,50.0
2026-04-18 03:34:16 PM,KXATPCHALLENGERMATCH-26APR19STALUK-STA,7,4,6,130,5,194,4,823,3,540,93,14,94,379,95,35,96,543,97,84,50.0
2026-04-18 03:34:16 PM,KXATPCHALLENGERMATCH-26APR19STALUK-STA,7,4,6,130,5,194,4,823,3,540,93,14,94,379,95,26,96,543,97,84,50.0
2026-04-18 03:34:16 PM,KXATPCHALLENGERMATCH-26APR19STALUK-STA,6,130,5,194,4,823,3,540,2,3114,93,14,94,379,95,26,96,543,97,84,49.5
2026-04-18 03:34:16 PM,KXATPCHALLENGERMATCH-26APR19STALUK-STA,6,130,5,194,4,823,3,540,2,3114,93,10,94,379,95,26,96,543,97,84,49.5
2026-04-18 03:34:16 PM,KXATPCHALLENGERMATCH-26APR19STALUK-STA,6,130,5,203,4,823,3,540,2,3114,93,10,94,379,95,26,96,543,97,84,49.5
2026-04-18 03:34:16 PM,KXATPCHALLENGERMATCH-26APR19STALUK-STA,6,130,5,203,4,823,3,540,2,3114,93,10,94,379,95,35,96,543,97,84,49.5
2026-04-18 03:34:17 PM,KXATPCHALLENGERMATCH-26APR19STALUK-STA,6,130,5,194,4,823,3,540,2,3114,93,10,94,379,95,35,96,543,97,84,49.5
2026-04-18 03:34:17 PM,KXATPCHALLENGERMATCH-26APR19STALUK-STA,6,130,5,194,4,823,3,540,2,3114,93,10,94,379,95,26,96,543,97,84,49.5
2026-04-18 03:34:17 PM,KXATPCHALLENGERMATCH-26APR19STALUK-STA,7,4,6,130,5,194,4,823,3,540,93,10,94,379,95,26,96,543,97,84,50.0
2026-04-18 03:34:17 PM,KXATPCHALLENGERMATCH-26APR19STALUK-STA,7,4,6,130,5,194,4,823,3,540,93,14,94,379,95,26,96,543,97,84,50.0
2026-04-18 03:34:17 PM,KXATPCHALLENGERMATCH-26APR19STALUK-STA,7,4,6,130,5,203,4,823,3,540,93,14,94,379,95,26,96,543,97,84,50.0
2026-04-18 03:34:17 PM,KXATPCHALLENGERMATCH-26APR19STALUK-STA,6,130,5,203,4,823,3,540,2,3114,93,14,94,379,95,26,96,543,97,84,49.5
2026-04-18 03:34:17 PM,KXATPCHALLENGERMATCH-26APR19STALUK-STA,6,130,5,203,4,823,3,540,2,3114,93,14,94,379,95,35,96,543,97,84,49.5
2026-04-18 03:34:17 PM,KXATPCHALLENGERMATCH-26APR19STALUK-STA,6,130,5,203,4,823,3,540,2,3114,93,10,94,379,95,35,96,543,97,84,49.5
2026-04-18 03:34:18 PM,KXATPCHALLENGERMATCH-26APR19STALUK-STA,6,130,5,194,4,823,3,540,2,3114,93,10,94,379,95,35,96,543,97,84,49.5
2026-04-18 03:34:18 PM,KXATPCHALLENGERMATCH-26APR19STALUK-STA,6,130,5,194,4,823,3,540,2,3114,93,10,94,379,95,26,96,543,97,84,49.5
2026-04-18 03:34:18 PM,KXATPCHALLENGERMATCH-26APR19STALUK-STA,7,4,6,130,5,194,4,823,3,540,93,10,94,379,95,26,96,543,97,84,50.0
2026-04-18 03:34:18 PM,KXATPCHALLENGERMATCH-26APR19STALUK-STA,7,4,6,130,5,194,4,823,3,540,93,14,94,379,95,26,96,543,97,84,50.0
2026-04-18 03:34:18 PM,KXATPCHALLENGERMATCH-26APR19STALUK-STA,7,4,6,130,5,203,4,823,3,540,93,14,94,379,95,26,96,543,97,84,50.0
2026-04-18 03:34:18 PM,KXATPCHALLENGERMATCH-26APR19STALUK-STA,7,4,6,130,5,203,4,823,3,540,93,14,94,379,95,35,96,543,97,84,50.0
2026-04-18 03:34:18 PM,KXATPCHALLENGERMATCH-26APR19STALUK-STA,6,130,5,203,4,823,3,540,2,3114,93,14,94,379,95,35,96,543,97,84,49.5
2026-04-18 03:34:18 PM,KXATPCHALLENGERMATCH-26APR19STALUK-STA,6,130,5,203,4,823,3,540,2,3114,93,10,94,379,95,35,96,543,97,84,49.5
2026-04-18 03:34:19 PM,KXATPCHALLENGERMATCH-26APR19STALUK-STA,6,130,5,194,4,823,3,540,2,3114,93,10,94,379,95,35,96,543,97,84,49.5
2026-04-18 03:34:19 PM,KXATPCHALLENGERMATCH-26APR19STALUK-STA,7,4,6,130,5,194,4,823,3,540,93,10,94,379,95,35,96,543,97,84,50.0
2026-04-18 03:34:19 PM,KXATPCHALLENGERMATCH-26APR19STALUK-STA,7,4,6,130,5,194,4,823,3,540,93,10,94,379,95,26,96,543,97,84,50.0
2026-04-18 03:34:19 PM,KXATPCHALLENGERMATCH-26APR19STALUK-STA,7,4,6,130,5,194,4,823,3,540,93,14,94,379,95,26,96,543,97,84,50.0
2026-04-18 03:34:19 PM,KXATPCHALLENGERMATCH-26APR19STALUK-STA,7,4,6,130,5,203,4,823,3,540,93,14,94,379,95,26,96,543,97,84,50.0
2026-04-18 03:34:19 PM,KXATPCHALLENGERMATCH-26APR19STALUK-STA,7,4,6,130,5,203,4,823,3,540,93,14,94,379,95,35,96,543,97,84,50.0
2026-04-18 03:34:19 PM,KXATPCHALLENGERMATCH-26APR19STALUK-STA,6,130,5,203,4,823,3,540,2,3114,93,14,94,379,95,35,96,543,97,84,49.5
2026-04-18 03:34:19 PM,KXATPCHALLENGERMATCH-26APR19STALUK-STA,6,130,5,203,4,823,3,540,2,3114,93,10,94,379,95,35,96,543,97,84,49.5
