ts_et,ticker,bid_1,bid_1_sz,bid_2,bid_2_sz,bid_3,bid_3_sz,bid_4,bid_4_sz,bid_5,bid_5_sz,ask_1,ask_1_sz,ask_2,ask_2_sz,ask_3,ask_3_sz,ask_4,ask_4_sz,ask_5,ask_5_sz,mid
2026-04-18 11:23:53 AM,KXATPCHALLENGERMATCH-26APR18KANMAS-KAN,6,116,5,194,4,823,3,540,2,900,94,15,95,25,96,543,97,82,98,123,50.0
2026-04-18 11:23:56 AM,KXATPCHALLENGERMATCH-26APR18KANMAS-KAN,6,116,5,194,4,823,3,540,2,900,94,15,95,25,96,543,97,84,98,123,50.0
2026-04-18 11:32:00 AM,KXATPCHALLENGERMATCH-26APR18KANMAS-KAN,6,76,5,194,4,823,3,540,2,900,94,15,95,25,96,543,97,84,98,123,50.0
2026-04-18 11:32:00 AM,KXATPCHALLENGERMATCH-26APR18KANMAS-KAN,6,43,5,194,4,823,3,540,2,900,94,15,95,25,96,543,97,84,98,123,50.0
2026-04-18 11:32:00 AM,KXATPCHALLENGERMATCH-26APR18KANMAS-KAN,6,43,5,194,4,823,3,540,2,900,7,43,94,15,95,25,96,543,97,84,6.5
2026-04-18 11:32:00 AM,KXATPCHALLENGERMATCH-26APR18KANMAS-KAN,5,194,4,823,3,540,2,900,1,3324,7,43,94,15,95,25,96,543,97,84,6.0
2026-04-18 11:32:00 AM,KXATPCHALLENGERMATCH-26APR18KANMAS-KAN,5,177,4,823,3,540,2,900,1,3324,7,43,94,15,95,25,96,543,97,84,6.0
2026-04-18 11:32:00 AM,KXATPCHALLENGERMATCH-26APR18KANMAS-KAN,5,177,4,823,3,540,2,900,1,3324,6,67,7,43,94,15,95,25,96,543,5.5
2026-04-18 11:32:00 AM,KXATPCHALLENGERMATCH-26APR18KANMAS-KAN,5,177,4,823,3,540,2,900,1,3324,6,67,7,114,94,15,95,25,96,543,5.5
2026-04-18 11:32:00 AM,KXATPCHALLENGERMATCH-26APR18KANMAS-KAN,5,177,4,823,3,540,2,900,1,3324,6,100,7,114,94,15,95,25,96,543,5.5
2026-04-18 11:32:11 AM,KXATPCHALLENGERMATCH-26APR18KANMAS-KAN,5,177,4,823,3,540,2,900,1,3324,6,233,7,114,94,15,95,25,96,543,5.5
2026-04-18 11:32:38 AM,KXATPCHALLENGERMATCH-26APR18KANMAS-KAN,5,177,4,824,3,540,2,900,1,3324,6,233,7,114,94,15,95,25,96,543,5.5
2026-04-18 11:33:03 AM,KXATPCHALLENGERMATCH-26APR18KANMAS-KAN,5,177,4,824,3,540,2,900,1,3324,6,232,7,114,94,15,95,25,96,543,5.5
2026-04-18 11:33:34 AM,KXATPCHALLENGERMATCH-26APR18KANMAS-KAN,5,177,4,824,3,540,2,900,1,3324,6,231,7,114,94,15,95,25,96,543,5.5
2026-04-18 11:34:03 AM,KXATPCHALLENGERMATCH-26APR18KANMAS-KAN,5,177,4,824,3,540,2,900,1,3324,6,231,7,114,74,1,94,15,95,25,5.5
2026-04-18 11:34:03 AM,KXATPCHALLENGERMATCH-26APR18KANMAS-KAN,5,177,4,824,3,540,2,900,1,3324,6,231,7,114,64,1,74,1,94,15,5.5
2026-04-18 11:34:03 AM,KXATPCHALLENGERMATCH-26APR18KANMAS-KAN,5,177,4,824,3,540,2,900,1,3324,6,231,7,114,64,1,74,1,89,1,5.5
2026-04-18 11:34:03 AM,KXATPCHALLENGERMATCH-26APR18KANMAS-KAN,5,177,4,824,3,540,2,900,1,3324,6,231,7,114,64,1,74,1,84,1,5.5
2026-04-18 11:34:06 AM,KXATPCHALLENGERMATCH-26APR18KANMAS-KAN,5,177,4,824,3,540,2,900,1,3324,6,231,7,114,54,1,64,1,74,1,5.5
2026-04-18 11:34:35 AM,KXATPCHALLENGERMATCH-26APR18KANMAS-KAN,5,177,4,823,3,540,2,900,1,3324,6,231,7,114,54,1,64,1,74,1,5.5
2026-04-18 11:35:01 AM,KXATPCHALLENGERMATCH-26APR18KANMAS-KAN,5,177,4,823,3,540,2,900,1,3324,6,194,7,114,54,1,64,1,74,1,5.5
2026-04-18 11:37:32 AM,KXATPCHALLENGERMATCH-26APR18KANMAS-KAN,5,177,4,823,3,540,2,900,1,3329,6,194,7,114,54,1,64,1,74,1,5.5
2026-04-18 11:38:02 AM,KXATPCHALLENGERMATCH-26APR18KANMAS-KAN,5,177,4,823,3,540,2,900,1,3324,6,194,7,114,54,1,64,1,74,1,5.5
2026-04-18 11:45:32 AM,KXATPCHALLENGERMATCH-26APR18KANMAS-KAN,5,177,4,823,3,540,2,900,1,3324,6,182,7,114,54,1,64,1,74,1,5.5
2026-04-18 11:47:59 AM,KXATPCHALLENGERMATCH-26APR18KANMAS-KAN,5,177,4,823,3,540,2,900,1,3324,6,167,7,114,54,1,64,1,74,1,5.5
2026-04-18 11:47:59 AM,KXATPCHALLENGERMATCH-26APR18KANMAS-KAN,5,177,4,823,3,540,2,900,1,3324,6,158,7,114,54,1,64,1,74,1,5.5
2026-04-18 11:47:59 AM,KXATPCHALLENGERMATCH-26APR18KANMAS-KAN,5,177,4,823,3,540,2,900,1,3324,6,135,7,114,54,1,64,1,74,1,5.5
2026-04-18 11:47:59 AM,KXATPCHALLENGERMATCH-26APR18KANMAS-KAN,5,177,4,823,3,540,2,900,1,3324,6,134,7,114,54,1,64,1,74,1,5.5
2026-04-18 11:47:59 AM,KXATPCHALLENGERMATCH-26APR18KANMAS-KAN,5,177,4,823,3,540,2,900,1,3324,6,201,7,114,54,1,64,1,74,1,5.5
2026-04-18 11:47:59 AM,KXATPCHALLENGERMATCH-26APR18KANMAS-KAN,5,177,4,823,3,540,2,900,1,3324,6,234,7,114,54,1,64,1,74,1,5.5
2026-04-18 11:48:05 AM,KXATPCHALLENGERMATCH-26APR18KANMAS-KAN,5,177,4,823,3,540,2,900,1,3324,6,236,7,114,54,1,64,1,74,1,5.5
2026-04-18 11:48:52 AM,KXATPCHALLENGERMATCH-26APR18KANMAS-KAN,5,177,4,823,3,540,2,900,1,3324,6,234,7,114,54,1,64,1,74,1,5.5
2026-04-18 11:55:10 AM,KXATPCHALLENGERMATCH-26APR18KANMAS-KAN,5,177,4,823,3,1553,2,900,1,3324,6,234,7,114,54,1,64,1,74,1,5.5
2026-04-18 11:55:12 AM,KXATPCHALLENGERMATCH-26APR18KANMAS-KAN,5,177,4,823,3,1553,2,900,1,3329,6,234,7,114,54,1,64,1,74,1,5.5
2026-04-18 11:55:14 AM,KXATPCHALLENGERMATCH-26APR18KANMAS-KAN,4,823,3,1553,2,900,1,3329,,,6,234,7,114,54,1,64,1,74,1,5.0
2026-04-18 11:55:14 AM,KXATPCHALLENGERMATCH-26APR18KANMAS-KAN,4,824,3,1553,2,900,1,3329,,,6,234,7,114,54,1,64,1,74,1,5.0
2026-04-18 11:55:16 AM,KXATPCHALLENGERMATCH-26APR18KANMAS-KAN,4,824,3,540,2,900,1,3329,,,6,234,7,114,54,1,64,1,74,1,5.0
2026-04-18 11:55:40 AM,KXATPCHALLENGERMATCH-26APR18KANMAS-KAN,4,823,3,540,2,900,1,3329,,,6,234,7,114,54,1,64,1,74,1,5.0
2026-04-18 11:55:40 AM,KXATPCHALLENGERMATCH-26APR18KANMAS-KAN,4,823,3,540,2,1913,1,3329,,,6,234,7,114,54,1,64,1,74,1,5.0
2026-04-18 11:55:42 AM,KXATPCHALLENGERMATCH-26APR18KANMAS-KAN,4,823,3,540,2,1913,1,3324,,,6,234,7,114,54,1,64,1,74,1,5.0
2026-04-18 11:55:59 AM,KXATPCHALLENGERMATCH-26APR18KANMAS-KAN,4,823,3,540,2,1913,1,3324,,,6,411,7,114,54,1,64,1,74,1,5.0
2026-04-18 11:58:07 AM,KXATPCHALLENGERMATCH-26APR18KANMAS-KAN,4,823,3,540,2,1913,1,3324,,,6,411,7,114,14,35,54,1,64,1,5.0
2026-04-18 11:58:07 AM,KXATPCHALLENGERMATCH-26APR18KANMAS-KAN,4,823,3,540,2,1948,1,3324,,,6,411,7,114,14,35,54,1,64,1,5.0
2026-04-18 12:00:10 PM,KXATPCHALLENGERMATCH-26APR18KANMAS-KAN,4,923,3,540,2,1948,1,3324,,,6,411,7,114,14,35,54,1,64,1,5.0
2026-04-18 12:00:10 PM,KXATPCHALLENGERMATCH-26APR18KANMAS-KAN,4,923,3,540,2,1948,1,3324,,,6,911,7,114,14,35,54,1,64,1,5.0
2026-04-18 12:00:19 PM,KXATPCHALLENGERMATCH-26APR18KANMAS-KAN,4,923,3,540,2,1948,1,3324,,,6,411,7,114,14,35,54,1,64,1,5.0
2026-04-18 12:00:19 PM,KXATPCHALLENGERMATCH-26APR18KANMAS-KAN,4,823,3,540,2,1948,1,3324,,,6,411,7,114,14,35,54,1,64,1,5.0
2026-04-18 12:02:02 PM,KXATPCHALLENGERMATCH-26APR18KANMAS-KAN,4,823,3,540,2,1948,1,3324,,,6,411,7,114,54,1,64,1,74,1,5.0
2026-04-18 12:02:02 PM,KXATPCHALLENGERMATCH-26APR18KANMAS-KAN,4,823,3,540,2,1913,1,3324,,,6,411,7,114,54,1,64,1,74,1,5.0
2026-04-18 12:02:58 PM,KXATPCHALLENGERMATCH-26APR18KANMAS-KAN,4,823,3,540,2,1913,1,3324,,,6,404,7,114,54,1,64,1,74,1,5.0
2026-04-18 12:06:49 PM,KXATPCHALLENGERMATCH-26APR18KANMAS-KAN,4,833,3,540,2,1913,1,3324,,,6,404,7,114,54,1,64,1,74,1,5.0
2026-04-18 12:06:49 PM,KXATPCHALLENGERMATCH-26APR18KANMAS-KAN,4,833,3,561,2,1913,1,3324,,,6,404,7,114,54,1,64,1,74,1,5.0
2026-04-18 12:06:49 PM,KXATPCHALLENGERMATCH-26APR18KANMAS-KAN,4,833,3,561,2,1913,1,3324,,,6,414,7,114,54,1,64,1,74,1,5.0
2026-04-18 12:06:49 PM,KXATPCHALLENGERMATCH-26APR18KANMAS-KAN,4,833,3,561,2,1913,1,3324,,,6,414,7,135,54,1,64,1,74,1,5.0
2026-04-18 12:07:50 PM,KXATPCHALLENGERMATCH-26APR18KANMAS-KAN,4,833,3,561,2,1913,1,3329,,,6,414,7,135,54,1,64,1,74,1,5.0
2026-04-18 12:07:55 PM,KXATPCHALLENGERMATCH-26APR18KANMAS-KAN,4,833,3,561,2,1913,1,5829,,,6,414,7,135,54,1,64,1,74,1,5.0
2026-04-18 12:08:20 PM,KXATPCHALLENGERMATCH-26APR18KANMAS-KAN,4,833,3,561,2,1913,1,5824,,,6,414,7,135,54,1,64,1,74,1,5.0
2026-04-18 12:10:22 PM,KXATPCHALLENGERMATCH-26APR18KANMAS-KAN,4,833,3,561,2,1913,1,5824,,,6,291,7,135,54,1,64,1,74,1,5.0
2026-04-18 12:10:22 PM,KXATPCHALLENGERMATCH-26APR18KANMAS-KAN,4,833,3,561,2,1913,1,5824,,,6,259,7,135,54,1,64,1,74,1,5.0
2026-04-18 12:10:59 PM,KXATPCHALLENGERMATCH-26APR18KANMAS-KAN,4,833,3,561,2,1913,1,5824,,,6,259,7,135,14,35,54,1,64,1,5.0
2026-04-18 12:11:11 PM,KXATPCHALLENGERMATCH-26APR18KANMAS-KAN,4,833,3,561,2,2013,1,5824,,,6,259,7,135,14,35,54,1,64,1,5.0
2026-04-18 12:14:30 PM,KXATPCHALLENGERMATCH-26APR18KANMAS-KAN,4,833,3,561,2,2013,1,5824,,,6,259,7,135,14,35,28,1725,54,1,5.0
2026-04-18 12:14:30 PM,KXATPCHALLENGERMATCH-26APR18KANMAS-KAN,4,833,3,561,2,2013,1,5824,,,6,259,7,135,14,35,27,708,28,1725,5.0
2026-04-18 12:14:30 PM,KXATPCHALLENGERMATCH-26APR18KANMAS-KAN,4,833,3,561,2,2013,1,5824,,,6,259,7,135,14,35,26,673,27,708,5.0
2026-04-18 12:14:30 PM,KXATPCHALLENGERMATCH-26APR18KANMAS-KAN,4,833,3,561,2,2013,1,5824,,,6,259,7,135,14,35,25,535,26,673,5.0
2026-04-18 12:14:30 PM,KXATPCHALLENGERMATCH-26APR18KANMAS-KAN,4,833,3,561,2,2013,1,5824,,,6,259,7,135,14,35,24,483,25,535,5.0
2026-04-18 12:14:30 PM,KXATPCHALLENGERMATCH-26APR18KANMAS-KAN,4,833,3,561,2,2013,1,5824,,,6,259,7,135,14,35,23,397,24,483,5.0
2026-04-18 12:14:30 PM,KXATPCHALLENGERMATCH-26APR18KANMAS-KAN,4,833,3,561,2,2013,1,5824,,,6,259,7,135,14,35,22,207,23,397,5.0
2026-04-18 12:14:30 PM,KXATPCHALLENGERMATCH-26APR18KANMAS-KAN,4,833,3,561,2,2048,1,5824,,,6,259,7,135,14,35,22,207,23,397,5.0
2026-04-18 12:14:57 PM,KXATPCHALLENGERMATCH-26APR18KANMAS-KAN,4,833,3,561,2,2048,1,5824,,,6,259,7,135,22,207,23,397,24,483,5.0
2026-04-18 12:14:57 PM,KXATPCHALLENGERMATCH-26APR18KANMAS-KAN,4,833,3,561,2,2013,1,5824,,,6,259,7,135,22,207,23,397,24,483,5.0
2026-04-18 12:19:37 PM,KXATPCHALLENGERMATCH-26APR18KANMAS-KAN,4,833,3,561,2,2013,1,5829,,,6,259,7,135,22,207,23,397,24,483,5.0
2026-04-18 12:20:07 PM,KXATPCHALLENGERMATCH-26APR18KANMAS-KAN,4,833,3,561,2,2013,1,5824,,,6,259,7,135,22,207,23,397,24,483,5.0
2026-04-18 12:22:15 PM,KXATPCHALLENGERMATCH-26APR18KANMAS-KAN,4,510,3,561,2,2013,1,5824,,,6,259,7,135,22,207,23,397,24,483,5.0
2026-04-18 12:22:15 PM,KXATPCHALLENGERMATCH-26APR18KANMAS-KAN,4,10,3,561,2,2013,1,5824,,,6,259,7,135,22,207,23,397,24,483,5.0
2026-04-18 12:22:15 PM,KXATPCHALLENGERMATCH-26APR18KANMAS-KAN,3,561,2,2013,1,5824,,,,,6,259,7,135,22,207,23,397,24,483,4.5
2026-04-18 12:22:15 PM,KXATPCHALLENGERMATCH-26APR18KANMAS-KAN,3,561,2,2013,1,6837,,,,,6,259,7,135,22,207,23,397,24,483,4.5
2026-04-18 12:22:15 PM,KXATPCHALLENGERMATCH-26APR18KANMAS-KAN,3,561,2,1000,1,6837,,,,,6,259,7,135,22,207,23,397,24,483,4.5
2026-04-18 12:22:15 PM,KXATPCHALLENGERMATCH-26APR18KANMAS-KAN,3,540,2,1000,1,6837,,,,,6,259,7,135,22,207,23,397,24,483,4.5
2026-04-18 12:22:43 PM,KXATPCHALLENGERMATCH-26APR18KANMAS-KAN,3,540,2,2013,1,6837,,,,,6,259,7,135,22,207,23,397,24,483,4.5
2026-04-18 12:22:43 PM,KXATPCHALLENGERMATCH-26APR18KANMAS-KAN,3,546,2,2013,1,6837,,,,,6,259,7,135,22,207,23,397,24,483,4.5
2026-04-18 12:22:43 PM,KXATPCHALLENGERMATCH-26APR18KANMAS-KAN,3,546,2,2035,1,6837,,,,,6,259,7,135,22,207,23,397,24,483,4.5
2026-04-18 12:22:43 PM,KXATPCHALLENGERMATCH-26APR18KANMAS-KAN,3,546,2,2035,1,6837,,,,,6,263,7,135,22,207,23,397,24,483,4.5
2026-04-18 12:22:50 PM,KXATPCHALLENGERMATCH-26APR18KANMAS-KAN,3,546,2,2035,1,5824,,,,,6,263,7,135,22,207,23,397,24,483,4.5
2026-04-18 12:22:50 PM,KXATPCHALLENGERMATCH-26APR18KANMAS-KAN,3,547,2,2035,1,5824,,,,,6,263,7,135,22,207,23,397,24,483,4.5
2026-04-18 12:23:00 PM,KXATPCHALLENGERMATCH-26APR18KANMAS-KAN,3,547,2,2035,1,5824,,,,,5,323,6,263,7,135,22,207,23,397,4.0
2026-04-18 12:23:00 PM,KXATPCHALLENGERMATCH-26APR18KANMAS-KAN,3,547,2,2035,1,5824,,,,,5,323,6,269,7,135,22,207,23,397,4.0
2026-04-18 12:23:01 PM,KXATPCHALLENGERMATCH-26APR18KANMAS-KAN,3,547,2,2035,1,5824,,,,,5,338,6,269,7,135,22,207,23,397,4.0
2026-04-18 12:23:01 PM,KXATPCHALLENGERMATCH-26APR18KANMAS-KAN,3,547,2,2035,1,5824,,,,,5,338,6,269,7,114,22,207,23,397,4.0
2026-04-18 12:23:15 PM,KXATPCHALLENGERMATCH-26APR18KANMAS-KAN,3,547,2,2035,1,5824,,,,,5,338,6,269,7,114,21,200,22,207,4.0
2026-04-18 12:23:52 PM,KXATPCHALLENGERMATCH-26APR18KANMAS-KAN,3,546,2,2035,1,5824,,,,,5,338,6,269,7,114,21,200,22,207,4.0
2026-04-18 12:24:41 PM,KXATPCHALLENGERMATCH-26APR18KANMAS-KAN,3,546,2,2035,1,5824,,,,,5,338,6,269,7,114,22,207,23,397,4.0
2026-04-18 12:24:41 PM,KXATPCHALLENGERMATCH-26APR18KANMAS-KAN,3,546,2,2035,1,5824,,,,,5,338,6,269,7,114,13,35,22,207,4.0
2026-04-18 12:24:41 PM,KXATPCHALLENGERMATCH-26APR18KANMAS-KAN,3,546,2,2070,1,5824,,,,,5,338,6,269,7,114,13,35,22,207,4.0
2026-04-18 12:25:47 PM,KXATPCHALLENGERMATCH-26APR18KANMAS-KAN,3,544,2,2070,1,5824,,,,,5,338,6,269,7,114,13,35,22,207,4.0
2026-04-18 12:25:47 PM,KXATPCHALLENGERMATCH-26APR18KANMAS-KAN,3,544,2,2035,1,5824,,,,,5,338,6,269,7,114,13,35,22,207,4.0
2026-04-18 12:25:47 PM,KXATPCHALLENGERMATCH-26APR18KANMAS-KAN,3,579,2,2035,1,5824,,,,,5,338,6,269,7,114,13,35,22,207,4.0
2026-04-18 12:25:47 PM,KXATPCHALLENGERMATCH-26APR18KANMAS-KAN,3,579,2,2035,1,5824,,,,,5,338,6,269,7,114,22,207,23,397,4.0
2026-04-18 12:25:47 PM,KXATPCHALLENGERMATCH-26APR18KANMAS-KAN,3,579,2,2035,1,5824,,,,,5,338,6,269,7,114,14,35,22,207,4.0
2026-04-18 12:26:17 PM,KXATPCHALLENGERMATCH-26APR18KANMAS-KAN,3,579,2,2035,1,5824,,,,,5,340,6,269,7,114,14,35,22,207,4.0
2026-04-18 12:26:17 PM,KXATPCHALLENGERMATCH-26APR18KANMAS-KAN,3,544,2,2035,1,5824,,,,,5,340,6,269,7,114,14,35,22,207,4.0
2026-04-18 12:26:17 PM,KXATPCHALLENGERMATCH-26APR18KANMAS-KAN,3,544,2,2070,1,5824,,,,,5,340,6,269,7,114,14,35,22,207,4.0
2026-04-18 12:27:36 PM,KXATPCHALLENGERMATCH-26APR18KANMAS-KAN,3,544,2,2035,1,5824,,,,,5,340,6,269,7,114,14,35,22,207,4.0
2026-04-18 12:27:36 PM,KXATPCHALLENGERMATCH-26APR18KANMAS-KAN,3,544,2,2035,1,5824,,,,,5,340,6,269,7,114,22,207,23,397,4.0
2026-04-18 12:29:35 PM,KXATPCHALLENGERMATCH-26APR18KANMAS-KAN,3,544,2,2035,1,5824,,,,,5,17,6,269,7,114,22,207,23,397,4.0
2026-04-18 12:29:35 PM,KXATPCHALLENGERMATCH-26APR18KANMAS-KAN,3,544,2,2035,1,5824,,,,,5,2,6,269,7,114,22,207,23,397,4.0
2026-04-18 12:29:35 PM,KXATPCHALLENGERMATCH-26APR18KANMAS-KAN,3,544,2,2035,1,5824,,,,,6,269,7,114,22,207,23,397,24,483,4.5
2026-04-18 12:29:35 PM,KXATPCHALLENGERMATCH-26APR18KANMAS-KAN,3,544,2,2035,1,5824,,,,,6,240,7,114,22,207,23,397,24,483,4.5
2026-04-18 12:29:35 PM,KXATPCHALLENGERMATCH-26APR18KANMAS-KAN,3,544,2,2035,1,5824,,,,,6,257,7,114,22,207,23,397,24,483,4.5
2026-04-18 12:29:35 PM,KXATPCHALLENGERMATCH-26APR18KANMAS-KAN,3,544,2,2035,1,5824,,,,,6,257,7,137,22,207,23,397,24,483,4.5
2026-04-18 12:29:35 PM,KXATPCHALLENGERMATCH-26APR18KANMAS-KAN,3,551,2,2035,1,5824,,,,,6,257,7,137,22,207,23,397,24,483,4.5
2026-04-18 12:31:12 PM,KXATPCHALLENGERMATCH-26APR18KANMAS-KAN,3,551,2,2035,1,5829,,,,,6,257,7,137,22,207,23,397,24,483,4.5
2026-04-18 12:31:42 PM,KXATPCHALLENGERMATCH-26APR18KANMAS-KAN,3,551,2,2035,1,5824,,,,,6,257,7,137,22,207,23,397,24,483,4.5
2026-04-18 12:34:43 PM,KXATPCHALLENGERMATCH-26APR18KANMAS-KAN,3,551,2,2035,1,5824,,,,,5,417,6,257,7,137,22,207,23,397,4.0
2026-04-18 12:34:43 PM,KXATPCHALLENGERMATCH-26APR18KANMAS-KAN,3,551,2,2035,1,5824,,,,,5,417,6,678,7,137,22,207,23,397,4.0
2026-04-18 12:34:43 PM,KXATPCHALLENGERMATCH-26APR18KANMAS-KAN,3,551,2,2035,1,5824,,,,,5,417,6,678,7,563,22,207,23,397,4.0
2026-04-18 12:34:43 PM,KXATPCHALLENGERMATCH-26APR18KANMAS-KAN,3,551,2,2035,1,5824,,,,,5,417,6,678,7,563,19,494,22,207,4.0
2026-04-18 12:34:43 PM,KXATPCHALLENGERMATCH-26APR18KANMAS-KAN,3,551,2,2035,1,5824,,,,,5,417,6,678,7,540,19,494,22,207,4.0
2026-04-18 12:34:43 PM,KXATPCHALLENGERMATCH-26APR18KANMAS-KAN,3,551,2,2035,1,5824,,,,,5,426,6,678,7,540,19,494,22,207,4.0
2026-04-18 12:34:43 PM,KXATPCHALLENGERMATCH-26APR18KANMAS-KAN,3,551,2,2035,1,5824,,,,,5,426,6,668,7,540,19,494,22,207,4.0
2026-04-18 12:34:43 PM,KXATPCHALLENGERMATCH-26APR18KANMAS-KAN,3,586,2,2035,1,5824,,,,,5,426,6,668,7,540,19,494,22,207,4.0
2026-04-18 12:34:43 PM,KXATPCHALLENGERMATCH-26APR18KANMAS-KAN,3,586,2,2035,1,5824,,,,,5,426,6,668,7,540,13,35,19,494,4.0
2026-04-18 12:35:00 PM,KXATPCHALLENGERMATCH-26APR18KANMAS-KAN,3,586,2,2035,1,5824,,,,,5,426,6,491,7,540,13,35,19,494,4.0
2026-04-18 12:35:00 PM,KXATPCHALLENGERMATCH-26APR18KANMAS-KAN,3,586,2,2035,1,5824,,,,,5,603,6,491,7,540,13,35,19,494,4.0
2026-04-18 12:35:00 PM,KXATPCHALLENGERMATCH-26APR18KANMAS-KAN,3,551,2,2035,1,5824,,,,,5,603,6,491,7,540,13,35,19,494,4.0
2026-04-18 12:36:08 PM,KXATPCHALLENGERMATCH-26APR18KANMAS-KAN,3,551,2,2035,1,5824,,,,,5,603,6,491,7,540,19,494,22,207,4.0
2026-04-18 12:42:20 PM,KXATPCHALLENGERMATCH-26APR18KANMAS-KAN,3,551,2,2035,1,5829,,,,,5,603,6,491,7,540,19,494,22,207,4.0
2026-04-18 12:42:49 PM,KXATPCHALLENGERMATCH-26APR18KANMAS-KAN,3,551,2,2035,1,5824,,,,,5,603,6,491,7,540,19,494,22,207,4.0
2026-04-18 12:55:07 PM,KXATPCHALLENGERMATCH-26APR18KANMAS-KAN,3,551,2,2035,1,5829,,,,,5,603,6,491,7,540,19,494,22,207,4.0
2026-04-18 12:55:36 PM,KXATPCHALLENGERMATCH-26APR18KANMAS-KAN,3,551,2,2035,1,5824,,,,,5,603,6,491,7,540,19,494,22,207,4.0
2026-04-18 12:56:39 PM,KXATPCHALLENGERMATCH-26APR18KANMAS-KAN,3,551,2,2035,1,5824,,,,,5,643,6,491,7,540,19,494,22,207,4.0
2026-04-18 12:57:52 PM,KXATPCHALLENGERMATCH-26APR18KANMAS-KAN,3,551,2,2035,1,5824,,,,,5,550,6,491,7,540,19,494,22,207,4.0
2026-04-18 12:57:52 PM,KXATPCHALLENGERMATCH-26APR18KANMAS-KAN,3,551,2,2035,1,5824,,,,,5,550,6,491,7,457,19,494,22,207,4.0
2026-04-18 12:57:52 PM,KXATPCHALLENGERMATCH-26APR18KANMAS-KAN,3,551,2,2035,1,5824,,,,,5,643,6,491,7,457,19,494,22,207,4.0
2026-04-18 12:58:31 PM,KXATPCHALLENGERMATCH-26APR18KANMAS-KAN,3,551,2,2035,1,5824,,,,,5,585,6,491,7,457,19,494,22,207,4.0
2026-04-18 12:58:31 PM,KXATPCHALLENGERMATCH-26APR18KANMAS-KAN,3,551,2,2035,1,5824,,,,,5,585,6,491,7,398,19,494,22,207,4.0
2026-04-18 12:58:31 PM,KXATPCHALLENGERMATCH-26APR18KANMAS-KAN,3,551,2,2065,1,5824,,,,,5,585,6,491,7,398,19,494,22,207,4.0
2026-04-18 12:58:31 PM,KXATPCHALLENGERMATCH-26APR18KANMAS-KAN,3,551,2,2065,1,5824,,,,,5,643,6,491,7,398,19,494,22,207,4.0
2026-04-18 12:59:05 PM,KXATPCHALLENGERMATCH-26APR18KANMAS-KAN,3,551,2,2065,1,5824,,,,,5,643,6,491,7,398,18,1,19,494,4.0
2026-04-18 12:59:55 PM,KXATPCHALLENGERMATCH-26APR18KANMAS-KAN,3,551,2,2065,1,5824,,,,,5,643,6,491,7,398,19,494,22,207,4.0
2026-04-18 01:04:04 PM,KXATPCHALLENGERMATCH-26APR18KANMAS-KAN,3,551,2,2065,1,5824,,,,,5,636,6,491,7,398,19,494,22,207,4.0
2026-04-18 01:04:04 PM,KXATPCHALLENGERMATCH-26APR18KANMAS-KAN,3,551,2,2065,1,5824,,,,,5,627,6,491,7,398,19,494,22,207,4.0
2026-04-18 01:04:05 PM,KXATPCHALLENGERMATCH-26APR18KANMAS-KAN,3,551,2,2065,1,5824,,,,,5,627,6,491,7,381,19,494,22,207,4.0
2026-04-18 01:04:05 PM,KXATPCHALLENGERMATCH-26APR18KANMAS-KAN,3,551,2,2065,1,5824,,,,,5,617,6,491,7,381,19,494,22,207,4.0
2026-04-18 01:04:05 PM,KXATPCHALLENGERMATCH-26APR18KANMAS-KAN,3,551,2,2065,1,5824,,,,,5,643,6,491,7,381,19,494,22,207,4.0
2026-04-18 01:04:05 PM,KXATPCHALLENGERMATCH-26APR18KANMAS-KAN,3,551,2,2065,1,5824,,,,,5,624,6,491,7,381,19,494,22,207,4.0
2026-04-18 01:04:05 PM,KXATPCHALLENGERMATCH-26APR18KANMAS-KAN,3,551,2,2065,1,5824,,,,,5,624,6,491,7,352,19,494,22,207,4.0
2026-04-18 01:04:05 PM,KXATPCHALLENGERMATCH-26APR18KANMAS-KAN,3,551,2,2065,1,5824,,,,,5,601,6,491,7,352,19,494,22,207,4.0
2026-04-18 01:04:05 PM,KXATPCHALLENGERMATCH-26APR18KANMAS-KAN,3,551,2,2065,1,5824,,,,,5,601,6,491,7,328,19,494,22,207,4.0
2026-04-18 01:04:05 PM,KXATPCHALLENGERMATCH-26APR18KANMAS-KAN,3,551,2,2065,1,5824,,,,,5,643,6,491,7,328,19,494,22,207,4.0
2026-04-18 01:04:06 PM,KXATPCHALLENGERMATCH-26APR18KANMAS-KAN,3,551,2,2065,1,5824,,,,,5,622,6,491,7,328,19,494,22,207,4.0
2026-04-18 01:04:06 PM,KXATPCHALLENGERMATCH-26APR18KANMAS-KAN,3,551,2,2065,1,5824,,,,,5,622,6,491,7,307,19,494,22,207,4.0
2026-04-18 01:04:06 PM,KXATPCHALLENGERMATCH-26APR18KANMAS-KAN,3,551,2,2065,1,5824,,,,,5,643,6,491,7,307,19,494,22,207,4.0
2026-04-18 01:04:06 PM,KXATPCHALLENGERMATCH-26APR18KANMAS-KAN,3,551,2,2065,1,5824,,,,,5,590,6,491,7,307,19,494,22,207,4.0
2026-04-18 01:04:06 PM,KXATPCHALLENGERMATCH-26APR18KANMAS-KAN,3,551,2,2065,1,5824,,,,,5,590,6,491,7,253,19,494,22,207,4.0
2026-04-18 01:04:06 PM,KXATPCHALLENGERMATCH-26APR18KANMAS-KAN,3,551,2,2094,1,5824,,,,,5,590,6,491,7,253,19,494,22,207,4.0
2026-04-18 01:04:06 PM,KXATPCHALLENGERMATCH-26APR18KANMAS-KAN,3,551,2,2094,1,5824,,,,,5,643,6,491,7,253,19,494,22,207,4.0
2026-04-18 01:04:06 PM,KXATPCHALLENGERMATCH-26APR18KANMAS-KAN,3,619,2,2094,1,5824,,,,,5,643,6,491,7,253,19,494,22,207,4.0
2026-04-18 01:04:07 PM,KXATPCHALLENGERMATCH-26APR18KANMAS-KAN,3,619,2,2140,1,5824,,,,,5,643,6,491,7,253,19,494,22,207,4.0
2026-04-18 01:04:07 PM,KXATPCHALLENGERMATCH-26APR18KANMAS-KAN,3,619,2,2140,1,6109,,,,,5,643,6,491,7,253,19,494,22,207,4.0
2026-04-18 01:04:08 PM,KXATPCHALLENGERMATCH-26APR18KANMAS-KAN,3,619,2,2140,1,6109,,,,,5,643,6,491,7,253,19,494,21,11,4.0
2026-04-18 01:04:08 PM,KXATPCHALLENGERMATCH-26APR18KANMAS-KAN,3,619,2,2140,1,6109,,,,,5,643,6,491,7,253,15,13,19,494,4.0
2026-04-18 01:04:10 PM,KXATPCHALLENGERMATCH-26APR18KANMAS-KAN,3,619,2,2140,1,6109,,,,,5,643,6,491,7,253,13,11,15,13,4.0
2026-04-18 01:04:10 PM,KXATPCHALLENGERMATCH-26APR18KANMAS-KAN,3,619,2,2140,1,6109,,,,,5,643,6,491,7,273,13,11,15,13,4.0
2026-04-18 01:04:10 PM,KXATPCHALLENGERMATCH-26APR18KANMAS-KAN,3,619,2,2140,1,6109,,,,,5,643,6,491,7,273,9,17,13,11,4.0
2026-04-18 01:04:10 PM,KXATPCHALLENGERMATCH-26APR18KANMAS-KAN,3,619,2,2140,1,6109,,,,,5,643,6,491,7,273,9,17,13,14,4.0
2026-04-18 01:06:38 PM,KXATPCHALLENGERMATCH-26APR18KANMAS-KAN,3,619,2,2140,1,6109,,,,,5,625,6,491,7,273,9,17,13,14,4.0
2026-04-18 01:06:38 PM,KXATPCHALLENGERMATCH-26APR18KANMAS-KAN,3,619,2,2140,1,6109,,,,,5,625,6,491,7,254,9,17,13,14,4.0
2026-04-18 01:07:08 PM,KXATPCHALLENGERMATCH-26APR18KANMAS-KAN,3,619,2,2140,1,6109,,,,,5,625,6,491,7,254,9,17,13,49,4.0
2026-04-18 01:07:19 PM,KXATPCHALLENGERMATCH-26APR18KANMAS-KAN,3,619,2,2140,1,6114,,,,,5,625,6,491,7,254,9,17,13,49,4.0
2026-04-18 01:07:49 PM,KXATPCHALLENGERMATCH-26APR18KANMAS-KAN,3,619,2,2140,1,6109,,,,,5,625,6,491,7,254,9,17,13,49,4.0
2026-04-18 01:10:07 PM,KXATPCHALLENGERMATCH-26APR18KANMAS-KAN,3,619,2,2140,1,6109,,,,,5,625,6,491,7,254,9,17,13,14,4.0
2026-04-18 01:11:13 PM,KXATPCHALLENGERMATCH-26APR18KANMAS-KAN,3,619,2,2140,1,6109,,,,,5,725,6,491,7,254,9,17,13,14,4.0
2026-04-18 01:18:34 PM,KXATPCHALLENGERMATCH-26APR18KANMAS-KAN,3,619,2,2140,1,6114,,,,,5,725,6,491,7,254,9,17,13,14,4.0
2026-04-18 01:19:03 PM,KXATPCHALLENGERMATCH-26APR18KANMAS-KAN,3,619,2,2140,1,6109,,,,,5,725,6,491,7,254,9,17,13,14,4.0
2026-04-18 01:22:37 PM,KXATPCHALLENGERMATCH-26APR18KANMAS-KAN,3,619,2,2155,1,6109,,,,,5,725,6,491,7,254,9,17,13,14,4.0
2026-04-18 01:29:57 PM,KXATPCHALLENGERMATCH-26APR18KANMAS-KAN,3,619,2,2155,1,6114,,,,,5,725,6,491,7,254,9,17,13,14,4.0
2026-04-18 01:30:26 PM,KXATPCHALLENGERMATCH-26APR18KANMAS-KAN,3,619,2,2155,1,6109,,,,,5,725,6,491,7,254,9,17,13,14,4.0
2026-04-18 01:41:17 PM,KXATPCHALLENGERMATCH-26APR18KANMAS-KAN,3,619,2,2155,1,6114,,,,,5,725,6,491,7,254,9,17,13,14,4.0
2026-04-18 01:41:47 PM,KXATPCHALLENGERMATCH-26APR18KANMAS-KAN,3,619,2,2155,1,6109,,,,,5,725,6,491,7,254,9,17,13,14,4.0
2026-04-18 01:53:10 PM,KXATPCHALLENGERMATCH-26APR18KANMAS-KAN,3,619,2,2155,1,6114,,,,,5,725,6,491,7,254,9,17,13,14,4.0
2026-04-18 01:53:40 PM,KXATPCHALLENGERMATCH-26APR18KANMAS-KAN,3,619,2,2155,1,6109,,,,,5,725,6,491,7,254,9,17,13,14,4.0
2026-04-18 02:00:42 PM,KXATPCHALLENGERMATCH-26APR18KANMAS-KAN,3,619,2,2155,1,6109,,,,,5,669,6,491,7,254,9,17,13,14,4.0
2026-04-18 02:00:42 PM,KXATPCHALLENGERMATCH-26APR18KANMAS-KAN,3,619,2,2155,1,6109,,,,,5,669,6,491,7,196,9,17,13,14,4.0
2026-04-18 02:00:42 PM,KXATPCHALLENGERMATCH-26APR18KANMAS-KAN,3,619,2,2155,1,6109,,,,,5,744,6,491,7,196,9,17,13,14,4.0
2026-04-18 02:00:55 PM,KXATPCHALLENGERMATCH-26APR18KANMAS-KAN,3,619,2,2155,1,6109,,,,,5,741,6,491,7,196,9,17,13,14,4.0
2026-04-18 02:05:03 PM,KXATPCHALLENGERMATCH-26APR18KANMAS-KAN,3,619,2,2155,1,6114,,,,,5,741,6,491,7,196,9,17,13,14,4.0
2026-04-18 02:05:32 PM,KXATPCHALLENGERMATCH-26APR18KANMAS-KAN,3,619,2,2155,1,6109,,,,,5,741,6,491,7,196,9,17,13,14,4.0
2026-04-18 02:13:26 PM,KXATPCHALLENGERMATCH-26APR18KANMAS-KAN,3,619,2,2155,1,8609,,,,,5,741,6,491,7,196,9,17,13,14,4.0
2026-04-18 02:16:29 PM,KXATPCHALLENGERMATCH-26APR18KANMAS-KAN,3,619,2,2155,1,8614,,,,,5,741,6,491,7,196,9,17,13,14,4.0
2026-04-18 02:16:59 PM,KXATPCHALLENGERMATCH-26APR18KANMAS-KAN,3,619,2,2155,1,8609,,,,,5,741,6,491,7,196,9,17,13,14,4.0
2026-04-18 02:18:57 PM,KXATPCHALLENGERMATCH-26APR18KANMAS-KAN,3,619,2,2155,1,8035,,,,,5,741,6,491,7,196,9,17,13,14,4.0
2026-04-18 02:27:14 PM,KXATPCHALLENGERMATCH-26APR18KANMAS-KAN,3,619,2,2155,1,8040,,,,,5,741,6,491,7,196,9,17,13,14,4.0
2026-04-18 02:27:44 PM,KXATPCHALLENGERMATCH-26APR18KANMAS-KAN,3,619,2,2155,1,8035,,,,,5,741,6,491,7,196,9,17,13,14,4.0
2026-04-18 02:39:28 PM,KXATPCHALLENGERMATCH-26APR18KANMAS-KAN,3,619,2,2155,1,8040,,,,,5,741,6,491,7,196,9,17,13,14,4.0
2026-04-18 02:39:57 PM,KXATPCHALLENGERMATCH-26APR18KANMAS-KAN,3,619,2,2155,1,8035,,,,,5,741,6,491,7,196,9,17,13,14,4.0
2026-04-18 02:49:41 PM,KXATPCHALLENGERMATCH-26APR18KANMAS-KAN,3,619,2,2155,1,8040,,,,,5,741,6,491,7,196,9,17,13,14,4.0
2026-04-18 02:50:11 PM,KXATPCHALLENGERMATCH-26APR18KANMAS-KAN,3,619,2,2155,1,8035,,,,,5,741,6,491,7,196,9,17,13,14,4.0
2026-04-18 02:55:15 PM,KXATPCHALLENGERMATCH-26APR18KANMAS-KAN,3,619,2,2155,1,8035,,,,,5,697,6,491,7,196,9,17,13,14,4.0
2026-04-18 02:55:15 PM,KXATPCHALLENGERMATCH-26APR18KANMAS-KAN,3,619,2,2155,1,8035,,,,,5,688,6,491,7,196,9,17,13,14,4.0
2026-04-18 02:55:15 PM,KXATPCHALLENGERMATCH-26APR18KANMAS-KAN,3,619,2,2155,1,8035,,,,,5,671,6,491,7,196,9,17,13,14,4.0
2026-04-18 02:55:16 PM,KXATPCHALLENGERMATCH-26APR18KANMAS-KAN,3,619,2,2155,1,8035,,,,,5,677,6,491,7,196,9,17,13,14,4.0
2026-04-18 02:55:16 PM,KXATPCHALLENGERMATCH-26APR18KANMAS-KAN,3,619,2,2155,1,8035,,,,,5,677,6,491,7,147,9,17,13,14,4.0
2026-04-18 02:55:16 PM,KXATPCHALLENGERMATCH-26APR18KANMAS-KAN,3,619,2,2179,1,8035,,,,,5,677,6,491,7,147,9,17,13,14,4.0
2026-04-18 02:55:16 PM,KXATPCHALLENGERMATCH-26APR18KANMAS-KAN,3,619,2,2179,1,8035,,,,,5,725,6,491,7,147,9,17,13,14,4.0
2026-04-18 02:59:49 PM,KXATPCHALLENGERMATCH-26APR18KANMAS-KAN,3,619,2,2179,1,8035,,,,,5,597,6,491,7,147,9,17,13,14,4.0
2026-04-18 03:01:48 PM,KXATPCHALLENGERMATCH-26APR18KANMAS-KAN,3,619,2,2179,1,8040,,,,,5,597,6,491,7,147,9,17,13,14,4.0
2026-04-18 03:02:18 PM,KXATPCHALLENGERMATCH-26APR18KANMAS-KAN,3,619,2,2179,1,8035,,,,,5,597,6,491,7,147,9,17,13,14,4.0
2026-04-18 03:04:12 PM,KXATPCHALLENGERMATCH-26APR18KANMAS-KAN,3,619,2,2179,1,8035,,,,,5,593,6,486,7,147,9,17,13,14,4.0
2026-04-18 03:10:13 PM,KXATPCHALLENGERMATCH-26APR18KANMAS-KAN,3,619,2,2179,1,8045,,,,,5,593,6,486,7,147,9,17,13,14,4.0
2026-04-18 03:10:13 PM,KXATPCHALLENGERMATCH-26APR18KANMAS-KAN,3,619,2,2179,1,8055,,,,,5,593,6,486,7,147,9,17,13,14,4.0
2026-04-18 03:10:13 PM,KXATPCHALLENGERMATCH-26APR18KANMAS-KAN,3,619,2,2179,1,8055,,,,,5,603,6,486,7,147,9,17,13,14,4.0
2026-04-18 03:10:14 PM,KXATPCHALLENGERMATCH-26APR18KANMAS-KAN,3,619,2,2179,1,8055,,,,,5,613,6,486,7,147,9,17,13,14,4.0
2026-04-18 03:10:14 PM,KXATPCHALLENGERMATCH-26APR18KANMAS-KAN,3,619,2,2179,1,8055,,,,,5,623,6,486,7,147,9,17,13,14,4.0
2026-04-18 03:10:14 PM,KXATPCHALLENGERMATCH-26APR18KANMAS-KAN,3,619,2,2179,1,8055,,,,,5,633,6,486,7,147,9,17,13,14,4.0
2026-04-18 03:10:14 PM,KXATPCHALLENGERMATCH-26APR18KANMAS-KAN,3,619,2,2179,1,8055,,,,,5,643,6,486,7,147,9,17,13,14,4.0
2026-04-18 03:10:14 PM,KXATPCHALLENGERMATCH-26APR18KANMAS-KAN,3,619,2,2179,1,8055,,,,,5,653,6,486,7,147,9,17,13,14,4.0
2026-04-18 03:10:15 PM,KXATPCHALLENGERMATCH-26APR18KANMAS-KAN,3,619,2,2179,1,8055,,,,,5,663,6,486,7,147,9,17,13,14,4.0
2026-04-18 03:10:15 PM,KXATPCHALLENGERMATCH-26APR18KANMAS-KAN,3,619,2,2179,1,8055,,,,,5,673,6,486,7,147,9,17,13,14,4.0
2026-04-18 03:10:15 PM,KXATPCHALLENGERMATCH-26APR18KANMAS-KAN,3,619,2,2179,1,8055,,,,,5,683,6,486,7,147,9,17,13,14,4.0
2026-04-18 03:10:15 PM,KXATPCHALLENGERMATCH-26APR18KANMAS-KAN,3,619,2,2179,1,8055,,,,,5,693,6,486,7,147,9,17,13,14,4.0
2026-04-18 03:10:15 PM,KXATPCHALLENGERMATCH-26APR18KANMAS-KAN,3,619,2,2179,1,8055,,,,,5,703,6,486,7,147,9,17,13,14,4.0
2026-04-18 03:10:16 PM,KXATPCHALLENGERMATCH-26APR18KANMAS-KAN,3,619,2,2179,1,8055,,,,,5,713,6,486,7,147,9,17,13,14,4.0
2026-04-18 03:10:16 PM,KXATPCHALLENGERMATCH-26APR18KANMAS-KAN,3,619,2,2179,1,8055,,,,,5,723,6,486,7,147,9,17,13,14,4.0
2026-04-18 03:12:03 PM,KXATPCHALLENGERMATCH-26APR18KANMAS-KAN,3,619,2,2179,1,8055,,,,,5,716,6,486,7,147,9,17,13,14,4.0
2026-04-18 03:12:06 PM,KXATPCHALLENGERMATCH-26APR18KANMAS-KAN,3,619,2,2179,1,8055,,,,,5,723,6,486,7,147,9,17,13,14,4.0
2026-04-18 03:12:27 PM,KXATPCHALLENGERMATCH-26APR18KANMAS-KAN,3,619,2,2179,1,8060,,,,,5,723,6,486,7,147,9,17,13,14,4.0
2026-04-18 03:12:56 PM,KXATPCHALLENGERMATCH-26APR18KANMAS-KAN,3,619,2,2179,1,8055,,,,,5,723,6,486,7,147,9,17,13,14,4.0
2026-04-18 03:15:13 PM,KXATPCHALLENGERMATCH-26APR18KANMAS-KAN,3,619,2,2179,1,8055,,,,,5,699,6,486,7,147,9,17,13,14,4.0
2026-04-18 03:15:13 PM,KXATPCHALLENGERMATCH-26APR18KANMAS-KAN,3,619,2,2179,1,8055,,,,,5,659,6,486,7,147,9,17,13,14,4.0
2026-04-18 03:15:13 PM,KXATPCHALLENGERMATCH-26APR18KANMAS-KAN,3,619,2,2179,1,8055,,,,,5,624,6,486,7,147,9,17,13,14,4.0
2026-04-18 03:15:13 PM,KXATPCHALLENGERMATCH-26APR18KANMAS-KAN,3,619,2,2179,1,8055,,,,,5,624,6,463,7,147,9,17,13,14,4.0
2026-04-18 03:15:13 PM,KXATPCHALLENGERMATCH-26APR18KANMAS-KAN,3,619,2,2179,1,8055,,,,,5,624,6,463,7,134,9,17,13,14,4.0
2026-04-18 03:15:13 PM,KXATPCHALLENGERMATCH-26APR18KANMAS-KAN,3,619,2,2179,1,8055,,,,,5,659,6,463,7,134,9,17,13,14,4.0
2026-04-18 03:17:10 PM,KXATPCHALLENGERMATCH-26APR18KANMAS-KAN,3,619,2,2179,1,8055,,,,,5,603,6,463,7,134,9,17,13,14,4.0
2026-04-18 03:17:10 PM,KXATPCHALLENGERMATCH-26APR18KANMAS-KAN,3,619,2,2179,1,8055,,,,,5,603,6,406,7,134,9,17,13,14,4.0
2026-04-18 03:17:10 PM,KXATPCHALLENGERMATCH-26APR18KANMAS-KAN,3,619,2,2179,1,8055,,,,,5,659,6,406,7,134,9,17,13,14,4.0
2026-04-18 03:18:07 PM,KXATPCHALLENGERMATCH-26APR18KANMAS-KAN,4,323,3,619,2,2179,1,8055,,,5,659,6,406,7,134,9,17,13,14,4.5
2026-04-18 03:18:07 PM,KXATPCHALLENGERMATCH-26APR18KANMAS-KAN,4,323,3,619,2,2157,1,8055,,,5,659,6,406,7,134,9,17,13,14,4.5
2026-04-18 03:18:07 PM,KXATPCHALLENGERMATCH-26APR18KANMAS-KAN,4,330,3,619,2,2157,1,8055,,,5,659,6,406,7,134,9,17,13,14,4.5
2026-04-18 03:18:07 PM,KXATPCHALLENGERMATCH-26APR18KANMAS-KAN,4,330,3,629,2,2157,1,8055,,,5,659,6,406,7,134,9,17,13,14,4.5
2026-04-18 03:18:07 PM,KXATPCHALLENGERMATCH-26APR18KANMAS-KAN,4,330,3,1642,2,2157,1,8055,,,5,659,6,406,7,134,9,17,13,14,4.5
2026-04-18 03:18:07 PM,KXATPCHALLENGERMATCH-26APR18KANMAS-KAN,4,330,3,1642,2,2129,1,8055,,,5,659,6,406,7,134,9,17,13,14,4.5
2026-04-18 03:18:07 PM,KXATPCHALLENGERMATCH-26APR18KANMAS-KAN,4,330,3,1642,2,2102,1,8055,,,5,659,6,406,7,134,9,17,13,14,4.5
2026-04-18 03:18:07 PM,KXATPCHALLENGERMATCH-26APR18KANMAS-KAN,4,330,3,1642,2,2080,1,8055,,,5,659,6,406,7,134,9,17,13,14,4.5
2026-04-18 03:18:07 PM,KXATPCHALLENGERMATCH-26APR18KANMAS-KAN,4,330,3,1742,2,2080,1,8055,,,5,659,6,406,7,134,9,17,13,14,4.5
2026-04-18 03:18:07 PM,KXATPCHALLENGERMATCH-26APR18KANMAS-KAN,4,330,3,1742,2,2080,1,8055,,,5,659,6,406,7,134,9,17,13,49,4.5
2026-04-18 03:18:07 PM,KXATPCHALLENGERMATCH-26APR18KANMAS-KAN,4,330,3,1742,2,1067,1,8055,,,5,659,6,406,7,134,9,17,13,49,4.5
2026-04-18 03:18:07 PM,KXATPCHALLENGERMATCH-26APR18KANMAS-KAN,4,340,3,1742,2,1067,1,8055,,,5,659,6,406,7,134,9,17,13,49,4.5
2026-04-18 03:18:37 PM,KXATPCHALLENGERMATCH-26APR18KANMAS-KAN,4,340,3,1642,2,1067,1,8055,,,5,659,6,406,7,134,9,17,13,49,4.5
2026-04-18 03:18:37 PM,KXATPCHALLENGERMATCH-26APR18KANMAS-KAN,4,340,3,1642,2,1163,1,8055,,,5,659,6,406,7,134,9,17,13,49,4.5
2026-04-18 03:18:37 PM,KXATPCHALLENGERMATCH-26APR18KANMAS-KAN,4,340,3,1642,2,2176,1,8055,,,5,659,6,406,7,134,9,17,13,49,4.5
2026-04-18 03:18:37 PM,KXATPCHALLENGERMATCH-26APR18KANMAS-KAN,4,340,3,629,2,2176,1,8055,,,5,659,6,406,7,134,9,17,13,49,4.5
2026-04-18 03:20:27 PM,KXATPCHALLENGERMATCH-26APR18KANMAS-KAN,4,340,3,629,2,2176,1,8055,,,5,659,6,406,7,134,9,17,13,14,4.5
2026-04-18 03:22:42 PM,KXATPCHALLENGERMATCH-26APR18KANMAS-KAN,4,340,3,629,2,2176,1,8055,,,5,791,6,406,7,134,9,17,13,14,4.5
2026-04-18 03:23:54 PM,KXATPCHALLENGERMATCH-26APR18KANMAS-KAN,4,340,3,629,2,2176,1,8055,,,5,790,6,406,7,134,9,17,13,14,4.5
2026-04-18 03:23:54 PM,KXATPCHALLENGERMATCH-26APR18KANMAS-KAN,4,340,3,629,2,2176,1,8055,,,5,732,6,406,7,134,9,17,13,14,4.5
2026-04-18 03:23:54 PM,KXATPCHALLENGERMATCH-26APR18KANMAS-KAN,4,340,3,629,2,2176,1,8055,,,5,706,6,406,7,134,9,17,13,14,4.5
2026-04-18 03:23:54 PM,KXATPCHALLENGERMATCH-26APR18KANMAS-KAN,4,340,3,629,2,2176,1,8055,,,5,698,6,406,7,134,9,17,13,14,4.5
2026-04-18 03:23:54 PM,KXATPCHALLENGERMATCH-26APR18KANMAS-KAN,4,340,3,629,2,2176,1,8055,,,5,698,6,311,7,134,9,17,13,14,4.5
2026-04-18 03:23:54 PM,KXATPCHALLENGERMATCH-26APR18KANMAS-KAN,4,340,3,629,2,2176,1,8055,,,5,791,6,311,7,134,9,17,13,14,4.5
2026-04-18 03:24:41 PM,KXATPCHALLENGERMATCH-26APR18KANMAS-KAN,4,340,3,629,2,2176,1,8060,,,5,791,6,311,7,134,9,17,13,14,4.5
2026-04-18 03:25:11 PM,KXATPCHALLENGERMATCH-26APR18KANMAS-KAN,4,340,3,629,2,2176,1,8055,,,5,791,6,311,7,134,9,17,13,14,4.5
2026-04-18 03:25:41 PM,KXATPCHALLENGERMATCH-26APR18KANMAS-KAN,4,340,3,629,2,2176,1,8055,,,5,659,6,311,7,134,9,17,13,14,4.5
2026-04-18 03:30:12 PM,KXATPCHALLENGERMATCH-26APR18KANMAS-KAN,4,340,3,629,2,2176,1,8055,,,5,796,6,311,7,134,9,17,13,14,4.5
2026-04-18 03:33:12 PM,KXATPCHALLENGERMATCH-26APR18KANMAS-KAN,4,340,3,629,2,2176,1,8055,,,5,659,6,311,7,134,9,17,13,14,4.5
2026-04-18 03:36:08 PM,KXATPCHALLENGERMATCH-26APR18KANMAS-KAN,4,340,3,629,2,2176,1,8060,,,5,659,6,311,7,134,9,17,13,14,4.5
2026-04-18 03:36:37 PM,KXATPCHALLENGERMATCH-26APR18KANMAS-KAN,4,340,3,629,2,2176,1,8055,,,5,659,6,311,7,134,9,17,13,14,4.5
2026-04-18 03:37:28 PM,KXATPCHALLENGERMATCH-26APR18KANMAS-KAN,4,340,3,629,2,2176,1,8055,,,5,657,6,311,7,134,9,17,13,14,4.5,11200,1133,0.908
2026-04-18 03:45:11 PM,KXATPCHALLENGERMATCH-26APR18KANMAS-KAN,4,340,3,629,2,2176,1,8055,,,5,794,6,311,7,134,9,17,13,14,4.5,11200,1270,0.898
2026-04-18 03:46:50 PM,KXATPCHALLENGERMATCH-26APR18KANMAS-KAN,4,340,3,629,2,2176,1,8060,,,5,794,6,311,7,134,9,17,13,14,4.5,11205,1270,0.898
2026-04-18 03:47:20 PM,KXATPCHALLENGERMATCH-26APR18KANMAS-KAN,4,340,3,629,2,2176,1,8055,,,5,794,6,311,7,134,9,17,13,14,4.5,11200,1270,0.898
2026-04-18 03:48:11 PM,KXATPCHALLENGERMATCH-26APR18KANMAS-KAN,4,340,3,629,2,2176,1,8055,,,5,657,6,311,7,134,9,17,13,14,4.5,11200,1133,0.908
2026-04-18 03:48:53 PM,KXATPCHALLENGERMATCH-26APR18KANMAS-KAN,4,17,3,629,2,2176,1,8055,,,5,657,6,311,7,134,9,17,13,14,4.5,10877,1133,0.906
2026-04-18 03:48:53 PM,KXATPCHALLENGERMATCH-26APR18KANMAS-KAN,4,10,3,629,2,2176,1,8055,,,5,657,6,311,7,134,9,17,13,14,4.5,10870,1133,0.906
2026-04-18 03:48:53 PM,KXATPCHALLENGERMATCH-26APR18KANMAS-KAN,3,629,2,2176,1,8055,,,,,5,657,6,311,7,134,9,17,13,14,4.0,10860,1133,0.906
2026-04-18 03:48:53 PM,KXATPCHALLENGERMATCH-26APR18KANMAS-KAN,3,647,2,2176,1,8055,,,,,5,657,6,311,7,134,9,17,13,14,4.0,10878,1133,0.906
2026-04-18 03:48:53 PM,KXATPCHALLENGERMATCH-26APR18KANMAS-KAN,3,647,2,2199,1,8055,,,,,5,657,6,311,7,134,9,17,13,14,4.0,10901,1133,0.906
2026-04-18 03:48:53 PM,KXATPCHALLENGERMATCH-26APR18KANMAS-KAN,3,647,2,2199,1,8055,,,,,5,817,6,311,7,134,9,17,13,14,4.0,10901,1293,0.894
2026-04-18 03:48:54 PM,KXATPCHALLENGERMATCH-26APR18KANMAS-KAN,3,641,2,2199,1,8055,,,,,5,817,6,311,7,134,9,17,13,14,4.0,10895,1293,0.894
2026-04-18 03:48:54 PM,KXATPCHALLENGERMATCH-26APR18KANMAS-KAN,3,631,2,2199,1,8055,,,,,5,817,6,311,7,134,9,17,13,14,4.0,10885,1293,0.894
2026-04-18 03:48:54 PM,KXATPCHALLENGERMATCH-26APR18KANMAS-KAN,3,613,2,2199,1,8055,,,,,5,817,6,311,7,134,9,17,13,14,4.0,10867,1293,0.894
2026-04-18 03:48:54 PM,KXATPCHALLENGERMATCH-26APR18KANMAS-KAN,3,613,2,2199,1,8055,,,,,5,824,6,311,7,134,9,17,13,14,4.0,10867,1300,0.893
2026-04-18 03:48:54 PM,KXATPCHALLENGERMATCH-26APR18KANMAS-KAN,3,617,2,2199,1,8055,,,,,5,824,6,311,7,134,9,17,13,14,4.0,10871,1300,0.893
2026-04-18 03:49:09 PM,KXATPCHALLENGERMATCH-26APR18KANMAS-KAN,3,617,2,2199,1,8055,,,,,5,1140,6,311,7,134,9,17,13,14,4.0,10871,1616,0.871
2026-04-18 03:50:13 PM,KXATPCHALLENGERMATCH-26APR18KANMAS-KAN,3,617,2,2199,1,8055,,,,,5,1140,6,311,7,134,9,17,13,49,4.0,10871,1651,0.868
2026-04-18 03:54:16 PM,KXATPCHALLENGERMATCH-26APR18KANMAS-KAN,3,617,2,2199,1,8055,,,,,5,1140,6,311,7,134,9,17,13,14,4.0,10871,1616,0.871
2026-04-18 03:56:55 PM,KXATPCHALLENGERMATCH-26APR18KANMAS-KAN,3,617,2,2199,1,8055,,,,,5,1140,6,311,7,134,9,17,13,14,4.0,10871,1616,0.871
2026-04-18 03:57:40 PM,KXATPCHALLENGERMATCH-26APR18KANMAS-KAN,3,617,2,2199,1,8055,,,,,5,1140,6,311,7,134,9,17,13,14,4.0,10871,1616,0.871
2026-04-18 03:59:03 PM,KXATPCHALLENGERMATCH-26APR18KANMAS-KAN,3,617,2,2199,1,8060,,,,,5,1140,6,311,7,134,9,17,13,14,4.0,10876,1616,0.871
2026-04-18 03:59:33 PM,KXATPCHALLENGERMATCH-26APR18KANMAS-KAN,3,617,2,2199,1,8055,,,,,5,1140,6,311,7,134,9,17,13,14,4.0,10871,1616,0.871
2026-04-18 04:00:12 PM,KXATPCHALLENGERMATCH-26APR18KANMAS-KAN,3,617,2,2199,1,8055,,,,,4,153,5,1140,6,311,7,134,9,17,3.5,10871,1755,0.861
2026-04-18 04:00:12 PM,KXATPCHALLENGERMATCH-26APR18KANMAS-KAN,3,617,2,2199,1,8055,,,,,4,166,5,1140,6,311,7,134,9,17,3.5,10871,1768,0.860
2026-04-18 04:00:12 PM,KXATPCHALLENGERMATCH-26APR18KANMAS-KAN,3,617,2,2199,1,8055,,,,,4,166,5,1153,6,311,7,134,9,17,3.5,10871,1781,0.859
2026-04-18 04:00:12 PM,KXATPCHALLENGERMATCH-26APR18KANMAS-KAN,3,617,2,2199,1,8055,,,,,4,166,5,1153,6,294,7,134,9,17,3.5,10871,1764,0.860
2026-04-18 04:00:12 PM,KXATPCHALLENGERMATCH-26APR18KANMAS-KAN,3,617,2,2199,1,8055,,,,,4,166,5,1153,6,288,7,134,9,17,3.5,10871,1758,0.861
2026-04-18 04:00:12 PM,KXATPCHALLENGERMATCH-26APR18KANMAS-KAN,3,617,2,2199,1,8055,,,,,4,166,5,1153,6,284,7,134,9,17,3.5,10871,1754,0.861
2026-04-18 04:03:12 PM,KXATPCHALLENGERMATCH-26APR18KANMAS-KAN,3,617,2,2199,1,8055,,,,,4,13,5,1153,6,284,7,134,9,17,3.5,10871,1601,0.872
2026-04-18 04:03:12 PM,KXATPCHALLENGERMATCH-26APR18KANMAS-KAN,3,617,2,2199,1,8055,,,,,5,1153,6,284,7,134,9,17,13,14,4.0,10871,1602,0.872
2026-04-18 04:03:12 PM,KXATPCHALLENGERMATCH-26APR18KANMAS-KAN,3,617,2,2199,1,8055,,,,,5,1163,6,284,7,134,9,17,13,14,4.0,10871,1612,0.871
2026-04-18 04:03:12 PM,KXATPCHALLENGERMATCH-26APR18KANMAS-KAN,3,617,2,2199,1,8055,,,,,4,13,5,1163,6,284,7,134,9,17,3.5,10871,1611,0.871
2026-04-18 04:03:12 PM,KXATPCHALLENGERMATCH-26APR18KANMAS-KAN,3,617,2,2199,1,8055,,,,,5,1163,6,284,7,134,9,17,13,14,4.0,10871,1612,0.871
2026-04-18 04:03:12 PM,KXATPCHALLENGERMATCH-26APR18KANMAS-KAN,3,617,2,2199,1,8055,,,,,5,1157,6,284,7,134,9,17,13,14,4.0,10871,1606,0.871
2026-04-18 04:03:12 PM,KXATPCHALLENGERMATCH-26APR18KANMAS-KAN,3,617,2,2199,1,8055,,,,,5,1150,6,284,7,134,9,17,13,14,4.0,10871,1599,0.872
2026-04-18 04:03:12 PM,KXATPCHALLENGERMATCH-26APR18KANMAS-KAN,3,617,2,2199,1,8055,,,,,5,1137,6,284,7,134,9,17,13,14,4.0,10871,1586,0.873
2026-04-18 04:03:13 PM,KXATPCHALLENGERMATCH-26APR18KANMAS-KAN,3,617,2,2199,1,8055,,,,,5,1166,6,284,7,134,9,17,13,14,4.0,10871,1615,0.871
2026-04-18 04:03:13 PM,KXATPCHALLENGERMATCH-26APR18KANMAS-KAN,3,617,2,2199,1,8055,,,,,5,1156,6,284,7,134,9,17,13,14,4.0,10871,1605,0.871
2026-04-18 04:03:13 PM,KXATPCHALLENGERMATCH-26APR18KANMAS-KAN,3,617,2,2199,1,8055,,,,,5,1127,6,284,7,134,9,17,13,14,4.0,10871,1576,0.873
2026-04-18 04:03:13 PM,KXATPCHALLENGERMATCH-26APR18KANMAS-KAN,3,617,2,2199,1,8055,,,,,5,1127,6,309,7,134,9,17,13,14,4.0,10871,1601,0.872
2026-04-18 04:03:14 PM,KXATPCHALLENGERMATCH-26APR18KANMAS-KAN,3,617,2,2199,1,8055,,,,,5,1137,6,309,7,134,9,17,13,14,4.0,10871,1611,0.871
2026-04-18 04:07:19 PM,KXATPCHALLENGERMATCH-26APR18KANMAS-KAN,3,617,2,2199,1,8055,,,,,5,1137,6,309,7,134,9,17,13,14,4.0,10871,1611,0.871
2026-04-18 04:09:58 PM,KXATPCHALLENGERMATCH-26APR18KANMAS-KAN,3,613,2,2199,1,8055,,,,,5,1137,6,309,7,134,9,17,13,14,4.0,10867,1611,0.871
2026-04-18 04:09:58 PM,KXATPCHALLENGERMATCH-26APR18KANMAS-KAN,3,613,2,2176,1,8055,,,,,5,1137,6,309,7,134,9,17,13,14,4.0,10844,1611,0.871
2026-04-18 04:09:58 PM,KXATPCHALLENGERMATCH-26APR18KANMAS-KAN,3,606,2,2176,1,8055,,,,,5,1137,6,309,7,134,9,17,13,14,4.0,10837,1611,0.871
2026-04-18 04:09:58 PM,KXATPCHALLENGERMATCH-26APR18KANMAS-KAN,3,606,2,2176,1,8055,,,,,5,1127,6,309,7,134,9,17,13,14,4.0,10837,1601,0.871
2026-04-18 04:09:58 PM,KXATPCHALLENGERMATCH-26APR18KANMAS-KAN,3,606,2,2176,1,8055,,,,,5,1127,6,284,7,134,9,17,13,14,4.0,10837,1576,0.873
2026-04-18 04:09:58 PM,KXATPCHALLENGERMATCH-26APR18KANMAS-KAN,3,617,2,2176,1,8055,,,,,5,1127,6,284,7,134,9,17,13,14,4.0,10848,1576,0.873
2026-04-18 04:09:58 PM,KXATPCHALLENGERMATCH-26APR18KANMAS-KAN,3,617,2,2200,1,8055,,,,,5,1127,6,284,7,134,9,17,13,14,4.0,10872,1576,0.873
2026-04-18 04:09:58 PM,KXATPCHALLENGERMATCH-26APR18KANMAS-KAN,3,628,2,2200,1,8055,,,,,5,1127,6,284,7,134,9,17,13,14,4.0,10883,1576,0.874
2026-04-18 04:09:59 PM,KXATPCHALLENGERMATCH-26APR18KANMAS-KAN,3,617,2,2200,1,8055,,,,,5,1127,6,284,7,134,9,17,13,14,4.0,10872,1576,0.873
2026-04-18 04:09:59 PM,KXATPCHALLENGERMATCH-26APR18KANMAS-KAN,3,617,2,2200,1,8055,,,,,5,1130,6,284,7,134,9,17,13,14,4.0,10872,1579,0.873
2026-04-18 04:09:59 PM,KXATPCHALLENGERMATCH-26APR18KANMAS-KAN,3,617,2,2200,1,8055,,,,,5,1130,6,309,7,134,9,17,13,14,4.0,10872,1604,0.871
2026-04-18 04:10:22 PM,KXATPCHALLENGERMATCH-26APR18KANMAS-KAN,3,617,2,2200,1,8060,,,,,5,1130,6,309,7,134,9,17,13,14,4.0,10877,1604,0.871
2026-04-18 04:10:51 PM,KXATPCHALLENGERMATCH-26APR18KANMAS-KAN,3,617,2,2200,1,8055,,,,,5,1130,6,309,7,134,9,17,13,14,4.0,10872,1604,0.871
2026-04-18 04:10:51 PM,KXATPCHALLENGERMATCH-26APR18KANMAS-KAN,3,617,2,2200,1,8055,,,,,5,1140,6,309,7,134,9,17,13,14,4.0,10872,1614,0.871
2026-04-18 04:14:28 PM,KXATPCHALLENGERMATCH-26APR18KANMAS-KAN,3,617,2,2176,1,8055,,,,,5,1140,6,309,7,134,9,17,13,14,4.0,10848,1614,0.870
2026-04-18 04:14:28 PM,KXATPCHALLENGERMATCH-26APR18KANMAS-KAN,3,606,2,2176,1,8055,,,,,5,1140,6,309,7,134,9,17,13,14,4.0,10837,1614,0.870
2026-04-18 04:14:28 PM,KXATPCHALLENGERMATCH-26APR18KANMAS-KAN,3,606,2,2176,1,8055,,,,,5,1137,6,309,7,134,9,17,13,14,4.0,10837,1611,0.871
2026-04-18 04:14:28 PM,KXATPCHALLENGERMATCH-26APR18KANMAS-KAN,3,606,2,2176,1,8055,,,,,5,1137,6,284,7,134,9,17,13,14,4.0,10837,1586,0.872
2026-04-18 04:14:28 PM,KXATPCHALLENGERMATCH-26APR18KANMAS-KAN,3,606,2,2176,1,8055,,,,,5,1127,6,284,7,134,9,17,13,14,4.0,10837,1576,0.873
2026-04-18 04:15:14 PM,KXATPCHALLENGERMATCH-26APR18KANMAS-KAN,3,606,2,2176,1,8055,,,,,4,153,5,1127,6,284,7,134,9,17,3.5,10837,1715,0.863
2026-04-18 04:15:15 PM,KXATPCHALLENGERMATCH-26APR18KANMAS-KAN,3,617,2,2176,1,8055,,,,,4,153,5,1127,6,284,7,134,9,17,3.5,10848,1715,0.863
2026-04-18 04:15:15 PM,KXATPCHALLENGERMATCH-26APR18KANMAS-KAN,3,617,2,2200,1,8055,,,,,4,153,5,1127,6,284,7,134,9,17,3.5,10872,1715,0.864
2026-04-18 04:15:15 PM,KXATPCHALLENGERMATCH-26APR18KANMAS-KAN,3,617,2,2200,1,8055,,,,,4,153,5,1130,6,284,7,134,9,17,3.5,10872,1718,0.864
2026-04-18 04:15:15 PM,KXATPCHALLENGERMATCH-26APR18KANMAS-KAN,3,617,2,2200,1,8055,,,,,4,153,5,1130,6,309,7,134,9,17,3.5,10872,1743,0.862
2026-04-18 04:15:15 PM,KXATPCHALLENGERMATCH-26APR18KANMAS-KAN,3,617,2,2200,1,8055,,,,,4,166,5,1130,6,309,7,134,9,17,3.5,10872,1756,0.861
2026-04-18 04:15:15 PM,KXATPCHALLENGERMATCH-26APR18KANMAS-KAN,3,617,2,2200,1,8055,,,,,4,166,5,1153,6,309,7,134,9,17,3.5,10872,1779,0.859
2026-04-18 04:15:15 PM,KXATPCHALLENGERMATCH-26APR18KANMAS-KAN,3,617,2,2200,1,8055,,,,,4,166,5,1153,6,284,7,134,9,17,3.5,10872,1754,0.861
2026-04-18 04:18:14 PM,KXATPCHALLENGERMATCH-26APR18KANMAS-KAN,3,617,2,2200,1,8055,,,,,4,13,5,1153,6,284,7,134,9,17,3.5,10872,1601,0.872
2026-04-18 04:18:14 PM,KXATPCHALLENGERMATCH-26APR18KANMAS-KAN,3,617,2,2200,1,8055,,,,,5,1153,6,284,7,134,9,17,13,14,4.0,10872,1602,0.872
2026-04-18 04:18:14 PM,KXATPCHALLENGERMATCH-26APR18KANMAS-KAN,3,617,2,2200,1,8055,,,,,5,1166,6,284,7,134,9,17,13,14,4.0,10872,1615,0.871
2026-04-18 04:18:14 PM,KXATPCHALLENGERMATCH-26APR18KANMAS-KAN,3,617,2,2200,1,8055,,,,,5,1166,6,309,7,134,9,17,13,14,4.0,10872,1640,0.869
2026-04-18 04:18:14 PM,KXATPCHALLENGERMATCH-26APR18KANMAS-KAN,3,617,2,2200,1,8055,,,,,5,1163,6,309,7,134,9,17,13,14,4.0,10872,1637,0.869
2026-04-18 04:18:14 PM,KXATPCHALLENGERMATCH-26APR18KANMAS-KAN,3,617,2,2200,1,8055,,,,,5,1140,6,309,7,134,9,17,13,14,4.0,10872,1614,0.871
2026-04-18 04:19:10 PM,KXATPCHALLENGERMATCH-26APR18KANMAS-KAN,3,617,2,2200,1,20555,,,,,5,1140,6,309,7,134,9,17,13,14,4.0,23372,1614,0.935
2026-04-18 04:19:18 PM,KXATPCHALLENGERMATCH-26APR18KANMAS-KAN,3,617,2,7200,1,20555,,,,,5,1140,6,309,7,134,9,17,13,14,4.0,28372,1614,0.946
2026-04-18 04:19:18 PM,KXATPCHALLENGERMATCH-26APR18KANMAS-KAN,3,617,2,7198,1,20555,,,,,5,1140,6,309,7,134,9,17,13,14,4.0,28370,1614,0.946
2026-04-18 04:19:18 PM,KXATPCHALLENGERMATCH-26APR18KANMAS-KAN,3,617,2,7196,1,20555,,,,,5,1140,6,309,7,134,9,17,13,14,4.0,28368,1614,0.946
2026-04-18 04:19:18 PM,KXATPCHALLENGERMATCH-26APR18KANMAS-KAN,3,617,2,7100,1,20555,,,,,5,1140,6,309,7,134,9,17,13,14,4.0,28272,1614,0.946
2026-04-18 04:19:18 PM,KXATPCHALLENGERMATCH-26APR18KANMAS-KAN,3,735,2,7100,1,20555,,,,,5,1140,6,309,7,134,9,17,13,14,4.0,28390,1614,0.946
2026-04-18 04:20:18 PM,KXATPCHALLENGERMATCH-26APR18KANMAS-KAN,3,735,2,7100,1,20555,,,,,5,1107,6,309,7,134,9,17,13,14,4.0,28390,1581,0.947
2026-04-18 04:20:18 PM,KXATPCHALLENGERMATCH-26APR18KANMAS-KAN,3,735,2,7100,1,20555,,,,,5,1086,6,309,7,134,9,17,13,14,4.0,28390,1560,0.948
2026-04-18 04:20:18 PM,KXATPCHALLENGERMATCH-26APR18KANMAS-KAN,3,735,2,7100,1,20555,,,,,5,1033,6,309,7,134,9,17,13,14,4.0,28390,1507,0.950
2026-04-18 04:20:18 PM,KXATPCHALLENGERMATCH-26APR18KANMAS-KAN,3,735,2,7100,1,20555,,,,,5,1027,6,309,7,134,9,17,13,14,4.0,28390,1501,0.950
2026-04-18 04:20:18 PM,KXATPCHALLENGERMATCH-26APR18KANMAS-KAN,3,735,2,7100,1,20555,,,,,5,1027,6,201,7,134,9,17,13,14,4.0,28390,1393,0.953
2026-04-18 04:20:18 PM,KXATPCHALLENGERMATCH-26APR18KANMAS-KAN,3,756,2,7100,1,20555,,,,,5,1027,6,201,7,134,9,17,13,14,4.0,28411,1393,0.953
2026-04-18 04:20:18 PM,KXATPCHALLENGERMATCH-26APR18KANMAS-KAN,3,756,2,7100,1,20555,,,,,5,1134,6,201,7,134,9,17,13,14,4.0,28411,1500,0.950
2026-04-18 04:20:26 PM,KXATPCHALLENGERMATCH-26APR18KANMAS-KAN,3,745,2,7100,1,20555,,,,,5,1134,6,201,7,134,9,17,13,14,4.0,28400,1500,0.950
2026-04-18 04:20:26 PM,KXATPCHALLENGERMATCH-26APR18KANMAS-KAN,3,745,2,7076,1,20555,,,,,5,1134,6,201,7,134,9,17,13,14,4.0,28376,1500,0.950
2026-04-18 04:20:26 PM,KXATPCHALLENGERMATCH-26APR18KANMAS-KAN,3,745,2,7076,1,20555,,,,,5,1121,6,201,7,134,9,17,13,14,4.0,28376,1487,0.950
2026-04-18 04:20:26 PM,KXATPCHALLENGERMATCH-26APR18KANMAS-KAN,3,745,2,7076,1,20555,,,,,5,1121,6,176,7,134,9,17,13,14,4.0,28376,1462,0.951
2026-04-18 04:20:26 PM,KXATPCHALLENGERMATCH-26APR18KANMAS-KAN,3,756,2,7076,1,20555,,,,,5,1121,6,176,7,134,9,17,13,14,4.0,28387,1462,0.951
2026-04-18 04:20:26 PM,KXATPCHALLENGERMATCH-26APR18KANMAS-KAN,3,756,2,7100,1,20555,,,,,5,1121,6,176,7,134,9,17,13,14,4.0,28411,1462,0.951
2026-04-18 04:22:20 PM,KXATPCHALLENGERMATCH-26APR18KANMAS-KAN,3,756,2,7100,1,20555,,,,,5,1120,6,176,7,134,9,17,13,14,4.0,28411,1461,0.951
2026-04-18 04:22:20 PM,KXATPCHALLENGERMATCH-26APR18KANMAS-KAN,3,756,2,7100,1,20555,,,,,5,1123,6,176,7,134,9,17,13,14,4.0,28411,1464,0.951
2026-04-18 04:22:20 PM,KXATPCHALLENGERMATCH-26APR18KANMAS-KAN,3,756,2,7100,1,20555,,,,,5,1123,6,201,7,134,9,17,13,14,4.0,28411,1489,0.950
2026-04-18 04:22:20 PM,KXATPCHALLENGERMATCH-26APR18KANMAS-KAN,3,756,2,7100,1,20555,,,,,5,1133,6,201,7,134,9,17,13,14,4.0,28411,1499,0.950
2026-04-18 04:22:41 PM,KXATPCHALLENGERMATCH-26APR18KANMAS-KAN,3,756,2,7100,1,20560,,,,,5,1133,6,201,7,134,9,17,13,14,4.0,28416,1499,0.950
2026-04-18 04:23:09 PM,KXATPCHALLENGERMATCH-26APR18KANMAS-KAN,3,756,2,7100,1,20555,,,,,5,1133,6,201,7,134,9,17,13,14,4.0,28411,1499,0.950
2026-04-18 04:27:17 PM,KXATPCHALLENGERMATCH-26APR18KANMAS-KAN,3,756,2,7100,1,20555,,,,,5,1062,6,201,7,134,9,17,13,14,4.0,28411,1428,0.952
2026-04-18 04:27:17 PM,KXATPCHALLENGERMATCH-26APR18KANMAS-KAN,3,756,2,7250,1,20555,,,,,5,1062,6,201,7,134,9,17,13,14,4.0,28561,1428,0.952
2026-04-18 04:27:38 PM,KXATPCHALLENGERMATCH-26APR18KANMAS-KAN,3,756,2,7250,1,20555,,,,,5,1042,6,201,7,134,9,17,13,14,4.0,28561,1408,0.953
2026-04-18 04:27:38 PM,KXATPCHALLENGERMATCH-26APR18KANMAS-KAN,3,756,2,7250,1,20555,,,,,5,992,6,201,7,134,9,17,13,14,4.0,28561,1358,0.955
2026-04-18 04:27:38 PM,KXATPCHALLENGERMATCH-26APR18KANMAS-KAN,3,756,2,7250,1,20555,,,,,5,992,6,150,7,134,9,17,13,14,4.0,28561,1307,0.956
2026-04-18 04:27:38 PM,KXATPCHALLENGERMATCH-26APR18KANMAS-KAN,3,756,2,7250,1,20555,,,,,5,1042,6,150,7,134,9,17,13,14,4.0,28561,1357,0.955
2026-04-18 04:29:00 PM,KXATPCHALLENGERMATCH-26APR18KANMAS-KAN,3,756,2,7250,1,20555,,,,,5,1041,6,150,7,134,9,17,13,14,4.0,28561,1356,0.955
2026-04-18 04:30:13 PM,KXATPCHALLENGERMATCH-26APR18KANMAS-KAN,3,756,2,7250,1,20555,,,,,4,167,5,1041,6,150,7,134,9,17,3.5,28561,1509,0.950
2026-04-18 04:30:13 PM,KXATPCHALLENGERMATCH-26APR18KANMAS-KAN,3,756,2,7250,1,20555,,,,,4,167,5,1041,6,125,7,134,9,17,3.5,28561,1484,0.951
2026-04-18 04:30:13 PM,KXATPCHALLENGERMATCH-26APR18KANMAS-KAN,3,756,2,7250,1,20555,,,,,4,180,5,1041,6,125,7,134,9,17,3.5,28561,1497,0.950
2026-04-18 04:30:13 PM,KXATPCHALLENGERMATCH-26APR18KANMAS-KAN,3,756,2,7250,1,20555,,,,,4,180,5,1054,6,125,7,134,9,17,3.5,28561,1510,0.950
2026-04-18 04:32:08 PM,KXATPCHALLENGERMATCH-26APR18KANMAS-KAN,3,756,2,7250,1,20555,,,,,4,164,5,1054,6,125,7,134,9,17,3.5,28561,1494,0.950
2026-04-18 04:32:30 PM,KXATPCHALLENGERMATCH-26APR18KANMAS-KAN,3,756,2,7250,1,20555,,,,,4,158,5,1054,6,125,7,134,9,17,3.5,28561,1488,0.950
2026-04-18 04:33:13 PM,KXATPCHALLENGERMATCH-26APR18KANMAS-KAN,3,756,2,7250,1,20555,,,,,4,13,5,1054,6,125,7,134,9,17,3.5,28561,1343,0.955
2026-04-18 04:33:13 PM,KXATPCHALLENGERMATCH-26APR18KANMAS-KAN,3,756,2,7250,1,20555,,,,,4,13,5,1067,6,125,7,134,9,17,3.5,28561,1356,0.955
2026-04-18 04:33:13 PM,KXATPCHALLENGERMATCH-26APR18KANMAS-KAN,3,756,2,7250,1,20555,,,,,4,13,5,1067,6,150,7,134,9,17,3.5,28561,1381,0.954
2026-04-18 04:33:13 PM,KXATPCHALLENGERMATCH-26APR18KANMAS-KAN,3,756,2,7250,1,20555,,,,,5,1067,6,150,7,134,9,17,13,14,4.0,28561,1382,0.954
2026-04-18 04:33:13 PM,KXATPCHALLENGERMATCH-26APR18KANMAS-KAN,3,756,2,7250,1,20555,,,,,5,1064,6,150,7,134,9,17,13,14,4.0,28561,1379,0.954
2026-04-18 04:33:13 PM,KXATPCHALLENGERMATCH-26APR18KANMAS-KAN,3,756,2,7250,1,20555,,,,,5,1054,6,150,7,134,9,17,13,14,4.0,28561,1369,0.954
2026-04-18 04:33:13 PM,KXATPCHALLENGERMATCH-26APR18KANMAS-KAN,3,756,2,7250,1,20555,,,,,5,1041,6,150,7,134,9,17,13,14,4.0,28561,1356,0.955
2026-04-18 04:34:31 PM,KXATPCHALLENGERMATCH-26APR18KANMAS-KAN,3,756,2,7250,1,20560,,,,,5,1041,6,150,7,134,9,17,13,14,4.0,28566,1356,0.955
2026-04-18 04:35:00 PM,KXATPCHALLENGERMATCH-26APR18KANMAS-KAN,3,756,2,7250,1,20555,,,,,5,1041,6,150,7,134,9,17,13,14,4.0,28561,1356,0.955
2026-04-18 04:41:39 PM,KXATPCHALLENGERMATCH-26APR18KANMAS-KAN,3,756,2,7250,1,20555,,,,,5,1041,6,150,7,134,9,17,10,325,4.0,28561,1667,0.945
2026-04-18 04:42:02 PM,KXATPCHALLENGERMATCH-26APR18KANMAS-KAN,3,756,2,7250,1,20555,,,,,5,1023,6,150,7,134,9,17,10,325,4.0,28561,1649,0.945
2026-04-18 04:42:02 PM,KXATPCHALLENGERMATCH-26APR18KANMAS-KAN,3,756,2,7250,1,20555,,,,,5,1023,6,130,7,134,9,17,10,325,4.0,28561,1629,0.946
2026-04-18 04:45:14 PM,KXATPCHALLENGERMATCH-26APR18KANMAS-KAN,3,756,2,7250,1,20555,,,,,4,169,5,1023,6,130,7,134,9,17,3.5,28561,1473,0.951
2026-04-18 04:45:14 PM,KXATPCHALLENGERMATCH-26APR18KANMAS-KAN,3,756,2,7250,1,20555,,,,,4,169,5,1023,6,105,7,134,9,17,3.5,28561,1448,0.952
2026-04-18 04:45:14 PM,KXATPCHALLENGERMATCH-26APR18KANMAS-KAN,3,756,2,7250,1,20555,,,,,4,172,5,1023,6,105,7,134,9,17,3.5,28561,1451,0.952
2026-04-18 04:45:39 PM,KXATPCHALLENGERMATCH-26APR18KANMAS-KAN,3,756,2,7250,1,20560,,,,,4,172,5,1023,6,105,7,134,9,17,3.5,28566,1451,0.952
2026-04-18 04:45:39 PM,KXATPCHALLENGERMATCH-26APR18KANMAS-KAN,3,756,2,7250,1,20560,,,,,4,182,5,1023,6,105,7,134,9,17,3.5,28566,1461,0.951
2026-04-18 04:45:39 PM,KXATPCHALLENGERMATCH-26APR18KANMAS-KAN,3,756,2,7250,1,20560,,,,,4,182,5,1036,6,105,7,134,9,17,3.5,28566,1474,0.951
2026-04-18 04:46:09 PM,KXATPCHALLENGERMATCH-26APR18KANMAS-KAN,3,756,2,7250,1,20555,,,,,4,182,5,1036,6,105,7,134,9,17,3.5,28561,1474,0.951
2026-04-18 04:47:36 PM,KXATPCHALLENGERMATCH-26APR18KANMAS-KAN,3,756,2,7250,1,20555,,,,,4,182,5,1032,6,105,7,134,9,17,3.5,28561,1470,0.951
2026-04-18 04:48:14 PM,KXATPCHALLENGERMATCH-26APR18KANMAS-KAN,3,756,2,7250,1,20555,,,,,4,13,5,1032,6,105,7,134,9,17,3.5,28561,1301,0.956
2026-04-18 04:48:14 PM,KXATPCHALLENGERMATCH-26APR18KANMAS-KAN,3,756,2,7250,1,20555,,,,,4,10,5,1032,6,105,7,134,9,17,3.5,28561,1298,0.957
2026-04-18 04:48:14 PM,KXATPCHALLENGERMATCH-26APR18KANMAS-KAN,3,756,2,7250,1,20555,,,,,5,1032,6,105,7,134,9,17,10,325,4.0,28561,1613,0.947
2026-04-18 04:48:14 PM,KXATPCHALLENGERMATCH-26APR18KANMAS-KAN,3,756,2,7250,1,20555,,,,,5,1045,6,105,7,134,9,17,10,325,4.0,28561,1626,0.946
2026-04-18 04:48:14 PM,KXATPCHALLENGERMATCH-26APR18KANMAS-KAN,3,756,2,7250,1,20555,,,,,5,1045,6,130,7,134,9,17,10,325,4.0,28561,1651,0.945
2026-04-18 04:48:14 PM,KXATPCHALLENGERMATCH-26APR18KANMAS-KAN,3,756,2,7250,1,20555,,,,,5,1032,6,130,7,134,9,17,10,325,4.0,28561,1638,0.946
2026-04-18 04:48:14 PM,KXATPCHALLENGERMATCH-26APR18KANMAS-KAN,3,756,2,7250,1,20555,,,,,5,1019,6,130,7,134,9,17,10,325,4.0,28561,1625,0.946
