ts_et,ticker,bid_1,bid_1_sz,bid_2,bid_2_sz,bid_3,bid_3_sz,bid_4,bid_4_sz,bid_5,bid_5_sz,ask_1,ask_1_sz,ask_2,ask_2_sz,ask_3,ask_3_sz,ask_4,ask_4_sz,ask_5,ask_5_sz,mid
2026-04-18 01:14:04 PM,KXATPCHALLENGERMATCH-26APR19KIRKEL-KIR,6,116,5,194,4,823,3,540,2,900,94,15,95,25,96,543,97,72,98,120,50.0
2026-04-18 01:14:12 PM,KXATPCHALLENGERMATCH-26APR19KIRKEL-KIR,6,116,5,194,4,823,3,540,2,900,94,15,95,25,96,543,97,72,98,123,50.0
2026-04-18 01:14:15 PM,KXATPCHALLENGERMATCH-26APR19KIRKEL-KIR,6,116,5,194,4,823,3,540,2,900,94,15,95,25,96,543,97,74,98,123,50.0
2026-04-18 01:15:54 PM,KXATPCHALLENGERMATCH-26APR19KIRKEL-KIR,6,116,5,194,4,823,3,540,2,900,94,15,95,25,96,543,97,74,98,133,50.0
2026-04-18 01:16:38 PM,KXATPCHALLENGERMATCH-26APR19KIRKEL-KIR,6,116,5,194,4,823,3,540,2,900,94,365,95,25,96,543,97,74,98,133,50.0
2026-04-18 01:19:18 PM,KXATPCHALLENGERMATCH-26APR19KIRKEL-KIR,6,116,5,194,4,823,3,540,2,900,94,365,95,25,96,543,97,84,98,133,50.0
2026-04-18 01:23:08 PM,KXATPCHALLENGERMATCH-26APR19KIRKEL-KIR,57,800,6,116,5,194,4,823,3,540,94,365,95,25,96,543,97,84,98,133,75.5
2026-04-18 01:23:08 PM,KXATPCHALLENGERMATCH-26APR19KIRKEL-KIR,58,800,57,800,6,116,5,194,4,823,94,365,95,25,96,543,97,84,98,133,76.0
2026-04-18 01:23:08 PM,KXATPCHALLENGERMATCH-26APR19KIRKEL-KIR,60,800,58,800,57,800,6,116,5,194,94,365,95,25,96,543,97,84,98,133,77.0
2026-04-18 01:23:08 PM,KXATPCHALLENGERMATCH-26APR19KIRKEL-KIR,60,800,58,800,57,800,6,116,5,194,83,800,94,365,95,25,96,543,97,84,71.5
2026-04-18 01:23:08 PM,KXATPCHALLENGERMATCH-26APR19KIRKEL-KIR,60,800,58,800,57,800,6,116,5,194,83,800,86,800,94,365,95,25,96,543,71.5
2026-04-18 01:23:08 PM,KXATPCHALLENGERMATCH-26APR19KIRKEL-KIR,60,800,58,800,57,800,6,116,5,194,83,800,85,800,86,800,94,365,95,25,71.5
2026-04-18 01:25:06 PM,KXATPCHALLENGERMATCH-26APR19KIRKEL-KIR,60,800,58,800,57,800,6,116,5,194,83,800,85,800,86,800,94,365,95,26,71.5
2026-04-18 01:36:38 PM,KXATPCHALLENGERMATCH-26APR19KIRKEL-KIR,60,800,58,800,57,800,7,10000,6,116,83,800,85,800,86,800,94,365,95,26,71.5
2026-04-18 01:54:53 PM,KXATPCHALLENGERMATCH-26APR19KIRKEL-KIR,67,500,60,800,58,800,57,800,7,10000,83,800,85,800,86,800,94,365,95,26,75.0
2026-04-18 01:54:53 PM,KXATPCHALLENGERMATCH-26APR19KIRKEL-KIR,67,500,60,800,58,800,57,800,7,10000,82,66,83,800,85,800,86,800,94,365,74.5
2026-04-18 01:58:08 PM,KXATPCHALLENGERMATCH-26APR19KIRKEL-KIR,67,500,58,800,57,800,7,10000,6,116,82,66,83,800,85,800,86,800,94,365,74.5
2026-04-18 01:58:08 PM,KXATPCHALLENGERMATCH-26APR19KIRKEL-KIR,67,500,57,800,7,10000,6,116,5,194,82,66,83,800,85,800,86,800,94,365,74.5
2026-04-18 01:58:08 PM,KXATPCHALLENGERMATCH-26APR19KIRKEL-KIR,67,500,7,10000,6,116,5,194,4,823,82,66,83,800,85,800,86,800,94,365,74.5
2026-04-18 01:58:08 PM,KXATPCHALLENGERMATCH-26APR19KIRKEL-KIR,67,1300,7,10000,6,116,5,194,4,823,82,66,83,800,85,800,86,800,94,365,74.5
2026-04-18 01:58:08 PM,KXATPCHALLENGERMATCH-26APR19KIRKEL-KIR,67,1300,66,800,7,10000,6,116,5,194,82,66,83,800,85,800,86,800,94,365,74.5
2026-04-18 01:58:08 PM,KXATPCHALLENGERMATCH-26APR19KIRKEL-KIR,68,800,67,1300,66,800,7,10000,6,116,82,66,83,800,85,800,86,800,94,365,75.0
2026-04-18 02:00:14 PM,KXATPCHALLENGERMATCH-26APR19KIRKEL-KIR,68,800,67,1300,66,800,60,100,7,10000,82,66,83,800,85,800,86,800,94,365,75.0
2026-04-18 02:00:14 PM,KXATPCHALLENGERMATCH-26APR19KIRKEL-KIR,68,800,67,1300,66,800,60,100,7,10000,82,566,83,800,85,800,86,800,94,365,75.0
2026-04-18 02:00:19 PM,KXATPCHALLENGERMATCH-26APR19KIRKEL-KIR,68,800,67,1300,66,800,60,100,7,10000,82,66,83,800,85,800,86,800,94,365,75.0
2026-04-18 02:00:19 PM,KXATPCHALLENGERMATCH-26APR19KIRKEL-KIR,68,800,67,1300,66,800,7,10000,6,116,82,66,83,800,85,800,86,800,94,365,75.0
2026-04-18 02:08:20 PM,KXATPCHALLENGERMATCH-26APR19KIRKEL-KIR,68,800,67,1300,66,800,7,10000,6,116,82,65,83,800,85,800,86,800,94,365,75.0
2026-04-18 02:08:20 PM,KXATPCHALLENGERMATCH-26APR19KIRKEL-KIR,68,805,67,1300,66,800,7,10000,6,116,82,65,83,800,85,800,86,800,94,365,75.0
2026-04-18 02:08:20 PM,KXATPCHALLENGERMATCH-26APR19KIRKEL-KIR,68,805,67,1310,66,800,7,10000,6,116,82,65,83,800,85,800,86,800,94,365,75.0
2026-04-18 02:08:20 PM,KXATPCHALLENGERMATCH-26APR19KIRKEL-KIR,68,805,67,1310,66,800,7,10000,6,116,83,800,85,800,86,800,94,365,95,26,75.5
2026-04-18 02:08:20 PM,KXATPCHALLENGERMATCH-26APR19KIRKEL-KIR,68,805,67,1310,66,800,7,10000,6,116,82,66,83,800,85,800,86,800,94,365,75.0
2026-04-18 02:08:22 PM,KXATPCHALLENGERMATCH-26APR19KIRKEL-KIR,68,805,67,1310,66,800,7,10000,6,116,81,58,82,66,83,800,85,800,86,800,74.5
2026-04-18 02:08:22 PM,KXATPCHALLENGERMATCH-26APR19KIRKEL-KIR,68,805,67,1310,66,800,7,10000,6,116,81,58,82,76,83,800,85,800,86,800,74.5
2026-04-18 02:08:22 PM,KXATPCHALLENGERMATCH-26APR19KIRKEL-KIR,68,805,67,1310,66,800,7,10000,6,116,81,58,82,10,83,800,85,800,86,800,74.5
2026-04-18 02:08:22 PM,KXATPCHALLENGERMATCH-26APR19KIRKEL-KIR,68,805,67,1310,66,800,7,10000,6,116,80,60,81,58,82,10,83,800,85,800,74.0
2026-04-18 02:08:22 PM,KXATPCHALLENGERMATCH-26APR19KIRKEL-KIR,68,800,67,1310,66,800,7,10000,6,116,80,60,81,58,82,10,83,800,85,800,74.0
2026-04-18 02:08:22 PM,KXATPCHALLENGERMATCH-26APR19KIRKEL-KIR,68,800,67,1315,66,800,7,10000,6,116,80,60,81,58,82,10,83,800,85,800,74.0
2026-04-18 02:08:22 PM,KXATPCHALLENGERMATCH-26APR19KIRKEL-KIR,68,800,67,1315,66,800,7,10000,6,116,80,60,82,10,83,800,85,800,86,800,74.0
2026-04-18 02:08:23 PM,KXATPCHALLENGERMATCH-26APR19KIRKEL-KIR,68,800,67,1315,66,811,7,10000,6,116,80,60,82,10,83,800,85,800,86,800,74.0
2026-04-18 02:08:23 PM,KXATPCHALLENGERMATCH-26APR19KIRKEL-KIR,68,800,67,1315,66,811,7,10000,6,116,79,36,80,60,82,10,83,800,85,800,73.5
2026-04-18 02:08:23 PM,KXATPCHALLENGERMATCH-26APR19KIRKEL-KIR,68,800,67,1315,66,811,7,10000,6,116,79,36,82,10,83,800,85,800,86,800,73.5
2026-04-18 02:08:23 PM,KXATPCHALLENGERMATCH-26APR19KIRKEL-KIR,68,800,67,1315,66,811,7,10000,6,116,78,54,79,36,82,10,83,800,85,800,73.0
2026-04-18 02:08:23 PM,KXATPCHALLENGERMATCH-26APR19KIRKEL-KIR,68,800,67,1315,66,811,7,10000,6,116,78,54,79,36,82,32,83,800,85,800,73.0
2026-04-18 02:08:23 PM,KXATPCHALLENGERMATCH-26APR19KIRKEL-KIR,68,800,67,1315,66,811,7,10000,6,116,78,54,82,32,83,800,85,800,86,800,73.0
2026-04-18 02:08:24 PM,KXATPCHALLENGERMATCH-26APR19KIRKEL-KIR,68,800,67,1315,66,811,7,10000,6,116,77,15,78,54,82,32,83,800,85,800,72.5
2026-04-18 02:08:24 PM,KXATPCHALLENGERMATCH-26APR19KIRKEL-KIR,68,800,67,1315,66,811,7,10000,6,116,77,15,78,54,82,53,83,800,85,800,72.5
2026-04-18 02:08:24 PM,KXATPCHALLENGERMATCH-26APR19KIRKEL-KIR,68,800,67,1315,66,811,7,10000,6,116,77,15,82,53,83,800,85,800,86,800,72.5
2026-04-18 02:08:24 PM,KXATPCHALLENGERMATCH-26APR19KIRKEL-KIR,68,800,67,1315,66,811,7,10000,6,116,82,53,83,800,85,800,86,800,94,365,75.0
2026-04-18 02:08:24 PM,KXATPCHALLENGERMATCH-26APR19KIRKEL-KIR,68,800,67,1315,66,800,7,10000,6,116,82,53,83,800,85,800,86,800,94,365,75.0
2026-04-18 02:08:24 PM,KXATPCHALLENGERMATCH-26APR19KIRKEL-KIR,68,805,67,1315,66,800,7,10000,6,116,82,53,83,800,85,800,86,800,94,365,75.0
2026-04-18 02:08:24 PM,KXATPCHALLENGERMATCH-26APR19KIRKEL-KIR,68,805,67,1315,66,800,7,10000,6,116,81,63,82,53,83,800,85,800,86,800,74.5
2026-04-18 02:08:25 PM,KXATPCHALLENGERMATCH-26APR19KIRKEL-KIR,68,800,67,1315,66,800,7,10000,6,116,81,63,82,53,83,800,85,800,86,800,74.5
2026-04-18 02:08:25 PM,KXATPCHALLENGERMATCH-26APR19KIRKEL-KIR,68,800,67,1315,66,800,7,10000,6,116,81,63,82,43,83,800,85,800,86,800,74.5
2026-04-18 02:08:25 PM,KXATPCHALLENGERMATCH-26APR19KIRKEL-KIR,68,800,67,1315,66,800,7,10000,6,116,81,63,82,21,83,800,85,800,86,800,74.5
2026-04-18 02:08:25 PM,KXATPCHALLENGERMATCH-26APR19KIRKEL-KIR,68,800,67,1315,66,800,7,10000,6,116,81,63,83,800,85,800,86,800,94,365,74.5
2026-04-18 02:09:33 PM,KXATPCHALLENGERMATCH-26APR19KIRKEL-KIR,68,800,67,1315,66,811,7,10000,6,116,81,63,83,800,85,800,86,800,94,365,74.5
2026-04-18 02:09:33 PM,KXATPCHALLENGERMATCH-26APR19KIRKEL-KIR,68,800,67,1315,66,811,7,10000,6,116,80,47,81,63,83,800,85,800,86,800,74.0
2026-04-18 02:09:33 PM,KXATPCHALLENGERMATCH-26APR19KIRKEL-KIR,68,800,67,1315,66,811,7,10000,6,116,80,47,81,63,82,21,83,800,85,800,74.0
2026-04-18 02:09:33 PM,KXATPCHALLENGERMATCH-26APR19KIRKEL-KIR,68,800,67,1315,66,811,7,10000,6,116,80,47,82,21,83,800,85,800,86,800,74.0
2026-04-18 02:09:33 PM,KXATPCHALLENGERMATCH-26APR19KIRKEL-KIR,68,800,67,1315,66,811,7,10000,6,116,79,57,80,47,82,21,83,800,85,800,73.5
2026-04-18 02:09:34 PM,KXATPCHALLENGERMATCH-26APR19KIRKEL-KIR,68,800,67,1315,66,811,7,10000,6,116,78,26,79,57,80,47,82,21,83,800,73.0
2026-04-18 02:09:34 PM,KXATPCHALLENGERMATCH-26APR19KIRKEL-KIR,68,800,67,1315,66,811,7,10000,6,116,78,26,79,57,82,21,83,800,85,800,73.0
2026-04-18 02:09:34 PM,KXATPCHALLENGERMATCH-26APR19KIRKEL-KIR,68,800,67,1315,66,811,7,10000,6,116,78,26,82,21,83,800,85,800,86,800,73.0
2026-04-18 02:09:34 PM,KXATPCHALLENGERMATCH-26APR19KIRKEL-KIR,68,800,67,1315,66,811,7,10000,6,116,78,26,82,68,83,800,85,800,86,800,73.0
2026-04-18 02:09:34 PM,KXATPCHALLENGERMATCH-26APR19KIRKEL-KIR,68,800,67,1315,66,811,7,10000,6,116,78,26,82,68,83,800,84,21,85,800,73.0
2026-04-18 02:09:34 PM,KXATPCHALLENGERMATCH-26APR19KIRKEL-KIR,68,800,67,1315,66,811,7,10000,6,116,82,68,83,800,84,21,85,800,86,800,75.0
2026-04-18 02:09:34 PM,KXATPCHALLENGERMATCH-26APR19KIRKEL-KIR,68,800,67,1315,66,811,7,10000,6,116,81,63,82,68,83,800,84,21,85,800,74.5
2026-04-18 02:09:35 PM,KXATPCHALLENGERMATCH-26APR19KIRKEL-KIR,68,800,67,1315,66,811,7,10000,6,116,81,63,82,68,83,800,85,800,86,800,74.5
2026-04-18 02:09:35 PM,KXATPCHALLENGERMATCH-26APR19KIRKEL-KIR,68,800,67,1315,66,811,7,10000,6,116,81,63,82,47,83,800,85,800,86,800,74.5
2026-04-18 02:09:35 PM,KXATPCHALLENGERMATCH-26APR19KIRKEL-KIR,68,800,67,1315,66,811,7,10000,6,116,81,63,83,800,85,800,86,800,94,365,74.5
2026-04-18 02:09:35 PM,KXATPCHALLENGERMATCH-26APR19KIRKEL-KIR,68,800,67,1315,66,811,7,10000,6,116,80,47,81,63,83,800,85,800,86,800,74.0
2026-04-18 02:09:35 PM,KXATPCHALLENGERMATCH-26APR19KIRKEL-KIR,68,800,67,1315,66,811,7,10000,6,116,80,47,83,800,85,800,86,800,94,365,74.0
2026-04-18 02:09:35 PM,KXATPCHALLENGERMATCH-26APR19KIRKEL-KIR,68,800,67,1315,66,811,7,10000,6,116,79,57,80,47,83,800,85,800,86,800,73.5
2026-04-18 02:09:35 PM,KXATPCHALLENGERMATCH-26APR19KIRKEL-KIR,68,800,67,1315,66,811,7,10000,6,116,79,57,80,47,82,21,83,800,85,800,73.5
2026-04-18 02:09:35 PM,KXATPCHALLENGERMATCH-26APR19KIRKEL-KIR,68,800,67,1315,66,811,7,10000,6,116,79,57,82,21,83,800,85,800,86,800,73.5
2026-04-18 02:09:36 PM,KXATPCHALLENGERMATCH-26APR19KIRKEL-KIR,68,800,67,1315,66,811,7,10000,6,116,78,26,79,57,82,21,83,800,85,800,73.0
2026-04-18 02:09:36 PM,KXATPCHALLENGERMATCH-26APR19KIRKEL-KIR,68,800,67,1315,66,811,7,10000,6,116,78,26,82,21,83,800,85,800,86,800,73.0
2026-04-18 02:09:36 PM,KXATPCHALLENGERMATCH-26APR19KIRKEL-KIR,68,800,67,1315,66,811,7,10000,6,116,82,21,83,800,85,800,86,800,94,365,75.0
2026-04-18 02:09:36 PM,KXATPCHALLENGERMATCH-26APR19KIRKEL-KIR,68,800,67,1315,66,811,7,10000,6,116,82,68,83,800,85,800,86,800,94,365,75.0
2026-04-18 02:09:36 PM,KXATPCHALLENGERMATCH-26APR19KIRKEL-KIR,68,800,67,1315,66,811,7,10000,6,116,82,68,83,800,84,21,85,800,86,800,75.0
2026-04-18 02:09:36 PM,KXATPCHALLENGERMATCH-26APR19KIRKEL-KIR,68,800,67,1315,66,811,7,10000,6,116,81,63,82,68,83,800,84,21,85,800,74.5
2026-04-18 02:09:37 PM,KXATPCHALLENGERMATCH-26APR19KIRKEL-KIR,68,800,67,1315,66,811,7,10000,6,116,81,63,82,68,83,800,85,800,86,800,74.5
2026-04-18 02:09:37 PM,KXATPCHALLENGERMATCH-26APR19KIRKEL-KIR,68,800,67,1315,66,811,7,10000,6,116,80,47,81,63,82,68,83,800,85,800,74.0
2026-04-18 02:09:37 PM,KXATPCHALLENGERMATCH-26APR19KIRKEL-KIR,68,800,67,1315,66,811,7,10000,6,116,80,47,81,63,82,47,83,800,85,800,74.0
2026-04-18 02:09:37 PM,KXATPCHALLENGERMATCH-26APR19KIRKEL-KIR,68,800,67,1315,66,811,7,10000,6,116,80,47,81,63,83,800,85,800,86,800,74.0
2026-04-18 02:09:37 PM,KXATPCHALLENGERMATCH-26APR19KIRKEL-KIR,68,800,67,1315,66,811,7,10000,6,116,80,47,81,63,82,21,83,800,85,800,74.0
2026-04-18 02:09:37 PM,KXATPCHALLENGERMATCH-26APR19KIRKEL-KIR,68,800,67,1315,66,811,7,10000,6,116,80,47,82,21,83,800,85,800,86,800,74.0
2026-04-18 02:09:37 PM,KXATPCHALLENGERMATCH-26APR19KIRKEL-KIR,68,800,67,1315,66,811,7,10000,6,116,79,57,80,47,82,21,83,800,85,800,73.5
2026-04-18 02:09:38 PM,KXATPCHALLENGERMATCH-26APR19KIRKEL-KIR,68,800,67,1315,66,811,7,10000,6,116,79,57,82,21,83,800,85,800,86,800,73.5
2026-04-18 02:09:38 PM,KXATPCHALLENGERMATCH-26APR19KIRKEL-KIR,68,800,67,1315,66,811,7,10000,6,116,78,26,79,57,82,21,83,800,85,800,73.0
2026-04-18 02:09:38 PM,KXATPCHALLENGERMATCH-26APR19KIRKEL-KIR,68,800,67,1315,66,811,7,10000,6,116,78,26,79,57,82,42,83,800,85,800,73.0
2026-04-18 02:09:38 PM,KXATPCHALLENGERMATCH-26APR19KIRKEL-KIR,68,800,67,1315,66,811,7,10000,6,116,78,26,82,42,83,800,85,800,86,800,73.0
2026-04-18 02:09:38 PM,KXATPCHALLENGERMATCH-26APR19KIRKEL-KIR,68,800,67,1315,66,811,7,10000,6,116,78,26,82,68,83,800,85,800,86,800,73.0
2026-04-18 02:09:38 PM,KXATPCHALLENGERMATCH-26APR19KIRKEL-KIR,68,800,67,1315,66,811,7,10000,6,116,82,68,83,800,85,800,86,800,94,365,75.0
2026-04-18 02:09:38 PM,KXATPCHALLENGERMATCH-26APR19KIRKEL-KIR,68,800,67,1315,66,811,7,10000,6,116,82,68,83,800,84,21,85,800,86,800,75.0
2026-04-18 02:09:38 PM,KXATPCHALLENGERMATCH-26APR19KIRKEL-KIR,68,800,67,1315,66,811,7,10000,6,116,81,63,82,68,83,800,84,21,85,800,74.5
2026-04-18 02:09:39 PM,KXATPCHALLENGERMATCH-26APR19KIRKEL-KIR,68,800,67,1315,66,811,7,10000,6,116,80,47,81,63,82,68,83,800,84,21,74.0
2026-04-18 02:09:39 PM,KXATPCHALLENGERMATCH-26APR19KIRKEL-KIR,68,800,67,1315,66,811,7,10000,6,116,80,47,81,63,82,68,83,800,85,800,74.0
2026-04-18 02:09:39 PM,KXATPCHALLENGERMATCH-26APR19KIRKEL-KIR,68,800,67,1315,66,811,7,10000,6,116,80,47,81,63,82,47,83,800,85,800,74.0
2026-04-18 02:09:39 PM,KXATPCHALLENGERMATCH-26APR19KIRKEL-KIR,68,800,67,1315,66,811,7,10000,6,116,80,47,81,63,82,26,83,800,85,800,74.0
2026-04-18 02:09:39 PM,KXATPCHALLENGERMATCH-26APR19KIRKEL-KIR,68,800,67,1315,66,811,7,10000,6,116,80,47,82,26,83,800,85,800,86,800,74.0
2026-04-18 02:09:39 PM,KXATPCHALLENGERMATCH-26APR19KIRKEL-KIR,68,800,67,1315,66,811,7,10000,6,116,79,57,80,47,82,26,83,800,85,800,73.5
2026-04-18 02:09:39 PM,KXATPCHALLENGERMATCH-26APR19KIRKEL-KIR,68,800,67,1315,66,811,7,10000,6,116,78,26,79,57,80,47,82,26,83,800,73.0
2026-04-18 02:09:39 PM,KXATPCHALLENGERMATCH-26APR19KIRKEL-KIR,68,800,67,1315,66,811,7,10000,6,116,78,26,79,57,80,47,82,42,83,800,73.0
2026-04-18 02:09:39 PM,KXATPCHALLENGERMATCH-26APR19KIRKEL-KIR,68,800,67,1315,66,811,7,10000,6,116,78,26,79,57,82,42,83,800,85,800,73.0
2026-04-18 02:09:39 PM,KXATPCHALLENGERMATCH-26APR19KIRKEL-KIR,68,800,67,1315,66,811,7,10000,6,116,78,26,82,42,83,800,85,800,86,800,73.0
2026-04-18 02:09:40 PM,KXATPCHALLENGERMATCH-26APR19KIRKEL-KIR,68,800,67,1315,66,811,7,10000,6,116,82,42,83,800,85,800,86,800,94,365,75.0
2026-04-18 02:09:40 PM,KXATPCHALLENGERMATCH-26APR19KIRKEL-KIR,68,800,67,1315,66,811,7,10000,6,116,82,68,83,800,85,800,86,800,94,365,75.0
2026-04-18 02:09:40 PM,KXATPCHALLENGERMATCH-26APR19KIRKEL-KIR,68,800,67,1315,66,811,7,10000,6,116,82,68,83,800,84,21,85,800,86,800,75.0
2026-04-18 02:09:40 PM,KXATPCHALLENGERMATCH-26APR19KIRKEL-KIR,68,800,67,1315,66,811,7,10000,6,116,81,63,82,68,83,800,84,21,85,800,74.5
2026-04-18 02:09:40 PM,KXATPCHALLENGERMATCH-26APR19KIRKEL-KIR,68,800,67,1315,66,811,7,10000,6,116,80,47,81,63,82,68,83,800,84,21,74.0
2026-04-18 02:09:40 PM,KXATPCHALLENGERMATCH-26APR19KIRKEL-KIR,68,800,67,1315,66,811,7,10000,6,116,80,47,81,63,82,68,83,800,85,800,74.0
2026-04-18 02:09:40 PM,KXATPCHALLENGERMATCH-26APR19KIRKEL-KIR,68,800,67,1315,66,811,7,10000,6,116,80,47,81,63,82,42,83,800,85,800,74.0
2026-04-18 02:09:40 PM,KXATPCHALLENGERMATCH-26APR19KIRKEL-KIR,68,800,67,1315,66,811,7,10000,6,116,80,47,81,63,82,26,83,800,85,800,74.0
2026-04-18 02:09:41 PM,KXATPCHALLENGERMATCH-26APR19KIRKEL-KIR,68,800,67,1315,66,811,7,10000,6,116,80,47,82,26,83,800,85,800,86,800,74.0
2026-04-18 02:09:41 PM,KXATPCHALLENGERMATCH-26APR19KIRKEL-KIR,68,800,67,1315,66,811,7,10000,6,116,79,57,80,47,82,26,83,800,85,800,73.5
2026-04-18 02:09:41 PM,KXATPCHALLENGERMATCH-26APR19KIRKEL-KIR,68,800,67,1315,66,811,7,10000,6,116,79,57,82,26,83,800,85,800,86,800,73.5
2026-04-18 02:09:41 PM,KXATPCHALLENGERMATCH-26APR19KIRKEL-KIR,68,800,67,1315,66,811,7,10000,6,116,79,57,82,68,83,800,85,800,86,800,73.5
2026-04-18 02:09:41 PM,KXATPCHALLENGERMATCH-26APR19KIRKEL-KIR,68,800,67,1315,66,811,7,10000,6,116,79,57,82,68,83,800,84,21,85,800,73.5
2026-04-18 02:09:41 PM,KXATPCHALLENGERMATCH-26APR19KIRKEL-KIR,68,800,67,1315,66,811,7,10000,6,116,78,26,79,57,82,68,83,800,84,21,73.0
2026-04-18 02:09:41 PM,KXATPCHALLENGERMATCH-26APR19KIRKEL-KIR,68,800,67,1315,66,811,7,10000,6,116,78,26,79,57,82,68,83,800,85,800,73.0
2026-04-18 02:09:41 PM,KXATPCHALLENGERMATCH-26APR19KIRKEL-KIR,68,800,67,1315,66,811,7,10000,6,116,78,26,79,57,82,42,83,800,85,800,73.0
2026-04-18 02:09:41 PM,KXATPCHALLENGERMATCH-26APR19KIRKEL-KIR,68,800,67,1315,66,811,7,10000,6,116,78,26,82,42,83,800,85,800,86,800,73.0
2026-04-18 02:09:42 PM,KXATPCHALLENGERMATCH-26APR19KIRKEL-KIR,68,800,67,1315,66,811,7,10000,6,116,78,26,82,68,83,800,85,800,86,800,73.0
2026-04-18 02:09:42 PM,KXATPCHALLENGERMATCH-26APR19KIRKEL-KIR,68,800,67,1315,66,811,7,10000,6,116,78,26,82,68,83,800,84,21,85,800,73.0
2026-04-18 02:09:42 PM,KXATPCHALLENGERMATCH-26APR19KIRKEL-KIR,68,800,67,1315,66,811,7,10000,6,116,82,68,83,800,84,21,85,800,86,800,75.0
2026-04-18 02:09:42 PM,KXATPCHALLENGERMATCH-26APR19KIRKEL-KIR,68,800,67,1315,66,811,7,10000,6,116,81,63,82,68,83,800,84,21,85,800,74.5
2026-04-18 02:09:42 PM,KXATPCHALLENGERMATCH-26APR19KIRKEL-KIR,68,800,67,1315,66,811,7,10000,6,116,80,47,81,63,82,68,83,800,84,21,74.0
2026-04-18 02:09:42 PM,KXATPCHALLENGERMATCH-26APR19KIRKEL-KIR,68,800,67,1315,66,811,7,10000,6,116,80,47,81,63,82,68,83,800,85,800,74.0
2026-04-18 02:09:42 PM,KXATPCHALLENGERMATCH-26APR19KIRKEL-KIR,68,800,67,1315,66,811,7,10000,6,116,80,47,81,63,82,26,83,800,85,800,74.0
2026-04-18 02:09:42 PM,KXATPCHALLENGERMATCH-26APR19KIRKEL-KIR,68,800,67,1315,66,811,7,10000,6,116,80,47,82,26,83,800,85,800,86,800,74.0
2026-04-18 02:09:42 PM,KXATPCHALLENGERMATCH-26APR19KIRKEL-KIR,68,800,67,1315,66,811,7,10000,6,116,79,57,80,47,82,26,83,800,85,800,73.5
2026-04-18 02:09:43 PM,KXATPCHALLENGERMATCH-26APR19KIRKEL-KIR,68,800,67,1315,66,811,7,10000,6,116,79,57,82,26,83,800,85,800,86,800,73.5
2026-04-18 02:09:43 PM,KXATPCHALLENGERMATCH-26APR19KIRKEL-KIR,68,800,67,1315,66,811,7,10000,6,116,79,57,83,800,85,800,86,800,94,365,73.5
2026-04-18 02:09:43 PM,KXATPCHALLENGERMATCH-26APR19KIRKEL-KIR,68,800,67,1315,66,811,7,10000,6,116,78,26,79,57,83,800,85,800,86,800,73.0
2026-04-18 02:09:43 PM,KXATPCHALLENGERMATCH-26APR19KIRKEL-KIR,68,800,67,1315,66,811,7,10000,6,116,78,26,79,67,83,800,85,800,86,800,73.0
2026-04-18 02:09:43 PM,KXATPCHALLENGERMATCH-26APR19KIRKEL-KIR,68,800,67,1315,66,811,7,10000,6,116,78,26,79,10,83,800,85,800,86,800,73.0
2026-04-18 02:09:43 PM,KXATPCHALLENGERMATCH-26APR19KIRKEL-KIR,68,800,67,1315,66,811,7,10000,6,116,79,10,83,800,85,800,86,800,94,365,73.5
2026-04-18 02:09:43 PM,KXATPCHALLENGERMATCH-26APR19KIRKEL-KIR,68,800,67,1315,66,811,7,10000,6,116,83,800,85,800,86,800,94,365,95,26,75.5
2026-04-18 02:09:43 PM,KXATPCHALLENGERMATCH-26APR19KIRKEL-KIR,68,800,67,1315,66,811,7,10000,6,116,77,15,83,800,85,800,86,800,94,365,72.5
2026-04-18 02:09:43 PM,KXATPCHALLENGERMATCH-26APR19KIRKEL-KIR,68,800,67,1315,66,811,7,10000,6,116,77,15,78,11,83,800,85,800,86,800,72.5
2026-04-18 02:09:44 PM,KXATPCHALLENGERMATCH-26APR19KIRKEL-KIR,68,800,67,1315,66,811,7,10000,6,116,78,11,83,800,85,800,86,800,94,365,73.0
2026-04-18 02:09:44 PM,KXATPCHALLENGERMATCH-26APR19KIRKEL-KIR,68,800,67,1315,66,811,7,10000,6,116,78,11,82,68,83,800,85,800,86,800,73.0
2026-04-18 02:09:44 PM,KXATPCHALLENGERMATCH-26APR19KIRKEL-KIR,68,800,67,1315,66,811,7,10000,6,116,78,11,82,68,83,800,84,21,85,800,73.0
2026-04-18 02:09:44 PM,KXATPCHALLENGERMATCH-26APR19KIRKEL-KIR,68,800,67,1315,66,811,7,10000,6,116,82,68,83,800,84,21,85,800,86,800,75.0
2026-04-18 02:09:44 PM,KXATPCHALLENGERMATCH-26APR19KIRKEL-KIR,68,800,67,1315,66,811,7,10000,6,116,81,63,82,68,83,800,84,21,85,800,74.5
2026-04-18 02:09:44 PM,KXATPCHALLENGERMATCH-26APR19KIRKEL-KIR,68,800,67,1315,66,811,7,10000,6,116,80,47,81,63,82,68,83,800,84,21,74.0
2026-04-18 02:09:44 PM,KXATPCHALLENGERMATCH-26APR19KIRKEL-KIR,68,800,67,1315,66,811,7,10000,6,116,80,47,81,63,82,68,83,800,85,800,74.0
2026-04-18 02:09:44 PM,KXATPCHALLENGERMATCH-26APR19KIRKEL-KIR,68,800,67,1315,66,811,7,10000,6,116,80,47,81,63,83,800,85,800,86,800,74.0
2026-04-18 02:09:44 PM,KXATPCHALLENGERMATCH-26APR19KIRKEL-KIR,68,800,67,1315,66,811,7,10000,6,116,80,47,83,800,85,800,86,800,94,365,74.0
2026-04-18 02:09:44 PM,KXATPCHALLENGERMATCH-26APR19KIRKEL-KIR,68,800,67,1315,66,811,7,10000,6,116,79,57,80,47,83,800,85,800,86,800,73.5
2026-04-18 02:09:45 PM,KXATPCHALLENGERMATCH-26APR19KIRKEL-KIR,68,800,67,1315,66,811,7,10000,6,116,78,26,79,57,80,47,83,800,85,800,73.0
2026-04-18 02:09:45 PM,KXATPCHALLENGERMATCH-26APR19KIRKEL-KIR,68,800,67,1315,66,811,7,10000,6,116,78,26,79,57,83,800,85,800,86,800,73.0
2026-04-18 02:09:45 PM,KXATPCHALLENGERMATCH-26APR19KIRKEL-KIR,68,800,67,1315,66,811,7,10000,6,116,78,26,79,57,82,42,83,800,85,800,73.0
2026-04-18 02:09:45 PM,KXATPCHALLENGERMATCH-26APR19KIRKEL-KIR,68,800,67,1315,66,811,7,10000,6,116,78,26,82,42,83,800,85,800,86,800,73.0
2026-04-18 02:09:45 PM,KXATPCHALLENGERMATCH-26APR19KIRKEL-KIR,68,800,67,1315,66,811,7,10000,6,116,78,26,82,68,83,800,85,800,86,800,73.0
2026-04-18 02:09:45 PM,KXATPCHALLENGERMATCH-26APR19KIRKEL-KIR,68,800,67,1315,66,811,7,10000,6,116,78,26,82,68,83,800,84,21,85,800,73.0
2026-04-18 02:09:45 PM,KXATPCHALLENGERMATCH-26APR19KIRKEL-KIR,68,800,67,1315,66,811,7,10000,6,116,82,68,83,800,84,21,85,800,86,800,75.0
2026-04-18 02:09:45 PM,KXATPCHALLENGERMATCH-26APR19KIRKEL-KIR,68,800,67,1315,66,811,7,10000,6,116,81,63,82,68,83,800,84,21,85,800,74.5
2026-04-18 02:09:46 PM,KXATPCHALLENGERMATCH-26APR19KIRKEL-KIR,68,800,67,1315,66,811,7,10000,6,116,81,63,82,68,83,800,85,800,86,800,74.5
2026-04-18 02:09:46 PM,KXATPCHALLENGERMATCH-26APR19KIRKEL-KIR,68,800,67,1315,66,811,7,10000,6,116,81,63,82,26,83,800,85,800,86,800,74.5
2026-04-18 02:09:46 PM,KXATPCHALLENGERMATCH-26APR19KIRKEL-KIR,68,800,67,1315,66,811,7,10000,6,116,80,47,81,63,82,26,83,800,85,800,74.0
2026-04-18 02:09:46 PM,KXATPCHALLENGERMATCH-26APR19KIRKEL-KIR,68,800,67,1315,66,811,7,10000,6,116,80,47,82,26,83,800,85,800,86,800,74.0
2026-04-18 02:09:46 PM,KXATPCHALLENGERMATCH-26APR19KIRKEL-KIR,68,800,67,1315,66,811,7,10000,6,116,79,57,80,47,82,26,83,800,85,800,73.5
2026-04-18 02:09:46 PM,KXATPCHALLENGERMATCH-26APR19KIRKEL-KIR,68,800,67,1315,66,811,7,10000,6,116,79,57,82,26,83,800,85,800,86,800,73.5
2026-04-18 02:09:46 PM,KXATPCHALLENGERMATCH-26APR19KIRKEL-KIR,68,800,67,1315,66,811,7,10000,6,116,78,26,79,57,82,26,83,800,85,800,73.0
2026-04-18 02:09:46 PM,KXATPCHALLENGERMATCH-26APR19KIRKEL-KIR,68,800,67,1315,66,811,7,10000,6,116,78,26,82,26,83,800,85,800,86,800,73.0
2026-04-18 02:09:47 PM,KXATPCHALLENGERMATCH-26APR19KIRKEL-KIR,68,800,67,1315,66,811,7,10000,6,116,78,26,82,68,83,800,85,800,86,800,73.0
2026-04-18 02:09:47 PM,KXATPCHALLENGERMATCH-26APR19KIRKEL-KIR,68,800,67,1315,66,811,7,10000,6,116,82,68,83,800,85,800,86,800,94,365,75.0
2026-04-18 02:09:47 PM,KXATPCHALLENGERMATCH-26APR19KIRKEL-KIR,68,800,67,1315,66,811,7,10000,6,116,82,68,83,800,84,21,85,800,86,800,75.0
2026-04-18 02:09:47 PM,KXATPCHALLENGERMATCH-26APR19KIRKEL-KIR,68,800,67,1315,66,811,7,10000,6,116,81,63,82,68,83,800,84,21,85,800,74.5
2026-04-18 02:09:47 PM,KXATPCHALLENGERMATCH-26APR19KIRKEL-KIR,68,800,67,1315,66,811,7,10000,6,116,81,63,82,68,83,800,85,800,86,800,74.5
2026-04-18 02:09:47 PM,KXATPCHALLENGERMATCH-26APR19KIRKEL-KIR,68,800,67,1315,66,811,7,10000,6,116,81,63,82,42,83,800,85,800,86,800,74.5
2026-04-18 02:09:47 PM,KXATPCHALLENGERMATCH-26APR19KIRKEL-KIR,68,800,67,1315,66,811,7,10000,6,116,81,63,83,800,85,800,86,800,94,365,74.5
2026-04-18 02:09:47 PM,KXATPCHALLENGERMATCH-26APR19KIRKEL-KIR,68,800,67,1315,66,811,7,10000,6,116,80,47,81,63,83,800,85,800,86,800,74.0
2026-04-18 02:09:47 PM,KXATPCHALLENGERMATCH-26APR19KIRKEL-KIR,68,800,67,1315,66,811,7,10000,6,116,80,47,83,800,85,800,86,800,94,365,74.0
2026-04-18 02:09:47 PM,KXATPCHALLENGERMATCH-26APR19KIRKEL-KIR,68,800,67,1315,66,811,7,10000,6,116,79,57,80,47,83,800,85,800,86,800,73.5
2026-04-18 02:09:48 PM,KXATPCHALLENGERMATCH-26APR19KIRKEL-KIR,68,800,67,1315,66,811,7,10000,6,116,79,57,83,800,85,800,86,800,94,365,73.5
2026-04-18 02:09:48 PM,KXATPCHALLENGERMATCH-26APR19KIRKEL-KIR,68,800,67,1315,66,811,7,10000,6,116,78,26,79,57,83,800,85,800,86,800,73.0
2026-04-18 02:09:48 PM,KXATPCHALLENGERMATCH-26APR19KIRKEL-KIR,68,800,67,1315,66,811,7,10000,6,116,78,26,79,57,82,42,83,800,85,800,73.0
2026-04-18 02:09:48 PM,KXATPCHALLENGERMATCH-26APR19KIRKEL-KIR,68,800,67,1315,66,811,7,10000,6,116,78,26,82,42,83,800,85,800,86,800,73.0
2026-04-18 02:09:48 PM,KXATPCHALLENGERMATCH-26APR19KIRKEL-KIR,68,800,67,1315,66,811,7,10000,6,116,78,26,82,68,83,800,85,800,86,800,73.0
2026-04-18 02:09:48 PM,KXATPCHALLENGERMATCH-26APR19KIRKEL-KIR,68,800,67,1315,66,811,7,10000,6,116,82,68,83,800,85,800,86,800,94,365,75.0
2026-04-18 02:09:49 PM,KXATPCHALLENGERMATCH-26APR19KIRKEL-KIR,68,800,67,1315,66,800,7,10000,6,116,82,68,83,800,85,800,86,800,94,365,75.0
2026-04-18 02:09:49 PM,KXATPCHALLENGERMATCH-26APR19KIRKEL-KIR,68,805,67,1315,66,800,7,10000,6,116,82,68,83,800,85,800,86,800,94,365,75.0
2026-04-18 02:09:49 PM,KXATPCHALLENGERMATCH-26APR19KIRKEL-KIR,68,805,67,1315,66,800,7,10000,6,116,82,68,83,800,84,21,85,800,86,800,75.0
2026-04-18 02:09:49 PM,KXATPCHALLENGERMATCH-26APR19KIRKEL-KIR,68,805,67,1315,66,800,7,10000,6,116,81,63,82,68,83,800,84,21,85,800,74.5
2026-04-18 02:09:49 PM,KXATPCHALLENGERMATCH-26APR19KIRKEL-KIR,68,805,67,1315,66,811,7,10000,6,116,81,63,82,68,83,800,84,21,85,800,74.5
2026-04-18 02:09:49 PM,KXATPCHALLENGERMATCH-26APR19KIRKEL-KIR,68,805,67,1315,66,811,7,10000,6,116,80,47,81,63,82,68,83,800,84,21,74.0
2026-04-18 02:09:49 PM,KXATPCHALLENGERMATCH-26APR19KIRKEL-KIR,68,800,67,1315,66,811,7,10000,6,116,80,47,81,63,82,68,83,800,84,21,74.0
2026-04-18 02:09:49 PM,KXATPCHALLENGERMATCH-26APR19KIRKEL-KIR,68,800,67,1315,66,811,7,10000,6,116,80,47,81,63,82,68,83,800,85,800,74.0
2026-04-18 02:09:49 PM,KXATPCHALLENGERMATCH-26APR19KIRKEL-KIR,68,800,67,1315,66,811,7,10000,6,116,80,47,81,63,82,26,83,800,85,800,74.0
2026-04-18 02:09:49 PM,KXATPCHALLENGERMATCH-26APR19KIRKEL-KIR,68,800,67,1315,66,811,7,10000,6,116,80,47,82,26,83,800,85,800,86,800,74.0
2026-04-18 02:09:49 PM,KXATPCHALLENGERMATCH-26APR19KIRKEL-KIR,68,800,67,1315,66,811,7,10000,6,116,79,57,80,47,82,26,83,800,85,800,73.5
2026-04-18 02:09:50 PM,KXATPCHALLENGERMATCH-26APR19KIRKEL-KIR,68,800,67,1315,66,811,7,10000,6,116,79,57,82,26,83,800,85,800,86,800,73.5
2026-04-18 02:09:50 PM,KXATPCHALLENGERMATCH-26APR19KIRKEL-KIR,68,800,67,1315,66,811,7,10000,6,116,78,26,79,57,82,26,83,800,85,800,73.0
2026-04-18 02:09:50 PM,KXATPCHALLENGERMATCH-26APR19KIRKEL-KIR,68,800,67,1315,66,811,7,10000,6,116,78,26,79,57,83,800,85,800,86,800,73.0
2026-04-18 02:09:50 PM,KXATPCHALLENGERMATCH-26APR19KIRKEL-KIR,68,800,67,1315,66,811,7,10000,6,116,78,26,79,67,83,800,85,800,86,800,73.0
2026-04-18 02:09:50 PM,KXATPCHALLENGERMATCH-26APR19KIRKEL-KIR,68,800,67,1315,66,811,7,10000,6,116,78,26,79,10,83,800,85,800,86,800,73.0
2026-04-18 02:09:50 PM,KXATPCHALLENGERMATCH-26APR19KIRKEL-KIR,68,800,67,1315,66,811,7,10000,6,116,79,10,83,800,85,800,86,800,94,365,73.5
2026-04-18 02:09:50 PM,KXATPCHALLENGERMATCH-26APR19KIRKEL-KIR,68,800,67,1315,66,811,7,10000,6,116,83,800,85,800,86,800,94,365,95,26,75.5
2026-04-18 02:09:50 PM,KXATPCHALLENGERMATCH-26APR19KIRKEL-KIR,68,800,67,1315,66,811,7,10000,6,116,82,68,83,800,85,800,86,800,94,365,75.0
2026-04-18 02:09:50 PM,KXATPCHALLENGERMATCH-26APR19KIRKEL-KIR,68,800,67,1315,66,811,7,10000,6,116,82,68,83,800,84,21,85,800,86,800,75.0
2026-04-18 02:09:50 PM,KXATPCHALLENGERMATCH-26APR19KIRKEL-KIR,68,800,67,1315,66,811,7,10000,6,116,81,63,82,68,83,800,84,21,85,800,74.5
2026-04-18 02:09:51 PM,KXATPCHALLENGERMATCH-26APR19KIRKEL-KIR,68,805,67,1315,66,811,7,10000,6,116,81,63,82,68,83,800,84,21,85,800,74.5
2026-04-18 02:09:51 PM,KXATPCHALLENGERMATCH-26APR19KIRKEL-KIR,68,805,67,1315,66,811,7,10000,6,116,81,63,82,68,83,800,85,800,86,800,74.5
2026-04-18 02:09:51 PM,KXATPCHALLENGERMATCH-26APR19KIRKEL-KIR,68,805,67,1315,66,811,7,10000,6,116,81,63,83,800,85,800,86,800,94,365,74.5
2026-04-18 02:09:51 PM,KXATPCHALLENGERMATCH-26APR19KIRKEL-KIR,68,805,67,1315,66,811,7,10000,6,116,80,47,81,63,83,800,85,800,86,800,74.0
2026-04-18 02:09:51 PM,KXATPCHALLENGERMATCH-26APR19KIRKEL-KIR,68,805,67,1315,66,811,7,10000,6,116,80,47,81,63,82,21,83,800,85,800,74.0
2026-04-18 02:09:51 PM,KXATPCHALLENGERMATCH-26APR19KIRKEL-KIR,68,800,67,1315,66,811,7,10000,6,116,80,47,81,63,82,21,83,800,85,800,74.0
2026-04-18 02:09:52 PM,KXATPCHALLENGERMATCH-26APR19KIRKEL-KIR,68,800,67,1315,66,811,7,10000,6,116,80,47,82,21,83,800,85,800,86,800,74.0
2026-04-18 02:09:52 PM,KXATPCHALLENGERMATCH-26APR19KIRKEL-KIR,68,800,67,1315,66,811,7,10000,6,116,79,57,80,47,82,21,83,800,85,800,73.5
2026-04-18 02:09:52 PM,KXATPCHALLENGERMATCH-26APR19KIRKEL-KIR,68,800,67,1315,66,811,7,10000,6,116,79,57,82,21,83,800,85,800,86,800,73.5
2026-04-18 02:09:52 PM,KXATPCHALLENGERMATCH-26APR19KIRKEL-KIR,68,800,67,1315,66,811,7,10000,6,116,78,26,79,57,82,21,83,800,85,800,73.0
2026-04-18 02:09:52 PM,KXATPCHALLENGERMATCH-26APR19KIRKEL-KIR,68,800,67,1315,66,811,7,10000,6,116,78,26,79,57,82,42,83,800,85,800,73.0
2026-04-18 02:09:52 PM,KXATPCHALLENGERMATCH-26APR19KIRKEL-KIR,68,800,67,1315,66,811,7,10000,6,116,78,26,82,42,83,800,85,800,86,800,73.0
2026-04-18 02:09:52 PM,KXATPCHALLENGERMATCH-26APR19KIRKEL-KIR,68,800,67,1315,66,811,7,10000,6,116,82,42,83,800,85,800,86,800,94,365,75.0
2026-04-18 02:09:52 PM,KXATPCHALLENGERMATCH-26APR19KIRKEL-KIR,68,800,67,1315,66,811,7,10000,6,116,77,15,82,42,83,800,85,800,86,800,72.5
2026-04-18 02:09:53 PM,KXATPCHALLENGERMATCH-26APR19KIRKEL-KIR,68,800,67,1315,66,811,7,10000,6,116,77,15,82,68,83,800,85,800,86,800,72.5
2026-04-18 02:09:53 PM,KXATPCHALLENGERMATCH-26APR19KIRKEL-KIR,68,800,67,1315,66,811,7,10000,6,116,77,15,82,68,83,800,84,21,85,800,72.5
2026-04-18 02:09:53 PM,KXATPCHALLENGERMATCH-26APR19KIRKEL-KIR,68,800,67,1315,66,811,7,10000,6,116,82,68,83,800,84,21,85,800,86,800,75.0
2026-04-18 02:09:53 PM,KXATPCHALLENGERMATCH-26APR19KIRKEL-KIR,68,800,67,1315,66,811,7,10000,6,116,81,63,82,68,83,800,84,21,85,800,74.5
2026-04-18 02:09:53 PM,KXATPCHALLENGERMATCH-26APR19KIRKEL-KIR,68,800,67,1315,66,811,7,10000,6,116,80,47,81,63,82,68,83,800,84,21,74.0
2026-04-18 02:09:53 PM,KXATPCHALLENGERMATCH-26APR19KIRKEL-KIR,68,800,67,1315,66,811,7,10000,6,116,80,47,81,63,82,68,83,800,85,800,74.0
2026-04-18 02:09:53 PM,KXATPCHALLENGERMATCH-26APR19KIRKEL-KIR,68,800,67,1315,66,811,7,10000,6,116,80,47,81,63,82,47,83,800,85,800,74.0
2026-04-18 02:09:53 PM,KXATPCHALLENGERMATCH-26APR19KIRKEL-KIR,68,800,67,1315,66,811,7,10000,6,116,80,47,81,63,82,26,83,800,85,800,74.0
2026-04-18 02:09:54 PM,KXATPCHALLENGERMATCH-26APR19KIRKEL-KIR,68,800,67,1315,66,811,7,10000,6,116,80,47,82,26,83,800,85,800,86,800,74.0
2026-04-18 02:09:54 PM,KXATPCHALLENGERMATCH-26APR19KIRKEL-KIR,68,800,67,1315,66,811,7,10000,6,116,79,57,80,47,82,26,83,800,85,800,73.5
2026-04-18 02:09:54 PM,KXATPCHALLENGERMATCH-26APR19KIRKEL-KIR,68,800,67,1315,66,811,7,10000,6,116,79,57,82,26,83,800,85,800,86,800,73.5
2026-04-18 02:09:54 PM,KXATPCHALLENGERMATCH-26APR19KIRKEL-KIR,68,800,67,1315,66,811,7,10000,6,116,78,26,79,57,82,26,83,800,85,800,73.0
2026-04-18 02:09:54 PM,KXATPCHALLENGERMATCH-26APR19KIRKEL-KIR,68,800,67,1315,66,811,7,10000,6,116,78,26,79,57,82,42,83,800,85,800,73.0
2026-04-18 02:09:54 PM,KXATPCHALLENGERMATCH-26APR19KIRKEL-KIR,68,800,67,1315,66,811,7,10000,6,116,78,26,82,42,83,800,85,800,86,800,73.0
2026-04-18 02:09:54 PM,KXATPCHALLENGERMATCH-26APR19KIRKEL-KIR,68,800,67,1315,66,811,7,10000,6,116,78,26,82,68,83,800,85,800,86,800,73.0
2026-04-18 02:09:54 PM,KXATPCHALLENGERMATCH-26APR19KIRKEL-KIR,68,800,67,1315,66,811,7,10000,6,116,82,68,83,800,85,800,86,800,94,365,75.0
2026-04-18 02:09:54 PM,KXATPCHALLENGERMATCH-26APR19KIRKEL-KIR,68,800,67,1315,66,811,7,10000,6,116,82,68,83,800,84,21,85,800,86,800,75.0
2026-04-18 02:09:55 PM,KXATPCHALLENGERMATCH-26APR19KIRKEL-KIR,68,800,67,1315,66,811,7,10000,6,116,81,63,82,68,83,800,84,21,85,800,74.5
2026-04-18 02:09:55 PM,KXATPCHALLENGERMATCH-26APR19KIRKEL-KIR,68,800,67,1315,66,811,7,10000,6,116,80,47,81,63,82,68,83,800,84,21,74.0
2026-04-18 02:09:55 PM,KXATPCHALLENGERMATCH-26APR19KIRKEL-KIR,68,800,67,1315,66,811,7,10000,6,116,80,47,81,63,82,68,83,800,85,800,74.0
2026-04-18 02:09:55 PM,KXATPCHALLENGERMATCH-26APR19KIRKEL-KIR,68,800,67,1315,66,811,7,10000,6,116,80,47,81,63,82,42,83,800,85,800,74.0
2026-04-18 02:09:55 PM,KXATPCHALLENGERMATCH-26APR19KIRKEL-KIR,68,800,67,1315,66,811,7,10000,6,116,80,47,81,63,82,26,83,800,85,800,74.0
2026-04-18 02:09:55 PM,KXATPCHALLENGERMATCH-26APR19KIRKEL-KIR,68,800,67,1315,66,811,7,10000,6,116,80,47,82,26,83,800,85,800,86,800,74.0
2026-04-18 02:09:55 PM,KXATPCHALLENGERMATCH-26APR19KIRKEL-KIR,68,800,67,1315,66,811,7,10000,6,116,79,57,80,47,82,26,83,800,85,800,73.5
2026-04-18 02:09:55 PM,KXATPCHALLENGERMATCH-26APR19KIRKEL-KIR,68,800,67,1315,66,811,7,10000,6,116,78,26,79,57,80,47,82,26,83,800,73.0
2026-04-18 02:09:55 PM,KXATPCHALLENGERMATCH-26APR19KIRKEL-KIR,68,800,67,1315,66,811,7,10000,6,116,78,26,79,57,80,47,82,42,83,800,73.0
2026-04-18 02:09:55 PM,KXATPCHALLENGERMATCH-26APR19KIRKEL-KIR,68,800,67,1315,66,811,7,10000,6,116,78,26,79,57,82,42,83,800,85,800,73.0
2026-04-18 02:09:56 PM,KXATPCHALLENGERMATCH-26APR19KIRKEL-KIR,68,800,67,1315,66,811,7,10000,6,116,78,26,82,42,83,800,85,800,86,800,73.0
2026-04-18 02:09:56 PM,KXATPCHALLENGERMATCH-26APR19KIRKEL-KIR,68,800,67,1315,66,811,7,10000,6,116,82,42,83,800,85,800,86,800,94,365,75.0
2026-04-18 02:09:56 PM,KXATPCHALLENGERMATCH-26APR19KIRKEL-KIR,68,800,67,1315,66,811,7,10000,6,116,82,68,83,800,85,800,86,800,94,365,75.0
2026-04-18 02:09:56 PM,KXATPCHALLENGERMATCH-26APR19KIRKEL-KIR,68,800,67,1315,66,811,7,10000,6,116,82,68,83,800,84,21,85,800,86,800,75.0
2026-04-18 02:09:56 PM,KXATPCHALLENGERMATCH-26APR19KIRKEL-KIR,68,800,67,1315,66,811,7,10000,6,116,81,63,82,68,83,800,84,21,85,800,74.5
2026-04-18 02:09:56 PM,KXATPCHALLENGERMATCH-26APR19KIRKEL-KIR,68,800,67,1315,66,811,7,10000,6,116,81,63,82,68,83,800,85,800,86,800,74.5
2026-04-18 02:09:56 PM,KXATPCHALLENGERMATCH-26APR19KIRKEL-KIR,68,800,67,1315,66,811,7,10000,6,116,81,63,82,42,83,800,85,800,86,800,74.5
2026-04-18 02:09:56 PM,KXATPCHALLENGERMATCH-26APR19KIRKEL-KIR,68,800,67,1315,66,811,7,10000,6,116,81,63,82,26,83,800,85,800,86,800,74.5
2026-04-18 02:09:56 PM,KXATPCHALLENGERMATCH-26APR19KIRKEL-KIR,68,800,67,1315,66,811,7,10000,6,116,81,63,83,800,85,800,86,800,94,365,74.5
2026-04-18 02:09:56 PM,KXATPCHALLENGERMATCH-26APR19KIRKEL-KIR,68,800,67,1315,66,811,7,10000,6,116,80,47,81,63,83,800,85,800,86,800,74.0
2026-04-18 02:09:56 PM,KXATPCHALLENGERMATCH-26APR19KIRKEL-KIR,68,800,67,1315,66,811,7,10000,6,116,80,47,81,74,83,800,85,800,86,800,74.0
2026-04-18 02:09:57 PM,KXATPCHALLENGERMATCH-26APR19KIRKEL-KIR,68,800,67,1315,66,811,7,10000,6,116,80,47,81,11,83,800,85,800,86,800,74.0
2026-04-18 02:09:57 PM,KXATPCHALLENGERMATCH-26APR19KIRKEL-KIR,68,800,67,1315,66,811,7,10000,6,116,79,57,80,47,81,11,83,800,85,800,73.5
2026-04-18 02:09:57 PM,KXATPCHALLENGERMATCH-26APR19KIRKEL-KIR,68,800,67,1315,66,811,7,10000,6,116,78,26,79,57,80,47,81,11,83,800,73.0
2026-04-18 02:09:57 PM,KXATPCHALLENGERMATCH-26APR19KIRKEL-KIR,68,800,67,1315,66,811,7,10000,6,116,78,26,79,57,80,47,81,11,82,42,73.0
2026-04-18 02:09:57 PM,KXATPCHALLENGERMATCH-26APR19KIRKEL-KIR,68,800,67,1315,66,811,7,10000,6,116,78,26,79,57,81,11,82,42,83,800,73.0
2026-04-18 02:09:57 PM,KXATPCHALLENGERMATCH-26APR19KIRKEL-KIR,68,800,67,1315,66,811,7,10000,6,116,78,26,79,57,82,42,83,800,85,800,73.0
2026-04-18 02:09:57 PM,KXATPCHALLENGERMATCH-26APR19KIRKEL-KIR,68,800,67,1315,66,811,7,10000,6,116,78,26,82,42,83,800,85,800,86,800,73.0
2026-04-18 02:09:57 PM,KXATPCHALLENGERMATCH-26APR19KIRKEL-KIR,68,800,67,1315,66,811,7,10000,6,116,78,26,82,68,83,800,85,800,86,800,73.0
2026-04-18 02:09:57 PM,KXATPCHALLENGERMATCH-26APR19KIRKEL-KIR,68,800,67,1315,66,811,7,10000,6,116,82,68,83,800,85,800,86,800,94,365,75.0
2026-04-18 02:09:57 PM,KXATPCHALLENGERMATCH-26APR19KIRKEL-KIR,68,800,67,1315,66,811,7,10000,6,116,82,68,83,800,84,21,85,800,86,800,75.0
2026-04-18 02:09:58 PM,KXATPCHALLENGERMATCH-26APR19KIRKEL-KIR,68,800,67,1315,66,811,7,10000,6,116,81,63,82,68,83,800,84,21,85,800,74.5
2026-04-18 02:09:58 PM,KXATPCHALLENGERMATCH-26APR19KIRKEL-KIR,68,800,67,1315,66,811,7,10000,6,116,80,47,81,63,82,68,83,800,84,21,74.0
2026-04-18 02:09:58 PM,KXATPCHALLENGERMATCH-26APR19KIRKEL-KIR,68,800,67,1315,66,811,7,10000,6,116,80,47,81,63,82,68,83,800,85,800,74.0
2026-04-18 02:09:58 PM,KXATPCHALLENGERMATCH-26APR19KIRKEL-KIR,68,800,67,1315,66,811,7,10000,6,116,80,47,81,63,82,26,83,800,85,800,74.0
2026-04-18 02:09:58 PM,KXATPCHALLENGERMATCH-26APR19KIRKEL-KIR,68,800,67,1315,66,811,7,10000,6,116,80,47,82,26,83,800,85,800,86,800,74.0
2026-04-18 02:09:58 PM,KXATPCHALLENGERMATCH-26APR19KIRKEL-KIR,68,800,67,1315,66,811,7,10000,6,116,79,57,80,47,82,26,83,800,85,800,73.5
2026-04-18 02:09:58 PM,KXATPCHALLENGERMATCH-26APR19KIRKEL-KIR,68,800,67,1315,66,811,7,10000,6,116,79,57,82,26,83,800,85,800,86,800,73.5
2026-04-18 02:09:58 PM,KXATPCHALLENGERMATCH-26APR19KIRKEL-KIR,68,800,67,1315,66,811,7,10000,6,116,78,26,79,57,82,26,83,800,85,800,73.0
2026-04-18 02:09:58 PM,KXATPCHALLENGERMATCH-26APR19KIRKEL-KIR,68,800,67,1315,66,811,7,10000,6,116,78,26,79,67,82,26,83,800,85,800,73.0
2026-04-18 02:09:58 PM,KXATPCHALLENGERMATCH-26APR19KIRKEL-KIR,68,800,67,1315,66,811,7,10000,6,116,78,26,79,67,83,800,85,800,86,800,73.0
2026-04-18 02:09:59 PM,KXATPCHALLENGERMATCH-26APR19KIRKEL-KIR,68,800,67,1315,66,811,7,10000,6,116,78,26,79,10,83,800,85,800,86,800,73.0
2026-04-18 02:09:59 PM,KXATPCHALLENGERMATCH-26APR19KIRKEL-KIR,68,800,67,1315,66,811,7,10000,6,116,78,26,79,10,82,68,83,800,85,800,73.0
2026-04-18 02:09:59 PM,KXATPCHALLENGERMATCH-26APR19KIRKEL-KIR,68,800,67,1315,66,811,7,10000,6,116,79,10,82,68,83,800,85,800,86,800,73.5
2026-04-18 02:09:59 PM,KXATPCHALLENGERMATCH-26APR19KIRKEL-KIR,68,800,67,1315,66,811,7,10000,6,116,82,68,83,800,85,800,86,800,94,365,75.0
2026-04-18 02:09:59 PM,KXATPCHALLENGERMATCH-26APR19KIRKEL-KIR,68,800,67,1315,66,811,7,10000,6,116,81,63,82,68,83,800,85,800,86,800,74.5
2026-04-18 02:09:59 PM,KXATPCHALLENGERMATCH-26APR19KIRKEL-KIR,68,800,67,1315,66,811,7,10000,6,116,80,47,81,63,82,68,83,800,85,800,74.0
2026-04-18 02:09:59 PM,KXATPCHALLENGERMATCH-26APR19KIRKEL-KIR,68,800,67,1315,66,811,7,10000,6,116,80,47,81,63,83,800,85,800,86,800,74.0
2026-04-18 02:10:00 PM,KXATPCHALLENGERMATCH-26APR19KIRKEL-KIR,68,800,67,1315,66,811,7,10000,6,116,80,47,83,800,85,800,86,800,94,365,74.0
2026-04-18 02:10:00 PM,KXATPCHALLENGERMATCH-26APR19KIRKEL-KIR,68,800,67,1315,66,811,7,10000,6,116,79,57,80,47,83,800,85,800,86,800,73.5
2026-04-18 02:10:00 PM,KXATPCHALLENGERMATCH-26APR19KIRKEL-KIR,68,800,67,1315,66,811,7,10000,6,116,78,26,79,57,80,47,83,800,85,800,73.0
2026-04-18 02:10:00 PM,KXATPCHALLENGERMATCH-26APR19KIRKEL-KIR,68,800,67,1315,66,811,7,10000,6,116,78,26,79,57,83,800,85,800,86,800,73.0
2026-04-18 02:10:00 PM,KXATPCHALLENGERMATCH-26APR19KIRKEL-KIR,68,800,67,1315,66,811,7,10000,6,116,78,26,83,800,85,800,86,800,94,365,73.0
2026-04-18 02:10:00 PM,KXATPCHALLENGERMATCH-26APR19KIRKEL-KIR,68,800,67,1315,66,811,7,10000,6,116,78,26,82,68,83,800,85,800,86,800,73.0
2026-04-18 02:10:00 PM,KXATPCHALLENGERMATCH-26APR19KIRKEL-KIR,68,800,67,1315,66,811,7,10000,6,116,82,68,83,800,85,800,86,800,94,365,75.0
2026-04-18 02:10:01 PM,KXATPCHALLENGERMATCH-26APR19KIRKEL-KIR,68,800,67,1315,66,811,7,10000,6,116,81,63,82,68,83,800,85,800,86,800,74.5
2026-04-18 02:10:01 PM,KXATPCHALLENGERMATCH-26APR19KIRKEL-KIR,68,800,67,1315,66,811,7,10000,6,116,81,63,83,800,85,800,86,800,94,365,74.5
2026-04-18 02:10:01 PM,KXATPCHALLENGERMATCH-26APR19KIRKEL-KIR,68,800,67,1315,66,811,7,10000,6,116,77,15,81,63,83,800,85,800,86,800,72.5
2026-04-18 02:10:01 PM,KXATPCHALLENGERMATCH-26APR19KIRKEL-KIR,68,800,67,1315,66,811,7,10000,6,116,77,15,83,800,85,800,86,800,94,365,72.5
2026-04-18 02:10:01 PM,KXATPCHALLENGERMATCH-26APR19KIRKEL-KIR,68,800,67,1315,66,811,7,10000,6,116,77,15,80,47,83,800,85,800,86,800,72.5
2026-04-18 02:10:01 PM,KXATPCHALLENGERMATCH-26APR19KIRKEL-KIR,68,800,67,1315,66,811,7,10000,6,116,80,47,83,800,85,800,86,800,94,365,74.0
2026-04-18 02:10:02 PM,KXATPCHALLENGERMATCH-26APR19KIRKEL-KIR,68,800,67,1315,66,811,7,10000,6,116,79,57,80,47,83,800,85,800,86,800,73.5
2026-04-18 02:10:02 PM,KXATPCHALLENGERMATCH-26APR19KIRKEL-KIR,68,800,67,1315,66,811,7,10000,6,116,78,26,79,57,80,47,83,800,85,800,73.0
2026-04-18 02:10:02 PM,KXATPCHALLENGERMATCH-26APR19KIRKEL-KIR,68,800,67,1315,66,811,7,10000,6,116,78,26,79,57,80,47,82,42,83,800,73.0
2026-04-18 02:10:02 PM,KXATPCHALLENGERMATCH-26APR19KIRKEL-KIR,68,800,67,1315,66,811,7,10000,6,116,78,26,79,57,82,42,83,800,85,800,73.0
2026-04-18 02:10:02 PM,KXATPCHALLENGERMATCH-26APR19KIRKEL-KIR,68,800,67,1315,66,811,7,10000,6,116,78,26,82,42,83,800,85,800,86,800,73.0
2026-04-18 02:10:02 PM,KXATPCHALLENGERMATCH-26APR19KIRKEL-KIR,68,800,67,1315,66,811,7,10000,6,116,78,26,82,68,83,800,85,800,86,800,73.0
2026-04-18 02:10:02 PM,KXATPCHALLENGERMATCH-26APR19KIRKEL-KIR,68,800,67,1315,66,811,7,10000,6,116,78,26,82,68,83,800,84,21,85,800,73.0
2026-04-18 02:10:02 PM,KXATPCHALLENGERMATCH-26APR19KIRKEL-KIR,68,800,67,1315,66,811,7,10000,6,116,82,68,83,800,84,21,85,800,86,800,75.0
2026-04-18 02:10:03 PM,KXATPCHALLENGERMATCH-26APR19KIRKEL-KIR,68,800,67,1315,66,811,7,10000,6,116,81,63,82,68,83,800,84,21,85,800,74.5
2026-04-18 02:10:03 PM,KXATPCHALLENGERMATCH-26APR19KIRKEL-KIR,68,800,67,1315,66,811,7,10000,6,116,81,63,82,68,83,800,85,800,86,800,74.5
2026-04-18 02:10:03 PM,KXATPCHALLENGERMATCH-26APR19KIRKEL-KIR,68,800,67,1315,66,811,7,10000,6,116,80,47,81,63,82,68,83,800,85,800,74.0
2026-04-18 02:10:03 PM,KXATPCHALLENGERMATCH-26APR19KIRKEL-KIR,68,800,67,1315,66,811,7,10000,6,116,80,47,81,63,82,26,83,800,85,800,74.0
2026-04-18 02:10:03 PM,KXATPCHALLENGERMATCH-26APR19KIRKEL-KIR,68,800,67,1315,66,811,7,10000,6,116,80,47,82,26,83,800,85,800,86,800,74.0
2026-04-18 02:10:03 PM,KXATPCHALLENGERMATCH-26APR19KIRKEL-KIR,68,800,67,1315,66,811,7,10000,6,116,79,57,80,47,82,26,83,800,85,800,73.5
2026-04-18 02:10:03 PM,KXATPCHALLENGERMATCH-26APR19KIRKEL-KIR,68,800,67,1315,66,811,7,10000,6,116,79,57,82,26,83,800,85,800,86,800,73.5
2026-04-18 02:10:03 PM,KXATPCHALLENGERMATCH-26APR19KIRKEL-KIR,68,800,67,1315,66,811,7,10000,6,116,79,57,83,800,85,800,86,800,94,365,73.5
2026-04-18 02:10:03 PM,KXATPCHALLENGERMATCH-26APR19KIRKEL-KIR,68,800,67,1315,66,811,7,10000,6,116,78,26,79,57,83,800,85,800,86,800,73.0
2026-04-18 02:10:03 PM,KXATPCHALLENGERMATCH-26APR19KIRKEL-KIR,68,800,67,1315,66,811,7,10000,6,116,78,26,79,67,83,800,85,800,86,800,73.0
2026-04-18 02:10:04 PM,KXATPCHALLENGERMATCH-26APR19KIRKEL-KIR,68,800,67,1315,66,811,7,10000,6,116,78,26,79,10,83,800,85,800,86,800,73.0
2026-04-18 02:10:04 PM,KXATPCHALLENGERMATCH-26APR19KIRKEL-KIR,68,800,67,1315,66,811,7,10000,6,116,78,26,79,10,82,68,83,800,85,800,73.0
2026-04-18 02:10:04 PM,KXATPCHALLENGERMATCH-26APR19KIRKEL-KIR,68,800,67,1315,66,811,7,10000,6,116,79,10,82,68,83,800,85,800,86,800,73.5
2026-04-18 02:10:04 PM,KXATPCHALLENGERMATCH-26APR19KIRKEL-KIR,68,800,67,1315,66,811,7,10000,6,116,82,68,83,800,85,800,86,800,94,365,75.0
2026-04-18 02:10:04 PM,KXATPCHALLENGERMATCH-26APR19KIRKEL-KIR,68,800,67,1315,66,811,7,10000,6,116,81,63,82,68,83,800,85,800,86,800,74.5
2026-04-18 02:10:04 PM,KXATPCHALLENGERMATCH-26APR19KIRKEL-KIR,68,800,67,1315,66,811,7,10000,6,116,81,63,83,800,85,800,86,800,94,365,74.5
2026-04-18 02:10:04 PM,KXATPCHALLENGERMATCH-26APR19KIRKEL-KIR,68,800,67,1315,66,811,7,10000,6,116,80,47,81,63,83,800,85,800,86,800,74.0
2026-04-18 02:10:05 PM,KXATPCHALLENGERMATCH-26APR19KIRKEL-KIR,68,800,67,1315,66,811,7,10000,6,116,80,47,83,800,85,800,86,800,94,365,74.0
2026-04-18 02:10:05 PM,KXATPCHALLENGERMATCH-26APR19KIRKEL-KIR,68,800,67,1315,66,811,7,10000,6,116,79,57,80,47,83,800,85,800,86,800,73.5
2026-04-18 02:10:05 PM,KXATPCHALLENGERMATCH-26APR19KIRKEL-KIR,68,800,67,1315,66,811,7,10000,6,116,79,57,83,800,85,800,86,800,94,365,73.5
2026-04-18 02:10:05 PM,KXATPCHALLENGERMATCH-26APR19KIRKEL-KIR,68,800,67,1315,66,811,7,10000,6,116,78,26,79,57,83,800,85,800,86,800,73.0
2026-04-18 02:10:05 PM,KXATPCHALLENGERMATCH-26APR19KIRKEL-KIR,68,800,67,1315,66,811,7,10000,6,116,78,26,79,57,82,42,83,800,85,800,73.0
2026-04-18 02:10:05 PM,KXATPCHALLENGERMATCH-26APR19KIRKEL-KIR,68,800,67,1315,66,811,7,10000,6,116,78,26,82,42,83,800,85,800,86,800,73.0
2026-04-18 02:10:05 PM,KXATPCHALLENGERMATCH-26APR19KIRKEL-KIR,68,800,67,1315,66,811,7,10000,6,116,78,26,82,68,83,800,85,800,86,800,73.0
2026-04-18 02:10:05 PM,KXATPCHALLENGERMATCH-26APR19KIRKEL-KIR,68,800,67,1315,66,811,7,10000,6,116,82,68,83,800,85,800,86,800,94,365,75.0
2026-04-18 02:10:05 PM,KXATPCHALLENGERMATCH-26APR19KIRKEL-KIR,68,800,67,1315,66,811,7,10000,6,116,82,68,83,800,84,21,85,800,86,800,75.0
2026-04-18 02:10:06 PM,KXATPCHALLENGERMATCH-26APR19KIRKEL-KIR,68,800,67,1315,66,800,7,10000,6,116,82,68,83,800,84,21,85,800,86,800,75.0
2026-04-18 02:10:06 PM,KXATPCHALLENGERMATCH-26APR19KIRKEL-KIR,68,805,67,1315,66,800,7,10000,6,116,82,68,83,800,84,21,85,800,86,800,75.0
2026-04-18 02:10:06 PM,KXATPCHALLENGERMATCH-26APR19KIRKEL-KIR,68,805,67,1315,66,800,7,10000,6,116,81,63,82,68,83,800,84,21,85,800,74.5
2026-04-18 02:10:07 PM,KXATPCHALLENGERMATCH-26APR19KIRKEL-KIR,68,800,67,1315,66,800,7,10000,6,116,81,63,82,68,83,800,84,21,85,800,74.5
2026-04-18 02:10:07 PM,KXATPCHALLENGERMATCH-26APR19KIRKEL-KIR,68,800,67,1315,66,800,7,10000,6,116,81,63,82,68,83,800,85,800,86,800,74.5
2026-04-18 02:10:07 PM,KXATPCHALLENGERMATCH-26APR19KIRKEL-KIR,68,800,67,1315,66,800,7,10000,6,116,81,63,82,26,83,800,85,800,86,800,74.5
2026-04-18 02:10:07 PM,KXATPCHALLENGERMATCH-26APR19KIRKEL-KIR,68,800,67,1315,66,811,7,10000,6,116,81,63,82,26,83,800,85,800,86,800,74.5
2026-04-18 02:10:07 PM,KXATPCHALLENGERMATCH-26APR19KIRKEL-KIR,68,800,67,1315,66,811,7,10000,6,116,80,47,81,63,82,26,83,800,85,800,74.0
2026-04-18 02:10:07 PM,KXATPCHALLENGERMATCH-26APR19KIRKEL-KIR,68,800,67,1315,66,811,7,10000,6,116,80,47,82,26,83,800,85,800,86,800,74.0
2026-04-18 02:10:07 PM,KXATPCHALLENGERMATCH-26APR19KIRKEL-KIR,68,800,67,1315,66,811,7,10000,6,116,79,57,80,47,82,26,83,800,85,800,73.5
2026-04-18 02:10:07 PM,KXATPCHALLENGERMATCH-26APR19KIRKEL-KIR,68,800,67,1315,66,811,7,10000,6,116,79,57,82,26,83,800,85,800,86,800,73.5
2026-04-18 02:10:07 PM,KXATPCHALLENGERMATCH-26APR19KIRKEL-KIR,68,800,67,1315,66,811,7,10000,6,116,78,26,79,57,82,26,83,800,85,800,73.0
2026-04-18 02:10:07 PM,KXATPCHALLENGERMATCH-26APR19KIRKEL-KIR,68,800,67,1315,66,811,7,10000,6,116,78,26,79,57,82,42,83,800,85,800,73.0
2026-04-18 02:10:07 PM,KXATPCHALLENGERMATCH-26APR19KIRKEL-KIR,68,800,67,1315,66,811,7,10000,6,116,78,26,82,42,83,800,85,800,86,800,73.0
2026-04-18 02:10:08 PM,KXATPCHALLENGERMATCH-26APR19KIRKEL-KIR,68,800,67,1315,66,811,7,10000,6,116,82,42,83,800,85,800,86,800,94,365,75.0
2026-04-18 02:10:08 PM,KXATPCHALLENGERMATCH-26APR19KIRKEL-KIR,68,800,67,1315,66,811,7,10000,6,116,82,68,83,800,85,800,86,800,94,365,75.0
2026-04-18 02:10:08 PM,KXATPCHALLENGERMATCH-26APR19KIRKEL-KIR,68,800,67,1315,66,811,7,10000,6,116,82,68,83,800,84,21,85,800,86,800,75.0
2026-04-18 02:10:08 PM,KXATPCHALLENGERMATCH-26APR19KIRKEL-KIR,68,800,67,1315,66,811,7,10000,6,116,81,63,82,68,83,800,84,21,85,800,74.5
2026-04-18 02:10:08 PM,KXATPCHALLENGERMATCH-26APR19KIRKEL-KIR,68,800,67,1315,66,811,7,10000,6,116,81,63,82,68,83,800,85,800,86,800,74.5
2026-04-18 02:10:08 PM,KXATPCHALLENGERMATCH-26APR19KIRKEL-KIR,68,800,67,1315,66,811,7,10000,6,116,80,47,81,63,82,68,83,800,85,800,74.0
2026-04-18 02:10:08 PM,KXATPCHALLENGERMATCH-26APR19KIRKEL-KIR,68,800,67,1315,66,811,7,10000,6,116,80,47,81,63,82,42,83,800,85,800,74.0
2026-04-18 02:10:08 PM,KXATPCHALLENGERMATCH-26APR19KIRKEL-KIR,68,800,67,1315,66,811,7,10000,6,116,80,47,81,63,82,26,83,800,85,800,74.0
2026-04-18 02:10:08 PM,KXATPCHALLENGERMATCH-26APR19KIRKEL-KIR,68,800,67,1315,66,811,7,10000,6,116,80,47,82,26,83,800,85,800,86,800,74.0
2026-04-18 02:10:08 PM,KXATPCHALLENGERMATCH-26APR19KIRKEL-KIR,68,800,67,1315,66,811,7,10000,6,116,79,57,80,47,82,26,83,800,85,800,73.5
2026-04-18 02:10:09 PM,KXATPCHALLENGERMATCH-26APR19KIRKEL-KIR,68,800,67,1315,66,811,7,10000,6,116,79,57,82,26,83,800,85,800,86,800,73.5
2026-04-18 02:10:09 PM,KXATPCHALLENGERMATCH-26APR19KIRKEL-KIR,68,800,67,1315,66,811,7,10000,6,116,78,26,79,57,82,26,83,800,85,800,73.0
2026-04-18 02:10:09 PM,KXATPCHALLENGERMATCH-26APR19KIRKEL-KIR,68,800,67,1315,66,811,7,10000,6,116,78,26,79,57,82,42,83,800,85,800,73.0
2026-04-18 02:10:09 PM,KXATPCHALLENGERMATCH-26APR19KIRKEL-KIR,68,800,67,1315,66,811,7,10000,6,116,78,26,82,42,83,800,85,800,86,800,73.0
2026-04-18 02:10:09 PM,KXATPCHALLENGERMATCH-26APR19KIRKEL-KIR,68,800,67,1315,66,811,7,10000,6,116,82,42,83,800,85,800,86,800,94,365,75.0
2026-04-18 02:10:09 PM,KXATPCHALLENGERMATCH-26APR19KIRKEL-KIR,68,800,67,1315,66,811,7,10000,6,116,82,68,83,800,85,800,86,800,94,365,75.0
2026-04-18 02:10:09 PM,KXATPCHALLENGERMATCH-26APR19KIRKEL-KIR,68,800,67,1315,66,811,7,10000,6,116,82,68,83,800,84,21,85,800,86,800,75.0
2026-04-18 02:10:09 PM,KXATPCHALLENGERMATCH-26APR19KIRKEL-KIR,68,800,67,1315,66,811,7,10000,6,116,81,63,82,68,83,800,84,21,85,800,74.5
2026-04-18 02:10:10 PM,KXATPCHALLENGERMATCH-26APR19KIRKEL-KIR,68,800,67,1315,66,811,7,10000,6,116,80,47,81,63,82,68,83,800,84,21,74.0
2026-04-18 02:10:10 PM,KXATPCHALLENGERMATCH-26APR19KIRKEL-KIR,68,800,67,1315,66,811,7,10000,6,116,80,47,81,63,82,68,83,800,85,800,74.0
2026-04-18 02:10:10 PM,KXATPCHALLENGERMATCH-26APR19KIRKEL-KIR,68,800,67,1315,66,811,7,10000,6,116,80,47,81,63,82,42,83,800,85,800,74.0
2026-04-18 02:10:10 PM,KXATPCHALLENGERMATCH-26APR19KIRKEL-KIR,68,800,67,1315,66,811,7,10000,6,116,80,47,81,63,82,26,83,800,85,800,74.0
2026-04-18 02:10:10 PM,KXATPCHALLENGERMATCH-26APR19KIRKEL-KIR,68,800,67,1315,66,811,7,10000,6,116,80,47,82,26,83,800,85,800,86,800,74.0
2026-04-18 02:10:10 PM,KXATPCHALLENGERMATCH-26APR19KIRKEL-KIR,68,800,67,1315,66,811,7,10000,6,116,79,57,80,47,82,26,83,800,85,800,73.5
2026-04-18 02:10:10 PM,KXATPCHALLENGERMATCH-26APR19KIRKEL-KIR,68,800,67,1315,66,811,7,10000,6,116,78,26,79,57,80,47,82,26,83,800,73.0
2026-04-18 02:10:10 PM,KXATPCHALLENGERMATCH-26APR19KIRKEL-KIR,68,800,67,1315,66,811,7,10000,6,116,78,26,79,57,80,47,82,42,83,800,73.0
2026-04-18 02:10:10 PM,KXATPCHALLENGERMATCH-26APR19KIRKEL-KIR,68,800,67,1315,66,811,7,10000,6,116,78,26,79,57,82,42,83,800,85,800,73.0
2026-04-18 02:10:10 PM,KXATPCHALLENGERMATCH-26APR19KIRKEL-KIR,68,800,67,1315,66,811,7,10000,6,116,78,26,82,42,83,800,85,800,86,800,73.0
2026-04-18 02:10:11 PM,KXATPCHALLENGERMATCH-26APR19KIRKEL-KIR,68,800,67,1315,66,811,7,10000,6,116,78,26,82,68,83,800,85,800,86,800,73.0
2026-04-18 02:10:11 PM,KXATPCHALLENGERMATCH-26APR19KIRKEL-KIR,68,800,67,1315,66,811,7,10000,6,116,78,26,82,68,83,800,84,21,85,800,73.0
2026-04-18 02:10:11 PM,KXATPCHALLENGERMATCH-26APR19KIRKEL-KIR,68,800,67,1315,66,811,7,10000,6,116,82,68,83,800,84,21,85,800,86,800,75.0
2026-04-18 02:10:11 PM,KXATPCHALLENGERMATCH-26APR19KIRKEL-KIR,68,800,67,1315,66,811,7,10000,6,116,81,63,82,68,83,800,84,21,85,800,74.5
2026-04-18 02:10:11 PM,KXATPCHALLENGERMATCH-26APR19KIRKEL-KIR,68,800,67,1315,66,811,7,10000,6,116,81,63,82,68,83,800,85,800,86,800,74.5
2026-04-18 02:10:11 PM,KXATPCHALLENGERMATCH-26APR19KIRKEL-KIR,68,800,67,1315,66,811,7,10000,6,116,80,47,81,63,82,68,83,800,85,800,74.0
2026-04-18 02:10:11 PM,KXATPCHALLENGERMATCH-26APR19KIRKEL-KIR,68,800,67,1315,66,811,7,10000,6,116,80,47,81,63,82,42,83,800,85,800,74.0
2026-04-18 02:10:11 PM,KXATPCHALLENGERMATCH-26APR19KIRKEL-KIR,68,800,67,1315,66,811,7,10000,6,116,80,47,81,63,82,26,83,800,85,800,74.0
2026-04-18 02:10:11 PM,KXATPCHALLENGERMATCH-26APR19KIRKEL-KIR,68,800,67,1315,66,811,7,10000,6,116,80,47,82,26,83,800,85,800,86,800,74.0
2026-04-18 02:10:11 PM,KXATPCHALLENGERMATCH-26APR19KIRKEL-KIR,68,800,67,1315,66,811,7,10000,6,116,79,57,80,47,82,26,83,800,85,800,73.5
2026-04-18 02:10:12 PM,KXATPCHALLENGERMATCH-26APR19KIRKEL-KIR,68,800,67,1315,66,811,7,10000,6,116,78,26,79,57,80,47,82,26,83,800,73.0
2026-04-18 02:10:12 PM,KXATPCHALLENGERMATCH-26APR19KIRKEL-KIR,68,800,67,1315,66,811,7,10000,6,116,78,26,79,57,80,47,82,42,83,800,73.0
2026-04-18 02:10:12 PM,KXATPCHALLENGERMATCH-26APR19KIRKEL-KIR,68,800,67,1315,66,811,7,10000,6,116,78,26,79,57,82,42,83,800,85,800,73.0
2026-04-18 02:10:12 PM,KXATPCHALLENGERMATCH-26APR19KIRKEL-KIR,68,800,67,1315,66,811,7,10000,6,116,78,26,82,42,83,800,85,800,86,800,73.0
2026-04-18 02:10:12 PM,KXATPCHALLENGERMATCH-26APR19KIRKEL-KIR,68,800,67,1315,66,811,7,10000,6,116,78,26,82,68,83,800,85,800,86,800,73.0
2026-04-18 02:10:12 PM,KXATPCHALLENGERMATCH-26APR19KIRKEL-KIR,68,800,67,1315,66,811,7,10000,6,116,78,26,82,68,83,800,84,21,85,800,73.0
2026-04-18 02:10:12 PM,KXATPCHALLENGERMATCH-26APR19KIRKEL-KIR,68,800,67,1315,66,811,7,10000,6,116,82,68,83,800,84,21,85,800,86,800,75.0
2026-04-18 02:10:12 PM,KXATPCHALLENGERMATCH-26APR19KIRKEL-KIR,68,800,67,1315,66,811,7,10000,6,116,81,63,82,68,83,800,84,21,85,800,74.5
2026-04-18 02:10:13 PM,KXATPCHALLENGERMATCH-26APR19KIRKEL-KIR,68,800,67,1315,66,811,7,10000,6,116,80,47,81,63,82,68,83,800,84,21,74.0
2026-04-18 02:10:13 PM,KXATPCHALLENGERMATCH-26APR19KIRKEL-KIR,68,800,67,1315,66,811,7,10000,6,116,80,47,81,63,82,68,83,800,85,800,74.0
2026-04-18 02:10:13 PM,KXATPCHALLENGERMATCH-26APR19KIRKEL-KIR,68,800,67,1315,66,811,7,10000,6,116,80,47,81,63,82,42,83,800,85,800,74.0
2026-04-18 02:10:13 PM,KXATPCHALLENGERMATCH-26APR19KIRKEL-KIR,68,800,67,1315,66,811,7,10000,6,116,80,47,81,63,82,26,83,800,85,800,74.0
2026-04-18 02:10:13 PM,KXATPCHALLENGERMATCH-26APR19KIRKEL-KIR,68,800,67,1315,66,811,7,10000,6,116,80,47,82,26,83,800,85,800,86,800,74.0
2026-04-18 02:10:13 PM,KXATPCHALLENGERMATCH-26APR19KIRKEL-KIR,68,800,67,1315,66,811,7,10000,6,116,79,57,80,47,82,26,83,800,85,800,73.5
2026-04-18 02:10:13 PM,KXATPCHALLENGERMATCH-26APR19KIRKEL-KIR,68,800,67,1315,66,811,7,10000,6,116,79,57,82,26,83,800,85,800,86,800,73.5
2026-04-18 02:10:13 PM,KXATPCHALLENGERMATCH-26APR19KIRKEL-KIR,68,800,67,1315,66,811,7,10000,6,116,78,26,79,57,82,26,83,800,85,800,73.0
2026-04-18 02:10:13 PM,KXATPCHALLENGERMATCH-26APR19KIRKEL-KIR,68,800,67,1315,66,811,7,10000,6,116,78,26,79,57,82,42,83,800,85,800,73.0
2026-04-18 02:10:13 PM,KXATPCHALLENGERMATCH-26APR19KIRKEL-KIR,68,800,67,1315,66,811,7,10000,6,116,78,26,82,42,83,800,85,800,86,800,73.0
2026-04-18 02:10:14 PM,KXATPCHALLENGERMATCH-26APR19KIRKEL-KIR,68,800,67,1315,66,811,7,10000,6,116,78,26,82,68,83,800,85,800,86,800,73.0
2026-04-18 02:10:14 PM,KXATPCHALLENGERMATCH-26APR19KIRKEL-KIR,68,800,67,1315,66,811,7,10000,6,116,78,26,82,68,83,800,84,21,85,800,73.0
2026-04-18 02:10:14 PM,KXATPCHALLENGERMATCH-26APR19KIRKEL-KIR,68,800,67,1315,66,811,7,10000,6,116,82,68,83,800,84,21,85,800,86,800,75.0
2026-04-18 02:10:14 PM,KXATPCHALLENGERMATCH-26APR19KIRKEL-KIR,68,800,67,1315,66,811,7,10000,6,116,81,63,82,68,83,800,84,21,85,800,74.5
2026-04-18 02:10:14 PM,KXATPCHALLENGERMATCH-26APR19KIRKEL-KIR,68,800,67,1315,66,811,7,10000,6,116,80,47,81,63,82,68,83,800,84,21,74.0
2026-04-18 02:10:14 PM,KXATPCHALLENGERMATCH-26APR19KIRKEL-KIR,68,800,67,1315,66,811,7,10000,6,116,80,47,81,63,82,68,83,800,85,800,74.0
2026-04-18 02:10:14 PM,KXATPCHALLENGERMATCH-26APR19KIRKEL-KIR,68,800,67,1315,66,811,7,10000,6,116,80,47,81,63,82,42,83,800,85,800,74.0
2026-04-18 02:10:14 PM,KXATPCHALLENGERMATCH-26APR19KIRKEL-KIR,68,800,67,1315,66,811,7,10000,6,116,80,47,81,63,82,26,83,800,85,800,74.0
2026-04-18 02:10:14 PM,KXATPCHALLENGERMATCH-26APR19KIRKEL-KIR,68,800,67,1315,66,811,7,10000,6,116,80,47,82,26,83,800,85,800,86,800,74.0
2026-04-18 02:10:14 PM,KXATPCHALLENGERMATCH-26APR19KIRKEL-KIR,68,800,67,1315,66,811,7,10000,6,116,79,57,80,47,82,26,83,800,85,800,73.5
2026-04-18 02:10:15 PM,KXATPCHALLENGERMATCH-26APR19KIRKEL-KIR,68,800,67,1315,66,811,7,10000,6,116,79,57,82,26,83,800,85,800,86,800,73.5
2026-04-18 02:10:15 PM,KXATPCHALLENGERMATCH-26APR19KIRKEL-KIR,68,800,67,1315,66,811,7,10000,6,116,78,26,79,57,82,26,83,800,85,800,73.0
2026-04-18 02:10:15 PM,KXATPCHALLENGERMATCH-26APR19KIRKEL-KIR,68,800,67,1315,66,811,7,10000,6,116,78,26,79,57,82,42,83,800,85,800,73.0
2026-04-18 02:10:15 PM,KXATPCHALLENGERMATCH-26APR19KIRKEL-KIR,68,800,67,1315,66,811,7,10000,6,116,78,26,82,42,83,800,85,800,86,800,73.0
2026-04-18 02:10:15 PM,KXATPCHALLENGERMATCH-26APR19KIRKEL-KIR,68,800,67,1315,66,811,7,10000,6,116,78,26,82,68,83,800,85,800,86,800,73.0
2026-04-18 02:10:15 PM,KXATPCHALLENGERMATCH-26APR19KIRKEL-KIR,68,800,67,1315,66,811,7,10000,6,116,78,26,82,68,83,800,84,21,85,800,73.0
2026-04-18 02:10:15 PM,KXATPCHALLENGERMATCH-26APR19KIRKEL-KIR,68,800,67,1315,66,811,7,10000,6,116,82,68,83,800,84,21,85,800,86,800,75.0
2026-04-18 02:10:15 PM,KXATPCHALLENGERMATCH-26APR19KIRKEL-KIR,68,800,67,1315,66,811,30,11,7,10000,82,68,83,800,84,21,85,800,86,800,75.0
2026-04-18 02:10:15 PM,KXATPCHALLENGERMATCH-26APR19KIRKEL-KIR,68,800,67,1315,66,811,30,11,7,10000,81,63,82,68,83,800,84,21,85,800,74.5
2026-04-18 02:10:15 PM,KXATPCHALLENGERMATCH-26APR19KIRKEL-KIR,68,800,67,1315,66,811,30,11,22,11,81,63,82,68,83,800,84,21,85,800,74.5
2026-04-18 02:10:16 PM,KXATPCHALLENGERMATCH-26APR19KIRKEL-KIR,68,800,67,1315,66,811,30,11,22,11,81,63,82,68,83,800,85,800,86,800,74.5
2026-04-18 02:10:16 PM,KXATPCHALLENGERMATCH-26APR19KIRKEL-KIR,68,800,67,1315,66,811,30,11,22,11,81,63,82,42,83,800,85,800,86,800,74.5
2026-04-18 02:10:16 PM,KXATPCHALLENGERMATCH-26APR19KIRKEL-KIR,68,800,67,1315,66,811,30,11,22,11,81,63,82,26,83,800,85,800,86,800,74.5
2026-04-18 02:10:16 PM,KXATPCHALLENGERMATCH-26APR19KIRKEL-KIR,68,800,67,1315,66,811,30,11,22,11,80,47,81,63,82,26,83,800,85,800,74.0
2026-04-18 02:10:16 PM,KXATPCHALLENGERMATCH-26APR19KIRKEL-KIR,68,800,67,1315,66,811,30,11,22,11,80,47,82,26,83,800,85,800,86,800,74.0
2026-04-18 02:10:16 PM,KXATPCHALLENGERMATCH-26APR19KIRKEL-KIR,68,800,67,1315,66,811,30,11,22,11,79,57,80,47,82,26,83,800,85,800,73.5
2026-04-18 02:10:16 PM,KXATPCHALLENGERMATCH-26APR19KIRKEL-KIR,68,800,67,1315,66,811,30,11,22,11,78,26,79,57,80,47,82,26,83,800,73.0
2026-04-18 02:10:16 PM,KXATPCHALLENGERMATCH-26APR19KIRKEL-KIR,68,800,67,1315,66,811,30,11,22,11,78,26,79,57,80,47,82,42,83,800,73.0
2026-04-18 02:10:16 PM,KXATPCHALLENGERMATCH-26APR19KIRKEL-KIR,68,800,67,1315,66,811,30,11,22,11,78,26,79,57,82,42,83,800,85,800,73.0
2026-04-18 02:10:16 PM,KXATPCHALLENGERMATCH-26APR19KIRKEL-KIR,68,800,67,1315,66,811,30,11,22,11,78,26,82,42,83,800,85,800,86,800,73.0
2026-04-18 02:10:17 PM,KXATPCHALLENGERMATCH-26APR19KIRKEL-KIR,68,800,67,1315,66,811,30,11,22,11,82,42,83,800,85,800,86,800,94,365,75.0
2026-04-18 02:10:17 PM,KXATPCHALLENGERMATCH-26APR19KIRKEL-KIR,68,800,67,1315,66,811,30,11,22,11,82,68,83,800,85,800,86,800,94,365,75.0
2026-04-18 02:10:17 PM,KXATPCHALLENGERMATCH-26APR19KIRKEL-KIR,68,800,67,1315,66,811,30,11,22,11,82,68,83,800,84,21,85,800,86,800,75.0
2026-04-18 02:10:17 PM,KXATPCHALLENGERMATCH-26APR19KIRKEL-KIR,68,800,67,1315,66,811,30,11,22,11,81,63,82,68,83,800,84,21,85,800,74.5
2026-04-18 02:10:17 PM,KXATPCHALLENGERMATCH-26APR19KIRKEL-KIR,68,800,67,1315,66,811,30,11,22,11,81,63,82,68,83,800,85,800,86,800,74.5
2026-04-18 02:10:17 PM,KXATPCHALLENGERMATCH-26APR19KIRKEL-KIR,68,800,67,1315,66,811,30,11,22,11,80,47,81,63,82,68,83,800,85,800,74.0
2026-04-18 02:10:17 PM,KXATPCHALLENGERMATCH-26APR19KIRKEL-KIR,68,800,67,1315,66,811,30,11,22,11,80,47,81,63,82,42,83,800,85,800,74.0
2026-04-18 02:10:17 PM,KXATPCHALLENGERMATCH-26APR19KIRKEL-KIR,68,800,67,1315,66,811,30,11,22,11,80,47,81,63,82,26,83,800,85,800,74.0
2026-04-18 02:10:17 PM,KXATPCHALLENGERMATCH-26APR19KIRKEL-KIR,68,800,67,1315,66,811,30,11,22,11,80,47,82,26,83,800,85,800,86,800,74.0
2026-04-18 02:10:17 PM,KXATPCHALLENGERMATCH-26APR19KIRKEL-KIR,68,800,67,1315,66,811,30,11,22,11,79,57,80,47,82,26,83,800,85,800,73.5
2026-04-18 02:10:18 PM,KXATPCHALLENGERMATCH-26APR19KIRKEL-KIR,68,800,67,1315,66,811,30,11,22,11,78,26,79,57,80,47,82,26,83,800,73.0
2026-04-18 02:10:18 PM,KXATPCHALLENGERMATCH-26APR19KIRKEL-KIR,68,800,67,1315,66,811,30,11,22,11,78,26,79,57,80,47,82,42,83,800,73.0
2026-04-18 02:10:18 PM,KXATPCHALLENGERMATCH-26APR19KIRKEL-KIR,68,800,67,1315,66,811,30,11,22,11,78,26,79,57,82,42,83,800,85,800,73.0
2026-04-18 02:10:18 PM,KXATPCHALLENGERMATCH-26APR19KIRKEL-KIR,68,800,67,1315,66,811,30,11,22,11,78,26,82,42,83,800,85,800,86,800,73.0
2026-04-18 02:10:18 PM,KXATPCHALLENGERMATCH-26APR19KIRKEL-KIR,68,800,67,1315,66,811,30,11,22,11,82,42,83,800,85,800,86,800,94,365,75.0
2026-04-18 02:10:18 PM,KXATPCHALLENGERMATCH-26APR19KIRKEL-KIR,68,800,67,1315,66,811,30,11,22,11,77,15,82,42,83,800,85,800,86,800,72.5
2026-04-18 02:10:18 PM,KXATPCHALLENGERMATCH-26APR19KIRKEL-KIR,68,800,67,1315,66,811,30,11,22,11,77,15,81,63,82,42,83,800,85,800,72.5
2026-04-18 02:10:18 PM,KXATPCHALLENGERMATCH-26APR19KIRKEL-KIR,68,800,67,1315,66,811,30,11,22,11,77,15,82,42,83,800,85,800,86,800,72.5
2026-04-18 02:10:19 PM,KXATPCHALLENGERMATCH-26APR19KIRKEL-KIR,68,800,67,1315,66,811,30,11,22,11,77,15,82,68,83,800,85,800,86,800,72.5
2026-04-18 02:10:19 PM,KXATPCHALLENGERMATCH-26APR19KIRKEL-KIR,68,800,67,1315,66,811,30,11,22,11,82,68,83,800,85,800,86,800,94,365,75.0
2026-04-18 02:10:19 PM,KXATPCHALLENGERMATCH-26APR19KIRKEL-KIR,68,800,67,1315,66,811,30,11,22,11,81,63,82,68,83,800,85,800,86,800,74.5
2026-04-18 02:10:19 PM,KXATPCHALLENGERMATCH-26APR19KIRKEL-KIR,68,800,67,1315,66,811,30,11,22,11,81,63,82,42,83,800,85,800,86,800,74.5
2026-04-18 02:10:19 PM,KXATPCHALLENGERMATCH-26APR19KIRKEL-KIR,68,800,67,1315,66,811,30,11,22,11,80,47,81,63,82,42,83,800,85,800,74.0
2026-04-18 02:10:19 PM,KXATPCHALLENGERMATCH-26APR19KIRKEL-KIR,68,800,67,1315,66,811,30,11,22,11,80,47,81,63,82,26,83,800,85,800,74.0
2026-04-18 02:10:19 PM,KXATPCHALLENGERMATCH-26APR19KIRKEL-KIR,68,800,67,1315,66,811,30,11,22,11,80,47,82,26,83,800,85,800,86,800,74.0
2026-04-18 02:10:19 PM,KXATPCHALLENGERMATCH-26APR19KIRKEL-KIR,68,800,67,1315,66,811,30,11,22,11,79,57,80,47,82,26,83,800,85,800,73.5
2026-04-18 02:10:20 PM,KXATPCHALLENGERMATCH-26APR19KIRKEL-KIR,68,800,67,1315,66,811,30,11,22,11,78,26,79,57,80,47,82,26,83,800,73.0
2026-04-18 02:10:20 PM,KXATPCHALLENGERMATCH-26APR19KIRKEL-KIR,68,800,67,1315,66,811,30,11,22,11,78,26,79,57,80,47,82,42,83,800,73.0
2026-04-18 02:10:20 PM,KXATPCHALLENGERMATCH-26APR19KIRKEL-KIR,68,800,67,1315,66,811,30,11,22,11,78,26,79,57,82,42,83,800,85,800,73.0
2026-04-18 02:10:20 PM,KXATPCHALLENGERMATCH-26APR19KIRKEL-KIR,68,800,67,1315,66,811,30,11,22,11,78,26,82,42,83,800,85,800,86,800,73.0
2026-04-18 02:10:20 PM,KXATPCHALLENGERMATCH-26APR19KIRKEL-KIR,68,800,67,1315,66,811,30,11,22,11,82,42,83,800,85,800,86,800,94,365,75.0
2026-04-18 02:10:20 PM,KXATPCHALLENGERMATCH-26APR19KIRKEL-KIR,68,800,67,1315,66,811,30,11,22,11,82,68,83,800,85,800,86,800,94,365,75.0
2026-04-18 02:10:20 PM,KXATPCHALLENGERMATCH-26APR19KIRKEL-KIR,68,800,67,1315,66,811,30,11,22,11,82,68,83,800,84,21,85,800,86,800,75.0
2026-04-18 02:10:20 PM,KXATPCHALLENGERMATCH-26APR19KIRKEL-KIR,68,800,67,1315,66,811,30,11,22,11,81,63,82,68,83,800,84,21,85,800,74.5
2026-04-18 02:10:21 PM,KXATPCHALLENGERMATCH-26APR19KIRKEL-KIR,68,800,67,1315,66,811,30,11,22,11,80,47,81,63,82,68,83,800,84,21,74.0
2026-04-18 02:10:21 PM,KXATPCHALLENGERMATCH-26APR19KIRKEL-KIR,68,800,67,1315,66,811,30,11,22,11,80,47,81,63,82,68,83,800,85,800,74.0
2026-04-18 02:10:21 PM,KXATPCHALLENGERMATCH-26APR19KIRKEL-KIR,68,800,67,1315,66,811,30,11,22,11,80,47,81,63,82,42,83,800,85,800,74.0
2026-04-18 02:10:21 PM,KXATPCHALLENGERMATCH-26APR19KIRKEL-KIR,68,800,67,1315,66,811,30,11,22,11,80,47,81,63,82,26,83,800,85,800,74.0
2026-04-18 02:10:21 PM,KXATPCHALLENGERMATCH-26APR19KIRKEL-KIR,68,800,67,1315,66,811,30,11,22,11,80,47,82,26,83,800,85,800,86,800,74.0
2026-04-18 02:10:21 PM,KXATPCHALLENGERMATCH-26APR19KIRKEL-KIR,68,800,67,1315,66,811,30,11,22,11,79,57,80,47,82,26,83,800,85,800,73.5
2026-04-18 02:10:21 PM,KXATPCHALLENGERMATCH-26APR19KIRKEL-KIR,68,800,67,1315,66,811,30,11,22,11,79,57,82,26,83,800,85,800,86,800,73.5
2026-04-18 02:10:21 PM,KXATPCHALLENGERMATCH-26APR19KIRKEL-KIR,68,800,67,1315,66,811,30,11,22,11,78,26,79,57,82,26,83,800,85,800,73.0
2026-04-18 02:10:21 PM,KXATPCHALLENGERMATCH-26APR19KIRKEL-KIR,68,800,67,1315,66,811,30,11,22,11,78,26,79,57,82,42,83,800,85,800,73.0
2026-04-18 02:10:21 PM,KXATPCHALLENGERMATCH-26APR19KIRKEL-KIR,68,800,67,1315,66,811,30,11,22,11,78,26,82,42,83,800,85,800,86,800,73.0
2026-04-18 02:10:22 PM,KXATPCHALLENGERMATCH-26APR19KIRKEL-KIR,68,800,67,1315,66,811,30,11,22,11,82,42,83,800,85,800,86,800,94,365,75.0
2026-04-18 02:10:22 PM,KXATPCHALLENGERMATCH-26APR19KIRKEL-KIR,68,800,67,1315,66,800,30,11,22,11,82,42,83,800,85,800,86,800,94,365,75.0
2026-04-18 02:10:22 PM,KXATPCHALLENGERMATCH-26APR19KIRKEL-KIR,68,800,67,1315,66,800,30,11,22,11,81,63,82,42,83,800,85,800,86,800,74.5
2026-04-18 02:10:22 PM,KXATPCHALLENGERMATCH-26APR19KIRKEL-KIR,68,805,67,1315,66,800,30,11,22,11,81,63,82,42,83,800,85,800,86,800,74.5
2026-04-18 02:10:22 PM,KXATPCHALLENGERMATCH-26APR19KIRKEL-KIR,68,800,67,1315,66,800,30,11,22,11,81,63,82,42,83,800,85,800,86,800,74.5
2026-04-18 02:10:22 PM,KXATPCHALLENGERMATCH-26APR19KIRKEL-KIR,68,800,67,1315,66,800,30,11,22,11,81,63,82,16,83,800,85,800,86,800,74.5
2026-04-18 02:10:22 PM,KXATPCHALLENGERMATCH-26APR19KIRKEL-KIR,68,800,67,1315,66,811,30,11,22,11,81,63,82,16,83,800,85,800,86,800,74.5
2026-04-18 02:11:54 PM,KXATPCHALLENGERMATCH-26APR19KIRKEL-KIR,68,800,67,1315,66,811,30,11,22,11,80,47,81,63,82,16,83,800,85,800,74.0
2026-04-18 02:11:55 PM,KXATPCHALLENGERMATCH-26APR19KIRKEL-KIR,68,800,67,1315,66,811,30,11,22,11,80,47,82,16,83,800,85,800,86,800,74.0
2026-04-18 02:11:55 PM,KXATPCHALLENGERMATCH-26APR19KIRKEL-KIR,68,800,67,1315,66,811,30,11,22,11,79,57,80,47,82,16,83,800,85,800,73.5
2026-04-18 02:11:55 PM,KXATPCHALLENGERMATCH-26APR19KIRKEL-KIR,68,800,67,1315,66,811,30,11,22,11,78,26,79,57,80,47,82,16,83,800,73.0
2026-04-18 02:11:55 PM,KXATPCHALLENGERMATCH-26APR19KIRKEL-KIR,68,800,67,1315,66,811,30,11,22,11,78,26,79,57,80,47,82,42,83,800,73.0
2026-04-18 02:11:55 PM,KXATPCHALLENGERMATCH-26APR19KIRKEL-KIR,68,800,67,1315,66,811,30,11,22,11,78,26,79,57,82,42,83,800,85,800,73.0
2026-04-18 02:11:55 PM,KXATPCHALLENGERMATCH-26APR19KIRKEL-KIR,68,800,67,1315,66,811,30,11,22,11,78,26,82,42,83,800,85,800,86,800,73.0
2026-04-18 02:11:55 PM,KXATPCHALLENGERMATCH-26APR19KIRKEL-KIR,68,800,67,1315,66,811,30,11,22,11,78,26,82,68,83,800,85,800,86,800,73.0
2026-04-18 02:11:55 PM,KXATPCHALLENGERMATCH-26APR19KIRKEL-KIR,68,800,67,1315,66,811,30,11,22,11,78,26,82,68,83,800,84,21,85,800,73.0
2026-04-18 02:11:55 PM,KXATPCHALLENGERMATCH-26APR19KIRKEL-KIR,68,800,67,1315,66,811,30,11,22,11,82,68,83,800,84,21,85,800,86,800,75.0
2026-04-18 02:11:56 PM,KXATPCHALLENGERMATCH-26APR19KIRKEL-KIR,68,800,67,1315,66,800,30,11,22,11,82,68,83,800,84,21,85,800,86,800,75.0
2026-04-18 02:11:56 PM,KXATPCHALLENGERMATCH-26APR19KIRKEL-KIR,68,805,67,1315,66,800,30,11,22,11,82,68,83,800,84,21,85,800,86,800,75.0
2026-04-18 02:11:58 PM,KXATPCHALLENGERMATCH-26APR19KIRKEL-KIR,68,805,67,1315,66,800,30,11,22,11,81,63,82,68,83,800,84,21,85,800,74.5
2026-04-18 02:11:58 PM,KXATPCHALLENGERMATCH-26APR19KIRKEL-KIR,68,800,67,1315,66,800,30,11,22,11,81,63,82,68,83,800,84,21,85,800,74.5
2026-04-18 02:11:58 PM,KXATPCHALLENGERMATCH-26APR19KIRKEL-KIR,68,800,67,1315,66,811,30,11,22,11,81,63,82,68,83,800,84,21,85,800,74.5
2026-04-18 02:11:58 PM,KXATPCHALLENGERMATCH-26APR19KIRKEL-KIR,68,800,67,1315,66,811,30,11,22,11,81,63,82,68,83,800,85,800,86,800,74.5
2026-04-18 02:11:58 PM,KXATPCHALLENGERMATCH-26APR19KIRKEL-KIR,68,800,67,1315,66,811,30,11,22,11,80,47,81,63,82,68,83,800,85,800,74.0
2026-04-18 02:11:58 PM,KXATPCHALLENGERMATCH-26APR19KIRKEL-KIR,68,800,67,1315,66,811,30,11,22,11,80,47,81,63,82,52,83,800,85,800,74.0
2026-04-18 02:11:58 PM,KXATPCHALLENGERMATCH-26APR19KIRKEL-KIR,68,800,67,1315,66,811,30,11,22,11,80,47,81,63,82,26,83,800,85,800,74.0
2026-04-18 02:11:59 PM,KXATPCHALLENGERMATCH-26APR19KIRKEL-KIR,68,800,67,1315,66,811,30,11,22,11,80,47,82,26,83,800,85,800,86,800,74.0
2026-04-18 02:11:59 PM,KXATPCHALLENGERMATCH-26APR19KIRKEL-KIR,68,800,67,1315,66,811,30,11,22,11,79,57,80,47,82,26,83,800,85,800,73.5
2026-04-18 02:11:59 PM,KXATPCHALLENGERMATCH-26APR19KIRKEL-KIR,68,800,67,1315,66,811,30,11,22,11,79,57,82,26,83,800,85,800,86,800,73.5
2026-04-18 02:11:59 PM,KXATPCHALLENGERMATCH-26APR19KIRKEL-KIR,68,800,67,1315,66,811,30,11,22,11,78,26,79,57,82,26,83,800,85,800,73.0
2026-04-18 02:11:59 PM,KXATPCHALLENGERMATCH-26APR19KIRKEL-KIR,68,800,67,1315,66,811,30,11,22,11,78,26,79,57,82,42,83,800,85,800,73.0
2026-04-18 02:11:59 PM,KXATPCHALLENGERMATCH-26APR19KIRKEL-KIR,68,800,67,1315,66,811,30,11,22,11,78,26,82,42,83,800,85,800,86,800,73.0
2026-04-18 02:11:59 PM,KXATPCHALLENGERMATCH-26APR19KIRKEL-KIR,68,800,67,1315,66,811,30,11,22,11,82,42,83,800,85,800,86,800,89,1,75.0
2026-04-18 02:11:59 PM,KXATPCHALLENGERMATCH-26APR19KIRKEL-KIR,68,800,67,1315,66,811,30,11,22,11,77,15,82,42,83,800,85,800,86,800,72.5
2026-04-18 02:12:00 PM,KXATPCHALLENGERMATCH-26APR19KIRKEL-KIR,68,800,67,1315,66,811,30,11,22,11,77,15,82,68,83,800,85,800,86,800,72.5
2026-04-18 02:12:00 PM,KXATPCHALLENGERMATCH-26APR19KIRKEL-KIR,68,800,67,1315,66,811,30,11,22,11,77,15,82,68,83,800,84,21,85,800,72.5
2026-04-18 02:12:00 PM,KXATPCHALLENGERMATCH-26APR19KIRKEL-KIR,68,800,67,1315,66,811,30,11,22,11,82,68,83,800,84,21,85,800,86,800,75.0
2026-04-18 02:12:00 PM,KXATPCHALLENGERMATCH-26APR19KIRKEL-KIR,68,800,67,1315,66,811,30,11,22,11,81,63,82,68,83,800,84,21,85,800,74.5
2026-04-18 02:12:00 PM,KXATPCHALLENGERMATCH-26APR19KIRKEL-KIR,68,800,67,1315,66,811,30,11,22,11,80,47,81,63,82,68,83,800,84,21,74.0
2026-04-18 02:12:00 PM,KXATPCHALLENGERMATCH-26APR19KIRKEL-KIR,68,800,67,1315,66,811,30,11,22,11,80,47,81,63,82,68,83,800,85,800,74.0
2026-04-18 02:12:00 PM,KXATPCHALLENGERMATCH-26APR19KIRKEL-KIR,68,800,67,1315,66,811,30,11,22,11,80,47,81,63,82,42,83,800,85,800,74.0
2026-04-18 02:12:00 PM,KXATPCHALLENGERMATCH-26APR19KIRKEL-KIR,68,800,67,1315,66,811,30,11,22,11,80,47,81,63,82,26,83,800,85,800,74.0
2026-04-18 02:12:01 PM,KXATPCHALLENGERMATCH-26APR19KIRKEL-KIR,68,800,67,1315,66,811,30,11,22,11,80,47,82,26,83,800,85,800,86,800,74.0
2026-04-18 02:12:01 PM,KXATPCHALLENGERMATCH-26APR19KIRKEL-KIR,68,800,67,1315,66,811,30,11,22,11,79,57,80,47,82,26,83,800,85,800,73.5
2026-04-18 02:12:01 PM,KXATPCHALLENGERMATCH-26APR19KIRKEL-KIR,68,800,67,1315,66,811,30,11,22,11,78,26,79,57,80,47,82,26,83,800,73.0
2026-04-18 02:12:01 PM,KXATPCHALLENGERMATCH-26APR19KIRKEL-KIR,68,800,67,1315,66,811,30,11,22,11,78,26,79,57,80,47,82,42,83,800,73.0
2026-04-18 02:12:01 PM,KXATPCHALLENGERMATCH-26APR19KIRKEL-KIR,68,800,67,1315,66,811,30,11,22,11,78,26,79,57,82,42,83,800,85,800,73.0
2026-04-18 02:12:01 PM,KXATPCHALLENGERMATCH-26APR19KIRKEL-KIR,68,800,67,1315,66,811,30,11,22,11,78,26,82,42,83,800,85,800,86,800,73.0
2026-04-18 02:12:01 PM,KXATPCHALLENGERMATCH-26APR19KIRKEL-KIR,68,800,67,1315,66,811,30,11,22,11,78,26,82,68,83,800,85,800,86,800,73.0
2026-04-18 02:12:01 PM,KXATPCHALLENGERMATCH-26APR19KIRKEL-KIR,68,800,67,1315,66,811,30,11,22,11,82,68,83,800,85,800,86,800,89,1,75.0
2026-04-18 02:12:01 PM,KXATPCHALLENGERMATCH-26APR19KIRKEL-KIR,68,800,67,1315,66,811,30,11,22,11,82,68,83,800,84,21,85,800,86,800,75.0
2026-04-18 02:12:02 PM,KXATPCHALLENGERMATCH-26APR19KIRKEL-KIR,68,800,67,1315,66,811,30,11,22,11,81,63,82,68,83,800,84,21,85,800,74.5
2026-04-18 02:12:02 PM,KXATPCHALLENGERMATCH-26APR19KIRKEL-KIR,68,800,67,1315,66,811,30,11,22,11,81,63,82,68,83,800,85,800,86,800,74.5
2026-04-18 02:12:02 PM,KXATPCHALLENGERMATCH-26APR19KIRKEL-KIR,68,800,67,1315,66,811,30,11,22,11,80,47,81,63,82,68,83,800,85,800,74.0
2026-04-18 02:12:02 PM,KXATPCHALLENGERMATCH-26APR19KIRKEL-KIR,68,800,67,1315,66,811,30,11,22,11,80,47,81,63,82,42,83,800,85,800,74.0
2026-04-18 02:12:02 PM,KXATPCHALLENGERMATCH-26APR19KIRKEL-KIR,68,800,67,1315,66,811,30,11,22,11,80,47,81,63,82,26,83,800,85,800,74.0
2026-04-18 02:12:02 PM,KXATPCHALLENGERMATCH-26APR19KIRKEL-KIR,68,800,67,1315,66,811,30,11,22,11,80,47,82,26,83,800,85,800,86,800,74.0
2026-04-18 02:12:02 PM,KXATPCHALLENGERMATCH-26APR19KIRKEL-KIR,68,800,67,1315,66,811,30,11,22,11,79,57,80,47,82,26,83,800,85,800,73.5
2026-04-18 02:12:02 PM,KXATPCHALLENGERMATCH-26APR19KIRKEL-KIR,68,800,67,1315,66,811,30,11,22,11,78,26,79,57,80,47,82,26,83,800,73.0
2026-04-18 02:12:02 PM,KXATPCHALLENGERMATCH-26APR19KIRKEL-KIR,68,800,67,1315,66,811,30,11,22,11,78,26,79,57,82,26,83,800,85,800,73.0
2026-04-18 02:12:02 PM,KXATPCHALLENGERMATCH-26APR19KIRKEL-KIR,68,800,67,1315,66,811,30,11,22,11,78,26,79,57,82,42,83,800,85,800,73.0
2026-04-18 02:12:03 PM,KXATPCHALLENGERMATCH-26APR19KIRKEL-KIR,68,800,67,1315,66,811,30,11,22,11,78,26,82,42,83,800,85,800,86,800,73.0
2026-04-18 02:12:03 PM,KXATPCHALLENGERMATCH-26APR19KIRKEL-KIR,68,800,67,1315,66,811,30,11,22,11,82,42,83,800,85,800,86,800,89,1,75.0
2026-04-18 02:12:03 PM,KXATPCHALLENGERMATCH-26APR19KIRKEL-KIR,68,800,67,1315,66,811,30,11,22,11,77,15,82,42,83,800,85,800,86,800,72.5
2026-04-18 02:12:03 PM,KXATPCHALLENGERMATCH-26APR19KIRKEL-KIR,68,800,67,1315,66,811,30,11,22,11,77,15,81,63,82,42,83,800,85,800,72.5
2026-04-18 02:12:03 PM,KXATPCHALLENGERMATCH-26APR19KIRKEL-KIR,68,800,67,1315,66,811,30,11,22,11,77,15,82,42,83,800,85,800,86,800,72.5
2026-04-18 02:12:03 PM,KXATPCHALLENGERMATCH-26APR19KIRKEL-KIR,68,800,67,1315,66,811,30,11,22,11,77,15,82,68,83,800,85,800,86,800,72.5
2026-04-18 02:12:03 PM,KXATPCHALLENGERMATCH-26APR19KIRKEL-KIR,68,800,67,1315,66,811,30,11,22,11,82,68,83,800,85,800,86,800,89,1,75.0
2026-04-18 02:12:04 PM,KXATPCHALLENGERMATCH-26APR19KIRKEL-KIR,68,800,67,1315,66,811,30,11,22,11,81,63,82,68,83,800,85,800,86,800,74.5
2026-04-18 02:12:04 PM,KXATPCHALLENGERMATCH-26APR19KIRKEL-KIR,68,800,67,1315,66,811,30,11,22,11,81,63,82,42,83,800,85,800,86,800,74.5
2026-04-18 02:12:04 PM,KXATPCHALLENGERMATCH-26APR19KIRKEL-KIR,68,800,67,1315,66,811,30,11,22,11,80,47,81,63,82,42,83,800,85,800,74.0
2026-04-18 02:12:04 PM,KXATPCHALLENGERMATCH-26APR19KIRKEL-KIR,68,800,67,1315,66,811,30,11,22,11,80,47,81,63,82,26,83,800,85,800,74.0
2026-04-18 02:12:04 PM,KXATPCHALLENGERMATCH-26APR19KIRKEL-KIR,68,800,67,1315,66,811,30,11,22,11,80,47,82,26,83,800,85,800,86,800,74.0
2026-04-18 02:12:04 PM,KXATPCHALLENGERMATCH-26APR19KIRKEL-KIR,68,800,67,1315,66,811,30,11,22,11,79,57,80,47,82,26,83,800,85,800,73.5
2026-04-18 02:12:04 PM,KXATPCHALLENGERMATCH-26APR19KIRKEL-KIR,68,800,67,1315,66,811,30,11,22,11,79,57,82,26,83,800,85,800,86,800,73.5
2026-04-18 02:12:04 PM,KXATPCHALLENGERMATCH-26APR19KIRKEL-KIR,68,800,67,1315,66,811,30,11,22,11,78,26,79,57,82,26,83,800,85,800,73.0
2026-04-18 02:12:04 PM,KXATPCHALLENGERMATCH-26APR19KIRKEL-KIR,68,800,67,1315,66,811,30,11,22,11,78,26,79,57,82,42,83,800,85,800,73.0
2026-04-18 02:12:05 PM,KXATPCHALLENGERMATCH-26APR19KIRKEL-KIR,68,800,67,1315,66,811,30,11,22,11,78,26,82,42,83,800,85,800,86,800,73.0
2026-04-18 02:12:05 PM,KXATPCHALLENGERMATCH-26APR19KIRKEL-KIR,68,800,67,1315,66,811,30,11,22,11,78,26,82,68,83,800,85,800,86,800,73.0
2026-04-18 02:12:05 PM,KXATPCHALLENGERMATCH-26APR19KIRKEL-KIR,68,800,67,1315,66,811,30,11,22,11,78,26,82,68,83,800,84,21,85,800,73.0
2026-04-18 02:12:05 PM,KXATPCHALLENGERMATCH-26APR19KIRKEL-KIR,68,800,67,1315,66,811,30,11,22,11,82,68,83,800,84,21,85,800,86,800,75.0
2026-04-18 02:12:05 PM,KXATPCHALLENGERMATCH-26APR19KIRKEL-KIR,68,800,67,1315,66,811,30,11,22,11,81,63,82,68,83,800,84,21,85,800,74.5
2026-04-18 02:12:05 PM,KXATPCHALLENGERMATCH-26APR19KIRKEL-KIR,68,800,67,1315,66,811,30,11,22,11,81,63,82,68,83,800,85,800,86,800,74.5
2026-04-18 02:12:05 PM,KXATPCHALLENGERMATCH-26APR19KIRKEL-KIR,68,800,67,1315,66,811,30,11,22,11,81,63,82,42,83,800,85,800,86,800,74.5
2026-04-18 02:12:05 PM,KXATPCHALLENGERMATCH-26APR19KIRKEL-KIR,68,800,67,1315,66,811,30,11,22,11,81,63,82,26,83,800,85,800,86,800,74.5
2026-04-18 02:12:05 PM,KXATPCHALLENGERMATCH-26APR19KIRKEL-KIR,68,800,67,1315,66,811,30,11,22,11,80,47,81,63,82,26,83,800,85,800,74.0
2026-04-18 02:12:05 PM,KXATPCHALLENGERMATCH-26APR19KIRKEL-KIR,68,800,67,1315,66,811,30,11,22,11,80,47,81,63,83,800,85,800,86,800,74.0
2026-04-18 02:12:05 PM,KXATPCHALLENGERMATCH-26APR19KIRKEL-KIR,68,800,67,1315,66,811,30,11,22,11,80,47,81,74,83,800,85,800,86,800,74.0
2026-04-18 02:12:06 PM,KXATPCHALLENGERMATCH-26APR19KIRKEL-KIR,68,800,67,1315,66,811,30,11,22,11,80,47,81,11,83,800,85,800,86,800,74.0
2026-04-18 02:12:06 PM,KXATPCHALLENGERMATCH-26APR19KIRKEL-KIR,68,800,67,1315,66,811,30,11,22,11,79,57,80,47,81,11,83,800,85,800,73.5
2026-04-18 02:12:06 PM,KXATPCHALLENGERMATCH-26APR19KIRKEL-KIR,68,800,67,1315,66,811,30,11,22,11,79,57,81,11,83,800,85,800,86,800,73.5
2026-04-18 02:12:06 PM,KXATPCHALLENGERMATCH-26APR19KIRKEL-KIR,68,800,67,1315,66,811,30,11,22,11,79,57,83,800,85,800,86,800,89,1,73.5
2026-04-18 02:12:06 PM,KXATPCHALLENGERMATCH-26APR19KIRKEL-KIR,68,800,67,1315,66,811,30,11,22,11,78,26,79,57,83,800,85,800,86,800,73.0
2026-04-18 02:12:06 PM,KXATPCHALLENGERMATCH-26APR19KIRKEL-KIR,68,800,67,1315,66,811,30,11,22,11,78,26,79,57,82,42,83,800,85,800,73.0
2026-04-18 02:12:06 PM,KXATPCHALLENGERMATCH-26APR19KIRKEL-KIR,68,800,67,1315,66,811,30,11,22,11,78,26,82,42,83,800,85,800,86,800,73.0
2026-04-18 02:12:06 PM,KXATPCHALLENGERMATCH-26APR19KIRKEL-KIR,68,800,67,1315,66,811,30,11,22,11,82,42,83,800,85,800,86,800,89,1,75.0
2026-04-18 02:12:06 PM,KXATPCHALLENGERMATCH-26APR19KIRKEL-KIR,68,800,67,1315,66,811,30,11,22,11,82,68,83,800,85,800,86,800,89,1,75.0
2026-04-18 02:12:06 PM,KXATPCHALLENGERMATCH-26APR19KIRKEL-KIR,68,800,67,1315,66,811,30,11,22,11,82,68,83,800,84,21,85,800,86,800,75.0
2026-04-18 02:12:07 PM,KXATPCHALLENGERMATCH-26APR19KIRKEL-KIR,68,800,67,1315,66,811,30,11,22,11,81,63,82,68,83,800,84,21,85,800,74.5
2026-04-18 02:12:07 PM,KXATPCHALLENGERMATCH-26APR19KIRKEL-KIR,68,800,67,1315,66,811,30,11,22,11,81,63,82,68,83,800,85,800,86,800,74.5
2026-04-18 02:12:07 PM,KXATPCHALLENGERMATCH-26APR19KIRKEL-KIR,68,800,67,1315,66,811,30,11,22,11,81,63,82,26,83,800,85,800,86,800,74.5
2026-04-18 02:12:07 PM,KXATPCHALLENGERMATCH-26APR19KIRKEL-KIR,68,800,67,1315,66,811,30,11,22,11,80,47,81,63,82,26,83,800,85,800,74.0
2026-04-18 02:12:07 PM,KXATPCHALLENGERMATCH-26APR19KIRKEL-KIR,68,800,67,1315,66,811,30,11,22,11,80,47,82,26,83,800,85,800,86,800,74.0
2026-04-18 02:12:07 PM,KXATPCHALLENGERMATCH-26APR19KIRKEL-KIR,68,800,67,1315,66,811,30,11,22,11,79,57,80,47,82,26,83,800,85,800,73.5
2026-04-18 02:12:07 PM,KXATPCHALLENGERMATCH-26APR19KIRKEL-KIR,68,800,67,1315,66,811,30,11,22,11,79,57,82,26,83,800,85,800,86,800,73.5
2026-04-18 02:12:07 PM,KXATPCHALLENGERMATCH-26APR19KIRKEL-KIR,68,800,67,1315,66,811,30,11,22,11,78,26,79,57,82,26,83,800,85,800,73.0
2026-04-18 02:12:07 PM,KXATPCHALLENGERMATCH-26APR19KIRKEL-KIR,68,800,67,1315,66,811,30,11,22,11,78,26,79,57,82,42,83,800,85,800,73.0
2026-04-18 02:12:08 PM,KXATPCHALLENGERMATCH-26APR19KIRKEL-KIR,68,800,67,1315,66,811,30,11,22,11,78,26,82,42,83,800,85,800,86,800,73.0
2026-04-18 02:12:08 PM,KXATPCHALLENGERMATCH-26APR19KIRKEL-KIR,68,800,67,1315,66,811,30,11,22,11,78,26,82,68,83,800,85,800,86,800,73.0
2026-04-18 02:12:08 PM,KXATPCHALLENGERMATCH-26APR19KIRKEL-KIR,68,800,67,1315,66,811,30,11,22,11,78,26,82,68,83,800,84,21,85,800,73.0
2026-04-18 02:12:08 PM,KXATPCHALLENGERMATCH-26APR19KIRKEL-KIR,68,800,67,1315,66,811,30,11,22,11,82,68,83,800,84,21,85,800,86,800,75.0
2026-04-18 02:12:08 PM,KXATPCHALLENGERMATCH-26APR19KIRKEL-KIR,68,800,67,1315,66,811,30,11,22,11,81,63,82,68,83,800,84,21,85,800,74.5
2026-04-18 02:12:08 PM,KXATPCHALLENGERMATCH-26APR19KIRKEL-KIR,68,800,67,1315,66,811,30,11,22,11,80,47,81,63,82,68,83,800,84,21,74.0
2026-04-18 02:12:08 PM,KXATPCHALLENGERMATCH-26APR19KIRKEL-KIR,68,800,67,1315,66,811,30,11,22,11,80,47,81,63,82,68,83,800,85,800,74.0
2026-04-18 02:12:08 PM,KXATPCHALLENGERMATCH-26APR19KIRKEL-KIR,68,800,67,1315,66,811,30,11,22,11,80,47,81,63,82,42,83,800,85,800,74.0
2026-04-18 02:12:08 PM,KXATPCHALLENGERMATCH-26APR19KIRKEL-KIR,68,800,67,1315,66,811,30,11,22,11,80,47,81,63,82,26,83,800,85,800,74.0
2026-04-18 02:12:09 PM,KXATPCHALLENGERMATCH-26APR19KIRKEL-KIR,68,800,67,1315,66,811,30,11,22,11,80,47,82,26,83,800,85,800,86,800,74.0
2026-04-18 02:12:09 PM,KXATPCHALLENGERMATCH-26APR19KIRKEL-KIR,68,800,67,1315,66,811,30,11,22,11,79,57,80,47,82,26,83,800,85,800,73.5
2026-04-18 02:12:09 PM,KXATPCHALLENGERMATCH-26APR19KIRKEL-KIR,68,800,67,1315,66,811,30,11,22,11,79,57,82,26,83,800,85,800,86,800,73.5
2026-04-18 02:12:09 PM,KXATPCHALLENGERMATCH-26APR19KIRKEL-KIR,68,800,67,1315,66,811,30,11,22,11,78,26,79,57,82,26,83,800,85,800,73.0
2026-04-18 02:12:09 PM,KXATPCHALLENGERMATCH-26APR19KIRKEL-KIR,68,800,67,1315,66,811,30,11,22,11,78,26,79,57,82,42,83,800,85,800,73.0
2026-04-18 02:12:09 PM,KXATPCHALLENGERMATCH-26APR19KIRKEL-KIR,68,800,67,1315,66,811,30,11,22,11,78,26,82,42,83,800,85,800,86,800,73.0
2026-04-18 02:12:09 PM,KXATPCHALLENGERMATCH-26APR19KIRKEL-KIR,68,800,67,1315,66,811,30,11,22,11,82,42,83,800,85,800,86,800,89,1,75.0
2026-04-18 02:12:09 PM,KXATPCHALLENGERMATCH-26APR19KIRKEL-KIR,68,800,67,1315,66,811,30,11,22,11,82,68,83,800,85,800,86,800,89,1,75.0
2026-04-18 02:12:09 PM,KXATPCHALLENGERMATCH-26APR19KIRKEL-KIR,68,800,67,1315,66,811,30,11,22,11,82,68,83,800,84,21,85,800,86,800,75.0
2026-04-18 02:12:10 PM,KXATPCHALLENGERMATCH-26APR19KIRKEL-KIR,68,800,67,1315,66,811,30,11,22,11,81,63,82,68,83,800,84,21,85,800,74.5
2026-04-18 02:12:10 PM,KXATPCHALLENGERMATCH-26APR19KIRKEL-KIR,68,805,67,1315,66,811,30,11,22,11,81,63,82,68,83,800,84,21,85,800,74.5
2026-04-18 02:12:10 PM,KXATPCHALLENGERMATCH-26APR19KIRKEL-KIR,68,805,67,1315,66,800,30,11,22,11,81,63,82,68,83,800,84,21,85,800,74.5
2026-04-18 02:12:10 PM,KXATPCHALLENGERMATCH-26APR19KIRKEL-KIR,68,805,67,1315,66,811,30,11,22,11,81,63,82,68,83,800,84,21,85,800,74.5
2026-04-18 02:12:10 PM,KXATPCHALLENGERMATCH-26APR19KIRKEL-KIR,68,805,67,1315,66,811,30,11,22,11,80,47,81,63,82,68,83,800,84,21,74.0
2026-04-18 02:12:10 PM,KXATPCHALLENGERMATCH-26APR19KIRKEL-KIR,68,800,67,1315,66,811,30,11,22,11,80,47,81,63,82,68,83,800,84,21,74.0
2026-04-18 02:12:10 PM,KXATPCHALLENGERMATCH-26APR19KIRKEL-KIR,68,800,67,1315,66,811,30,11,22,11,80,47,81,63,82,68,83,800,85,800,74.0
2026-04-18 02:12:10 PM,KXATPCHALLENGERMATCH-26APR19KIRKEL-KIR,68,800,67,1315,66,811,30,11,22,11,80,47,81,63,82,42,83,800,85,800,74.0
2026-04-18 02:12:10 PM,KXATPCHALLENGERMATCH-26APR19KIRKEL-KIR,68,800,67,1315,66,811,30,11,22,11,80,47,81,63,82,26,83,800,85,800,74.0
2026-04-18 02:12:11 PM,KXATPCHALLENGERMATCH-26APR19KIRKEL-KIR,68,800,67,1315,66,811,30,11,22,11,80,47,82,26,83,800,85,800,86,800,74.0
2026-04-18 02:12:11 PM,KXATPCHALLENGERMATCH-26APR19KIRKEL-KIR,68,800,67,1315,66,811,30,11,22,11,79,57,80,47,82,26,83,800,85,800,73.5
2026-04-18 02:12:11 PM,KXATPCHALLENGERMATCH-26APR19KIRKEL-KIR,68,800,67,1315,66,811,30,11,22,11,79,57,82,26,83,800,85,800,86,800,73.5
2026-04-18 02:12:11 PM,KXATPCHALLENGERMATCH-26APR19KIRKEL-KIR,68,800,67,1315,66,811,30,11,22,11,79,57,83,800,85,800,86,800,89,1,73.5
2026-04-18 02:12:11 PM,KXATPCHALLENGERMATCH-26APR19KIRKEL-KIR,68,800,67,1315,66,811,30,11,22,11,78,26,79,57,83,800,85,800,86,800,73.0
2026-04-18 02:12:11 PM,KXATPCHALLENGERMATCH-26APR19KIRKEL-KIR,68,800,67,1315,66,811,30,11,22,11,78,26,83,800,85,800,86,800,89,1,73.0
2026-04-18 02:12:11 PM,KXATPCHALLENGERMATCH-26APR19KIRKEL-KIR,68,800,67,1315,66,811,30,11,22,11,78,26,82,42,83,800,85,800,86,800,73.0
2026-04-18 02:12:11 PM,KXATPCHALLENGERMATCH-26APR19KIRKEL-KIR,68,800,67,1315,66,811,30,11,22,11,82,42,83,800,85,800,86,800,89,1,75.0
2026-04-18 02:12:12 PM,KXATPCHALLENGERMATCH-26APR19KIRKEL-KIR,68,800,67,1315,66,811,30,11,22,11,81,63,82,42,83,800,85,800,86,800,74.5
2026-04-18 02:12:12 PM,KXATPCHALLENGERMATCH-26APR19KIRKEL-KIR,68,800,67,1315,66,811,30,11,22,11,80,47,81,63,82,42,83,800,85,800,74.0
2026-04-18 02:12:12 PM,KXATPCHALLENGERMATCH-26APR19KIRKEL-KIR,68,800,67,1315,66,811,30,11,22,11,80,47,81,63,83,800,85,800,86,800,74.0
2026-04-18 02:12:12 PM,KXATPCHALLENGERMATCH-26APR19KIRKEL-KIR,68,800,67,1315,66,811,30,11,22,11,80,47,83,800,85,800,86,800,89,1,74.0
2026-04-18 02:12:12 PM,KXATPCHALLENGERMATCH-26APR19KIRKEL-KIR,68,800,67,1315,66,811,30,11,22,11,79,57,80,47,83,800,85,800,86,800,73.5
2026-04-18 02:12:12 PM,KXATPCHALLENGERMATCH-26APR19KIRKEL-KIR,68,800,67,1315,66,811,30,11,22,11,78,26,79,57,80,47,83,800,85,800,73.0
2026-04-18 02:12:12 PM,KXATPCHALLENGERMATCH-26APR19KIRKEL-KIR,68,800,67,1315,66,811,30,11,22,11,78,26,79,57,80,47,82,42,83,800,73.0
2026-04-18 02:12:12 PM,KXATPCHALLENGERMATCH-26APR19KIRKEL-KIR,68,800,67,1315,66,811,30,11,22,11,78,26,79,57,82,42,83,800,85,800,73.0
2026-04-18 02:12:13 PM,KXATPCHALLENGERMATCH-26APR19KIRKEL-KIR,68,800,67,1315,66,811,30,11,22,11,78,26,82,42,83,800,85,800,86,800,73.0
2026-04-18 02:12:13 PM,KXATPCHALLENGERMATCH-26APR19KIRKEL-KIR,68,800,67,1315,66,811,30,11,22,11,78,26,82,68,83,800,85,800,86,800,73.0
2026-04-18 02:12:13 PM,KXATPCHALLENGERMATCH-26APR19KIRKEL-KIR,68,800,67,1315,66,811,30,11,22,11,78,26,82,68,83,800,84,21,85,800,73.0
2026-04-18 02:12:13 PM,KXATPCHALLENGERMATCH-26APR19KIRKEL-KIR,68,800,67,1315,66,811,30,11,22,11,82,68,83,800,84,21,85,800,86,800,75.0
2026-04-18 02:12:13 PM,KXATPCHALLENGERMATCH-26APR19KIRKEL-KIR,68,800,67,1315,66,811,30,11,22,11,81,63,82,68,83,800,84,21,85,800,74.5
2026-04-18 02:12:13 PM,KXATPCHALLENGERMATCH-26APR19KIRKEL-KIR,68,800,67,1315,66,811,30,11,22,11,80,47,81,63,82,68,83,800,84,21,74.0
2026-04-18 02:12:13 PM,KXATPCHALLENGERMATCH-26APR19KIRKEL-KIR,68,800,67,1315,66,811,30,11,22,11,80,47,81,63,82,68,83,800,85,800,74.0
2026-04-18 02:12:13 PM,KXATPCHALLENGERMATCH-26APR19KIRKEL-KIR,68,800,67,1315,66,811,30,11,22,11,80,47,81,63,82,26,83,800,85,800,74.0
2026-04-18 02:12:14 PM,KXATPCHALLENGERMATCH-26APR19KIRKEL-KIR,68,800,67,1315,66,811,30,11,22,11,80,47,82,26,83,800,85,800,86,800,74.0
2026-04-18 02:12:14 PM,KXATPCHALLENGERMATCH-26APR19KIRKEL-KIR,68,800,67,1315,66,811,30,11,22,11,79,57,80,47,82,26,83,800,85,800,73.5
2026-04-18 02:12:14 PM,KXATPCHALLENGERMATCH-26APR19KIRKEL-KIR,68,800,67,1315,66,811,30,11,22,11,79,57,82,26,83,800,85,800,86,800,73.5
2026-04-18 02:12:14 PM,KXATPCHALLENGERMATCH-26APR19KIRKEL-KIR,68,800,67,1315,66,811,30,11,22,11,78,26,79,57,82,26,83,800,85,800,73.0
2026-04-18 02:12:14 PM,KXATPCHALLENGERMATCH-26APR19KIRKEL-KIR,68,800,67,1315,66,811,30,11,22,11,78,26,79,57,82,42,83,800,85,800,73.0
2026-04-18 02:12:14 PM,KXATPCHALLENGERMATCH-26APR19KIRKEL-KIR,68,800,67,1315,66,811,30,11,22,11,78,26,82,42,83,800,85,800,86,800,73.0
2026-04-18 02:12:14 PM,KXATPCHALLENGERMATCH-26APR19KIRKEL-KIR,68,800,67,1315,66,811,30,11,22,11,82,42,83,800,85,800,86,800,89,1,75.0
2026-04-18 02:12:14 PM,KXATPCHALLENGERMATCH-26APR19KIRKEL-KIR,68,800,67,1315,66,811,30,11,22,11,82,68,83,800,85,800,86,800,89,1,75.0
2026-04-18 02:12:14 PM,KXATPCHALLENGERMATCH-26APR19KIRKEL-KIR,68,800,67,1315,66,811,30,11,22,11,82,68,83,800,84,21,85,800,86,800,75.0
2026-04-18 02:12:15 PM,KXATPCHALLENGERMATCH-26APR19KIRKEL-KIR,68,800,67,1315,66,811,30,11,22,11,81,63,82,68,83,800,84,21,85,800,74.5
2026-04-18 02:12:15 PM,KXATPCHALLENGERMATCH-26APR19KIRKEL-KIR,68,800,67,1315,66,811,30,11,22,11,81,63,82,68,83,800,85,800,86,800,74.5
2026-04-18 02:12:15 PM,KXATPCHALLENGERMATCH-26APR19KIRKEL-KIR,68,800,67,1315,66,811,30,11,22,11,81,63,82,42,83,800,85,800,86,800,74.5
2026-04-18 02:12:15 PM,KXATPCHALLENGERMATCH-26APR19KIRKEL-KIR,68,800,67,1315,66,811,30,11,22,11,80,47,81,63,82,42,83,800,85,800,74.0
2026-04-18 02:12:15 PM,KXATPCHALLENGERMATCH-26APR19KIRKEL-KIR,68,800,67,1315,66,811,30,11,22,11,80,47,81,63,82,26,83,800,85,800,74.0
2026-04-18 02:12:15 PM,KXATPCHALLENGERMATCH-26APR19KIRKEL-KIR,68,800,67,1315,66,811,30,11,22,11,80,47,82,26,83,800,85,800,86,800,74.0
2026-04-18 02:12:15 PM,KXATPCHALLENGERMATCH-26APR19KIRKEL-KIR,68,800,67,1315,66,811,30,11,22,11,79,57,80,47,82,26,83,800,85,800,73.5
2026-04-18 02:12:15 PM,KXATPCHALLENGERMATCH-26APR19KIRKEL-KIR,68,800,67,1315,66,811,30,11,22,11,78,26,79,57,80,47,82,26,83,800,73.0
2026-04-18 02:12:15 PM,KXATPCHALLENGERMATCH-26APR19KIRKEL-KIR,68,800,67,1315,66,811,30,11,22,11,78,26,79,57,80,47,82,42,83,800,73.0
2026-04-18 02:12:15 PM,KXATPCHALLENGERMATCH-26APR19KIRKEL-KIR,68,800,67,1315,66,811,30,11,22,11,78,26,79,57,82,42,83,800,85,800,73.0
2026-04-18 02:12:16 PM,KXATPCHALLENGERMATCH-26APR19KIRKEL-KIR,68,800,67,1315,66,811,30,11,22,11,78,26,82,42,83,800,85,800,86,800,73.0
2026-04-18 02:12:16 PM,KXATPCHALLENGERMATCH-26APR19KIRKEL-KIR,68,800,67,1315,66,811,30,11,22,11,78,26,82,68,83,800,85,800,86,800,73.0
2026-04-18 02:12:16 PM,KXATPCHALLENGERMATCH-26APR19KIRKEL-KIR,68,800,67,1315,66,811,30,11,22,11,82,68,83,800,85,800,86,800,89,1,75.0
2026-04-18 02:12:16 PM,KXATPCHALLENGERMATCH-26APR19KIRKEL-KIR,68,800,67,1315,66,811,30,11,22,11,82,68,83,800,84,21,85,800,86,800,75.0
2026-04-18 02:12:16 PM,KXATPCHALLENGERMATCH-26APR19KIRKEL-KIR,68,800,67,1315,66,811,30,11,22,11,81,63,82,68,83,800,84,21,85,800,74.5
2026-04-18 02:12:16 PM,KXATPCHALLENGERMATCH-26APR19KIRKEL-KIR,68,800,67,1315,66,811,30,11,22,11,80,47,81,63,82,68,83,800,84,21,74.0
2026-04-18 02:12:16 PM,KXATPCHALLENGERMATCH-26APR19KIRKEL-KIR,68,800,67,1315,66,811,30,11,22,11,80,47,81,63,82,68,83,800,85,800,74.0
2026-04-18 02:12:16 PM,KXATPCHALLENGERMATCH-26APR19KIRKEL-KIR,68,800,67,1315,66,811,30,11,22,11,80,47,81,63,82,42,83,800,85,800,74.0
2026-04-18 02:12:16 PM,KXATPCHALLENGERMATCH-26APR19KIRKEL-KIR,68,800,67,1315,66,811,30,11,22,11,80,47,81,63,82,26,83,800,85,800,74.0
2026-04-18 02:12:17 PM,KXATPCHALLENGERMATCH-26APR19KIRKEL-KIR,68,800,67,1315,66,811,30,11,22,11,80,47,82,26,83,800,85,800,86,800,74.0
2026-04-18 02:12:17 PM,KXATPCHALLENGERMATCH-26APR19KIRKEL-KIR,68,800,67,1315,66,811,30,11,22,11,79,57,80,47,82,26,83,800,85,800,73.5
2026-04-18 02:12:17 PM,KXATPCHALLENGERMATCH-26APR19KIRKEL-KIR,68,800,67,1315,66,811,30,11,22,11,78,26,79,57,80,47,82,26,83,800,73.0
2026-04-18 02:12:17 PM,KXATPCHALLENGERMATCH-26APR19KIRKEL-KIR,68,800,67,1315,66,811,30,11,22,11,78,26,79,57,82,26,83,800,85,800,73.0
2026-04-18 02:12:17 PM,KXATPCHALLENGERMATCH-26APR19KIRKEL-KIR,68,800,67,1315,66,811,30,11,22,11,78,26,79,57,82,42,83,800,85,800,73.0
2026-04-18 02:12:17 PM,KXATPCHALLENGERMATCH-26APR19KIRKEL-KIR,68,800,67,1315,66,811,30,11,22,11,78,26,82,42,83,800,85,800,86,800,73.0
2026-04-18 02:12:17 PM,KXATPCHALLENGERMATCH-26APR19KIRKEL-KIR,68,800,67,1315,66,811,30,11,22,11,82,42,83,800,85,800,86,800,89,1,75.0
2026-04-18 02:12:17 PM,KXATPCHALLENGERMATCH-26APR19KIRKEL-KIR,68,800,67,1315,66,811,30,11,22,11,77,15,82,42,83,800,85,800,86,800,72.5
2026-04-18 02:12:18 PM,KXATPCHALLENGERMATCH-26APR19KIRKEL-KIR,68,800,67,1315,66,811,30,11,22,11,77,15,82,68,83,800,85,800,86,800,72.5
2026-04-18 02:12:18 PM,KXATPCHALLENGERMATCH-26APR19KIRKEL-KIR,68,800,67,1315,66,811,30,11,22,11,82,68,83,800,85,800,86,800,89,1,75.0
2026-04-18 02:12:18 PM,KXATPCHALLENGERMATCH-26APR19KIRKEL-KIR,68,800,67,1315,66,811,30,11,22,11,81,63,82,68,83,800,85,800,86,800,74.5
2026-04-18 02:12:18 PM,KXATPCHALLENGERMATCH-26APR19KIRKEL-KIR,68,800,67,1315,66,811,30,11,22,11,81,63,82,42,83,800,85,800,86,800,74.5
2026-04-18 02:12:18 PM,KXATPCHALLENGERMATCH-26APR19KIRKEL-KIR,68,800,67,1315,66,811,30,11,22,11,81,63,82,26,83,800,85,800,86,800,74.5
2026-04-18 02:12:19 PM,KXATPCHALLENGERMATCH-26APR19KIRKEL-KIR,68,800,67,1315,66,811,30,11,22,11,80,47,81,63,82,26,83,800,85,800,74.0
2026-04-18 02:12:19 PM,KXATPCHALLENGERMATCH-26APR19KIRKEL-KIR,68,800,67,1315,66,811,30,11,22,11,80,47,81,63,83,800,85,800,86,800,74.0
2026-04-18 02:12:19 PM,KXATPCHALLENGERMATCH-26APR19KIRKEL-KIR,68,800,67,1315,66,811,30,11,22,11,80,47,83,800,85,800,86,800,89,1,74.0
2026-04-18 02:12:19 PM,KXATPCHALLENGERMATCH-26APR19KIRKEL-KIR,68,800,67,1315,66,811,30,11,22,11,79,57,80,47,83,800,85,800,86,800,73.5
2026-04-18 02:12:19 PM,KXATPCHALLENGERMATCH-26APR19KIRKEL-KIR,68,800,67,1315,66,811,30,11,22,11,78,26,79,57,80,47,83,800,85,800,73.0
2026-04-18 02:12:19 PM,KXATPCHALLENGERMATCH-26APR19KIRKEL-KIR,68,800,67,1315,66,811,30,11,22,11,78,26,79,57,83,800,85,800,86,800,73.0
2026-04-18 02:12:19 PM,KXATPCHALLENGERMATCH-26APR19KIRKEL-KIR,68,800,67,1315,66,811,30,11,22,11,78,26,83,800,85,800,86,800,89,1,73.0
2026-04-18 02:12:20 PM,KXATPCHALLENGERMATCH-26APR19KIRKEL-KIR,68,800,67,1315,66,811,30,11,22,11,83,800,85,800,86,800,89,1,94,365,75.5
2026-04-18 02:12:20 PM,KXATPCHALLENGERMATCH-26APR19KIRKEL-KIR,68,800,67,1315,66,811,30,11,22,11,82,68,83,800,85,800,86,800,89,1,75.0
2026-04-18 02:12:20 PM,KXATPCHALLENGERMATCH-26APR19KIRKEL-KIR,68,800,67,1315,66,811,30,11,22,11,82,68,83,800,84,21,85,800,86,800,75.0
2026-04-18 02:12:20 PM,KXATPCHALLENGERMATCH-26APR19KIRKEL-KIR,68,800,67,1315,66,811,30,11,22,11,81,63,82,68,83,800,84,21,85,800,74.5
2026-04-18 02:12:20 PM,KXATPCHALLENGERMATCH-26APR19KIRKEL-KIR,68,800,67,1315,66,811,30,11,22,11,80,47,81,63,82,68,83,800,84,21,74.0
2026-04-18 02:12:20 PM,KXATPCHALLENGERMATCH-26APR19KIRKEL-KIR,68,800,67,1315,66,811,30,11,22,11,80,47,81,63,82,68,83,800,85,800,74.0
2026-04-18 02:12:20 PM,KXATPCHALLENGERMATCH-26APR19KIRKEL-KIR,68,800,67,1315,66,811,30,11,22,11,80,47,81,63,83,800,85,800,86,800,74.0
2026-04-18 02:12:20 PM,KXATPCHALLENGERMATCH-26APR19KIRKEL-KIR,68,800,67,1315,66,811,30,11,22,11,80,47,83,800,85,800,86,800,89,1,74.0
2026-04-18 02:12:20 PM,KXATPCHALLENGERMATCH-26APR19KIRKEL-KIR,68,800,67,1315,66,811,30,11,22,11,79,57,80,47,83,800,85,800,86,800,73.5
2026-04-18 02:12:21 PM,KXATPCHALLENGERMATCH-26APR19KIRKEL-KIR,68,800,67,1315,66,811,30,11,22,11,78,26,79,57,80,47,83,800,85,800,73.0
2026-04-18 02:12:21 PM,KXATPCHALLENGERMATCH-26APR19KIRKEL-KIR,68,800,67,1315,66,811,30,11,22,11,78,26,79,57,80,47,82,42,83,800,73.0
2026-04-18 02:12:21 PM,KXATPCHALLENGERMATCH-26APR19KIRKEL-KIR,68,800,67,1315,66,811,30,11,22,11,78,26,79,57,82,42,83,800,85,800,73.0
2026-04-18 02:12:21 PM,KXATPCHALLENGERMATCH-26APR19KIRKEL-KIR,68,800,67,1315,66,811,30,11,22,11,78,26,82,42,83,800,85,800,86,800,73.0
2026-04-18 02:12:21 PM,KXATPCHALLENGERMATCH-26APR19KIRKEL-KIR,68,800,67,1315,66,811,30,11,22,11,78,26,82,68,83,800,85,800,86,800,73.0
2026-04-18 02:12:21 PM,KXATPCHALLENGERMATCH-26APR19KIRKEL-KIR,68,800,67,1315,66,811,30,11,22,11,78,26,82,68,83,800,84,21,85,800,73.0
2026-04-18 02:12:21 PM,KXATPCHALLENGERMATCH-26APR19KIRKEL-KIR,68,800,67,1315,66,811,30,11,22,11,82,68,83,800,84,21,85,800,86,800,75.0
2026-04-18 02:12:21 PM,KXATPCHALLENGERMATCH-26APR19KIRKEL-KIR,68,800,67,1315,66,811,30,11,22,11,81,63,82,68,83,800,84,21,85,800,74.5
2026-04-18 02:12:22 PM,KXATPCHALLENGERMATCH-26APR19KIRKEL-KIR,68,800,67,1315,66,811,30,11,22,11,81,63,82,68,83,800,85,800,86,800,74.5
2026-04-18 02:12:22 PM,KXATPCHALLENGERMATCH-26APR19KIRKEL-KIR,68,800,67,1315,66,811,30,11,22,11,81,63,82,26,83,800,85,800,86,800,74.5
2026-04-18 02:12:22 PM,KXATPCHALLENGERMATCH-26APR19KIRKEL-KIR,68,800,67,1315,66,811,30,11,22,11,80,47,81,63,82,26,83,800,85,800,74.0
2026-04-18 02:12:22 PM,KXATPCHALLENGERMATCH-26APR19KIRKEL-KIR,68,800,67,1315,66,811,30,11,22,11,80,47,82,26,83,800,85,800,86,800,74.0
2026-04-18 02:12:22 PM,KXATPCHALLENGERMATCH-26APR19KIRKEL-KIR,68,800,67,1315,66,811,30,11,22,11,79,57,80,47,82,26,83,800,85,800,73.5
2026-04-18 02:12:22 PM,KXATPCHALLENGERMATCH-26APR19KIRKEL-KIR,68,800,67,1315,66,811,30,11,22,11,79,57,82,26,83,800,85,800,86,800,73.5
2026-04-18 02:12:22 PM,KXATPCHALLENGERMATCH-26APR19KIRKEL-KIR,68,800,67,1315,66,811,30,11,22,11,78,26,79,57,82,26,83,800,85,800,73.0
2026-04-18 02:12:22 PM,KXATPCHALLENGERMATCH-26APR19KIRKEL-KIR,68,800,67,1315,66,811,30,11,22,11,78,26,79,57,82,42,83,800,85,800,73.0
2026-04-18 02:12:22 PM,KXATPCHALLENGERMATCH-26APR19KIRKEL-KIR,68,800,67,1315,66,811,30,11,22,11,78,26,82,42,83,800,85,800,86,800,73.0
2026-04-18 02:12:23 PM,KXATPCHALLENGERMATCH-26APR19KIRKEL-KIR,68,800,67,1315,66,811,30,11,22,11,78,26,82,68,83,800,85,800,86,800,73.0
2026-04-18 02:12:23 PM,KXATPCHALLENGERMATCH-26APR19KIRKEL-KIR,68,800,67,1315,66,811,30,11,22,11,82,68,83,800,85,800,86,800,89,1,75.0
2026-04-18 02:12:23 PM,KXATPCHALLENGERMATCH-26APR19KIRKEL-KIR,68,800,67,1315,66,800,30,11,22,11,82,68,83,800,85,800,86,800,89,1,75.0
2026-04-18 02:12:23 PM,KXATPCHALLENGERMATCH-26APR19KIRKEL-KIR,68,805,67,1315,66,800,30,11,22,11,82,68,83,800,85,800,86,800,89,1,75.0
2026-04-18 02:12:23 PM,KXATPCHALLENGERMATCH-26APR19KIRKEL-KIR,68,805,67,1315,66,800,30,11,22,11,82,68,83,800,84,21,85,800,86,800,75.0
2026-04-18 02:12:24 PM,KXATPCHALLENGERMATCH-26APR19KIRKEL-KIR,68,805,67,1315,66,800,30,11,22,11,81,63,82,68,83,800,84,21,85,800,74.5
2026-04-18 02:12:24 PM,KXATPCHALLENGERMATCH-26APR19KIRKEL-KIR,68,800,67,1315,66,800,30,11,22,11,81,63,82,68,83,800,84,21,85,800,74.5
2026-04-18 02:12:24 PM,KXATPCHALLENGERMATCH-26APR19KIRKEL-KIR,68,800,67,1315,66,800,30,11,22,11,81,63,82,68,83,800,85,800,86,800,74.5
2026-04-18 02:12:24 PM,KXATPCHALLENGERMATCH-26APR19KIRKEL-KIR,68,800,67,1315,66,800,30,11,22,11,81,63,82,42,83,800,85,800,86,800,74.5
2026-04-18 02:12:24 PM,KXATPCHALLENGERMATCH-26APR19KIRKEL-KIR,68,800,67,1315,66,800,30,11,22,11,81,63,82,26,83,800,85,800,86,800,74.5
2026-04-18 02:12:24 PM,KXATPCHALLENGERMATCH-26APR19KIRKEL-KIR,68,800,67,1315,66,811,30,11,22,11,81,63,82,26,83,800,85,800,86,800,74.5
2026-04-18 02:12:24 PM,KXATPCHALLENGERMATCH-26APR19KIRKEL-KIR,68,800,67,1315,66,811,30,11,22,11,81,63,83,800,85,800,86,800,89,1,74.5
2026-04-18 02:14:03 PM,KXATPCHALLENGERMATCH-26APR19KIRKEL-KIR,68,800,67,1315,66,811,30,11,22,11,80,47,81,63,83,800,85,800,86,800,74.0
2026-04-18 02:14:04 PM,KXATPCHALLENGERMATCH-26APR19KIRKEL-KIR,68,800,67,1315,66,811,30,11,22,11,80,47,83,800,85,800,86,800,89,1,74.0
2026-04-18 02:14:04 PM,KXATPCHALLENGERMATCH-26APR19KIRKEL-KIR,68,800,67,1315,66,811,30,11,22,11,79,57,80,47,83,800,85,800,86,800,73.5
2026-04-18 02:14:04 PM,KXATPCHALLENGERMATCH-26APR19KIRKEL-KIR,68,800,67,1315,66,811,30,11,22,11,79,57,83,800,85,800,86,800,89,1,73.5
2026-04-18 02:14:04 PM,KXATPCHALLENGERMATCH-26APR19KIRKEL-KIR,68,800,67,1315,66,811,30,11,22,11,78,26,79,57,83,800,85,800,86,800,73.0
2026-04-18 02:14:04 PM,KXATPCHALLENGERMATCH-26APR19KIRKEL-KIR,68,800,67,1315,66,811,30,11,22,11,78,26,79,68,83,800,85,800,86,800,73.0
2026-04-18 02:14:04 PM,KXATPCHALLENGERMATCH-26APR19KIRKEL-KIR,68,800,67,1315,66,811,30,11,22,11,78,26,79,11,83,800,85,800,86,800,73.0
2026-04-18 02:14:04 PM,KXATPCHALLENGERMATCH-26APR19KIRKEL-KIR,68,800,67,1315,66,811,30,11,22,11,79,11,83,800,85,800,86,800,89,1,73.5
2026-04-18 02:14:04 PM,KXATPCHALLENGERMATCH-26APR19KIRKEL-KIR,68,800,67,1315,66,811,30,11,22,11,83,800,85,800,86,800,89,1,94,365,75.5
2026-04-18 02:14:04 PM,KXATPCHALLENGERMATCH-26APR19KIRKEL-KIR,68,800,67,1315,66,811,30,11,22,11,77,15,83,800,85,800,86,800,89,1,72.5
2026-04-18 02:14:04 PM,KXATPCHALLENGERMATCH-26APR19KIRKEL-KIR,68,800,67,1315,66,811,30,11,22,11,77,15,78,11,83,800,85,800,86,800,72.5
2026-04-18 02:14:05 PM,KXATPCHALLENGERMATCH-26APR19KIRKEL-KIR,68,800,67,1315,66,811,30,11,22,11,77,15,78,11,82,68,83,800,85,800,72.5
2026-04-18 02:14:05 PM,KXATPCHALLENGERMATCH-26APR19KIRKEL-KIR,68,800,67,1315,66,811,30,11,22,11,78,11,82,68,83,800,85,800,86,800,73.0
2026-04-18 02:14:05 PM,KXATPCHALLENGERMATCH-26APR19KIRKEL-KIR,68,800,67,1315,66,811,30,11,22,11,82,68,83,800,85,800,86,800,89,1,75.0
2026-04-18 02:14:05 PM,KXATPCHALLENGERMATCH-26APR19KIRKEL-KIR,68,800,67,1315,66,811,30,11,22,11,81,63,82,68,83,800,85,800,86,800,74.5
2026-04-18 02:14:05 PM,KXATPCHALLENGERMATCH-26APR19KIRKEL-KIR,68,800,67,1315,66,811,30,11,22,11,81,63,83,800,85,800,86,800,89,1,74.5
2026-04-18 02:14:05 PM,KXATPCHALLENGERMATCH-26APR19KIRKEL-KIR,68,800,67,1315,66,811,30,11,22,11,80,47,81,63,83,800,85,800,86,800,74.0
2026-04-18 02:14:05 PM,KXATPCHALLENGERMATCH-26APR19KIRKEL-KIR,68,800,67,1315,66,811,30,11,22,11,80,47,83,800,85,800,86,800,89,1,74.0
