ts_et,ticker,bid_1,bid_1_sz,bid_2,bid_2_sz,bid_3,bid_3_sz,bid_4,bid_4_sz,bid_5,bid_5_sz,ask_1,ask_1_sz,ask_2,ask_2_sz,ask_3,ask_3_sz,ask_4,ask_4_sz,ask_5,ask_5_sz,mid
2026-04-17 09:43:06 PM,KXATPCHALLENGERMATCH-26APR18BOLYUN-YUN,63,1771,62,2773,61,7192,60,6384,59,400,64,977,65,1357,66,8052,67,7104,68,1634,63.5
2026-04-17 09:46:54 PM,KXATPCHALLENGERMATCH-26APR18BOLYUN-YUN,63,1744,62,2773,61,7192,60,6384,59,400,64,977,65,1357,66,8052,67,7104,68,1634,63.5
2026-04-17 09:46:54 PM,KXATPCHALLENGERMATCH-26APR18BOLYUN-YUN,63,1469,62,2773,61,7192,60,6384,59,400,64,977,65,1357,66,8052,67,7104,68,1634,63.5
2026-04-17 09:46:54 PM,KXATPCHALLENGERMATCH-26APR18BOLYUN-YUN,63,1469,62,3048,61,7192,60,6384,59,400,64,977,65,1357,66,8052,67,7104,68,1634,63.5
2026-04-17 09:46:54 PM,KXATPCHALLENGERMATCH-26APR18BOLYUN-YUN,63,1469,62,3048,61,7192,60,6384,59,400,64,977,65,1082,66,8052,67,7104,68,1634,63.5
2026-04-17 09:46:54 PM,KXATPCHALLENGERMATCH-26APR18BOLYUN-YUN,63,1469,62,3048,61,7192,60,6384,59,400,64,1252,65,1082,66,8052,67,7104,68,1634,63.5
2026-04-17 09:50:51 PM,KXATPCHALLENGERMATCH-26APR18BOLYUN-YUN,63,1469,62,3048,61,2192,60,6384,59,400,64,1252,65,1082,66,8052,67,7104,68,1634,63.5
2026-04-17 09:50:51 PM,KXATPCHALLENGERMATCH-26APR18BOLYUN-YUN,63,1469,62,3048,61,2192,60,6384,59,5400,64,1252,65,1082,66,8052,67,7104,68,1634,63.5
2026-04-17 09:50:51 PM,KXATPCHALLENGERMATCH-26APR18BOLYUN-YUN,63,2855,62,3048,61,2192,60,6384,59,5400,64,1252,65,1082,66,8052,67,7104,68,1634,63.5
2026-04-17 09:50:51 PM,KXATPCHALLENGERMATCH-26APR18BOLYUN-YUN,63,2855,62,3048,61,2192,60,6384,59,5400,64,1252,65,1082,66,8052,67,8490,68,1634,63.5
2026-04-17 09:50:51 PM,KXATPCHALLENGERMATCH-26APR18BOLYUN-YUN,63,2855,62,3048,61,2192,60,6384,59,5400,64,1252,65,1082,66,6666,67,8490,68,1634,63.5
2026-04-17 09:50:51 PM,KXATPCHALLENGERMATCH-26APR18BOLYUN-YUN,63,2855,62,3048,61,2192,60,6384,59,5400,64,1252,65,1082,66,1666,67,8490,68,1634,63.5
2026-04-17 09:50:51 PM,KXATPCHALLENGERMATCH-26APR18BOLYUN-YUN,63,2855,62,3048,61,2192,60,6384,59,400,64,1252,65,1082,66,1666,67,8490,68,1634,63.5
2026-04-17 09:50:51 PM,KXATPCHALLENGERMATCH-26APR18BOLYUN-YUN,63,2855,62,1663,61,2192,60,6384,59,400,64,1252,65,1082,66,1666,67,8490,68,1634,63.5
2026-04-17 09:50:52 PM,KXATPCHALLENGERMATCH-26APR18BOLYUN-YUN,63,1469,62,1663,61,2192,60,6384,59,400,64,1252,65,1082,66,1666,67,8490,68,1634,63.5
2026-04-17 09:51:01 PM,KXATPCHALLENGERMATCH-26APR18BOLYUN-YUN,63,1469,62,3049,61,2192,60,6384,59,400,64,1252,65,1082,66,1666,67,8490,68,1634,63.5
2026-04-17 09:51:01 PM,KXATPCHALLENGERMATCH-26APR18BOLYUN-YUN,63,1469,62,3049,61,2192,60,6384,59,400,64,1252,65,1082,66,3052,67,8490,68,1634,63.5
2026-04-17 09:51:01 PM,KXATPCHALLENGERMATCH-26APR18BOLYUN-YUN,63,1469,62,3049,61,7192,60,6384,59,400,64,1252,65,1082,66,3052,67,8490,68,1634,63.5
2026-04-17 09:51:01 PM,KXATPCHALLENGERMATCH-26APR18BOLYUN-YUN,63,1469,62,3049,61,7192,60,6384,59,400,64,1252,65,1082,66,3052,67,8490,68,6634,63.5
2026-04-17 09:51:01 PM,KXATPCHALLENGERMATCH-26APR18BOLYUN-YUN,63,1469,62,3049,61,7192,60,6384,59,400,64,1252,65,1082,66,3052,67,7104,68,6634,63.5
2026-04-17 09:54:53 PM,KXATPCHALLENGERMATCH-26APR18BOLYUN-YUN,63,1469,62,3049,61,7192,60,6384,59,400,64,1252,65,1082,66,4192,67,7104,68,6634,63.5
2026-04-17 09:54:53 PM,KXATPCHALLENGERMATCH-26APR18BOLYUN-YUN,63,2687,62,3049,61,7192,60,6384,59,400,64,1252,65,1082,66,4192,67,7104,68,6634,63.5
2026-04-17 10:01:19 PM,KXATPCHALLENGERMATCH-26APR18BOLYUN-YUN,63,2687,62,3049,61,7192,60,6384,59,400,64,1252,65,1082,66,6192,67,7104,68,6634,63.5
2026-04-17 10:01:19 PM,KXATPCHALLENGERMATCH-26APR18BOLYUN-YUN,63,2687,62,3049,61,7192,60,6384,59,400,64,1252,65,1082,66,6192,67,9104,68,6634,63.5
2026-04-17 10:01:19 PM,KXATPCHALLENGERMATCH-26APR18BOLYUN-YUN,63,2687,62,3049,61,7192,60,6384,59,400,64,1252,65,1082,66,8192,67,9104,68,6634,63.5
2026-04-17 10:01:19 PM,KXATPCHALLENGERMATCH-26APR18BOLYUN-YUN,63,2687,62,3049,61,7192,60,6384,59,400,64,1252,65,1082,66,10192,67,9104,68,6634,63.5
2026-04-17 10:01:19 PM,KXATPCHALLENGERMATCH-26APR18BOLYUN-YUN,63,2687,62,4049,61,7192,60,6384,59,400,64,1252,65,1082,66,10192,67,9104,68,6634,63.5
2026-04-17 10:01:19 PM,KXATPCHALLENGERMATCH-26APR18BOLYUN-YUN,63,2687,62,4049,61,7192,60,6384,59,400,64,1252,65,1082,66,12192,67,9104,68,6634,63.5
2026-04-17 10:01:19 PM,KXATPCHALLENGERMATCH-26APR18BOLYUN-YUN,63,2687,62,4049,61,7192,60,6384,59,400,64,1252,65,1082,66,12192,67,10104,68,6634,63.5
2026-04-17 10:01:19 PM,KXATPCHALLENGERMATCH-26APR18BOLYUN-YUN,63,2687,62,4049,61,7192,60,6384,59,400,64,1252,65,1082,66,12192,67,12104,68,6634,63.5
2026-04-17 10:01:19 PM,KXATPCHALLENGERMATCH-26APR18BOLYUN-YUN,63,2687,62,4049,61,7192,60,6384,59,400,64,1252,65,1082,66,12192,67,14104,68,6634,63.5
2026-04-17 10:01:19 PM,KXATPCHALLENGERMATCH-26APR18BOLYUN-YUN,63,2687,62,4049,61,7192,60,6384,59,400,64,1252,65,1082,66,12192,67,16104,68,6634,63.5
2026-04-17 10:01:19 PM,KXATPCHALLENGERMATCH-26APR18BOLYUN-YUN,63,2687,62,4049,61,7192,60,6384,59,400,64,1252,65,1082,66,12192,67,17104,68,6634,63.5
2026-04-17 10:01:19 PM,KXATPCHALLENGERMATCH-26APR18BOLYUN-YUN,63,4687,62,4049,61,7192,60,6384,59,400,64,1252,65,1082,66,12192,67,17104,68,6634,63.5
2026-04-17 10:01:19 PM,KXATPCHALLENGERMATCH-26APR18BOLYUN-YUN,63,4687,62,3774,61,7192,60,6384,59,400,64,1252,65,1082,66,12192,67,17104,68,6634,63.5
2026-04-17 10:01:19 PM,KXATPCHALLENGERMATCH-26APR18BOLYUN-YUN,63,4962,62,3774,61,7192,60,6384,59,400,64,1252,65,1082,66,12192,67,17104,68,6634,63.5
2026-04-17 10:01:19 PM,KXATPCHALLENGERMATCH-26APR18BOLYUN-YUN,63,4962,62,3774,61,7192,60,6384,59,400,64,977,65,1082,66,12192,67,17104,68,6634,63.5
2026-04-17 10:01:19 PM,KXATPCHALLENGERMATCH-26APR18BOLYUN-YUN,63,4962,62,3774,61,7192,60,6384,59,400,64,977,65,1357,66,12192,67,17104,68,6634,63.5
2026-04-17 10:01:23 PM,KXATPCHALLENGERMATCH-26APR18BOLYUN-YUN,63,4962,62,3774,61,7192,60,6384,59,400,64,971,65,1357,66,12192,67,17104,68,6634,63.5
2026-04-17 10:01:23 PM,KXATPCHALLENGERMATCH-26APR18BOLYUN-YUN,63,4962,62,3774,61,7192,60,6384,59,400,64,962,65,1357,66,12192,67,17104,68,6634,63.5
2026-04-17 10:01:23 PM,KXATPCHALLENGERMATCH-26APR18BOLYUN-YUN,63,4966,62,3774,61,7192,60,6384,59,400,64,962,65,1357,66,12192,67,17104,68,6634,63.5
2026-04-17 10:01:23 PM,KXATPCHALLENGERMATCH-26APR18BOLYUN-YUN,63,4966,62,3778,61,7192,60,6384,59,400,64,962,65,1357,66,12192,67,17104,68,6634,63.5
2026-04-17 10:01:45 PM,KXATPCHALLENGERMATCH-26APR18BOLYUN-YUN,63,4966,62,3778,61,7192,60,6384,59,400,64,956,65,1357,66,12192,67,17104,68,6634,63.5
2026-04-17 10:01:45 PM,KXATPCHALLENGERMATCH-26APR18BOLYUN-YUN,63,4969,62,3778,61,7192,60,6384,59,400,64,956,65,1357,66,12192,67,17104,68,6634,63.5
2026-04-17 10:01:45 PM,KXATPCHALLENGERMATCH-26APR18BOLYUN-YUN,63,4969,62,3781,61,7192,60,6384,59,400,64,956,65,1357,66,12192,67,17104,68,6634,63.5
2026-04-17 10:11:20 PM,KXATPCHALLENGERMATCH-26APR18BOLYUN-YUN,63,4969,62,3781,61,7192,60,6384,59,400,64,941,65,1357,66,12192,67,17104,68,6634,63.5
2026-04-17 10:11:20 PM,KXATPCHALLENGERMATCH-26APR18BOLYUN-YUN,63,4976,62,3781,61,7192,60,6384,59,400,64,941,65,1357,66,12192,67,17104,68,6634,63.5
2026-04-17 10:11:20 PM,KXATPCHALLENGERMATCH-26APR18BOLYUN-YUN,63,4976,62,3788,61,7192,60,6384,59,400,64,941,65,1357,66,12192,67,17104,68,6634,63.5
2026-04-17 10:16:52 PM,KXATPCHALLENGERMATCH-26APR18BOLYUN-YUN,63,4976,62,3788,61,7192,60,6384,59,400,64,903,65,1357,66,12192,67,17104,68,6634,63.5
2026-04-17 10:16:52 PM,KXATPCHALLENGERMATCH-26APR18BOLYUN-YUN,63,4995,62,3788,61,7192,60,6384,59,400,64,903,65,1357,66,12192,67,17104,68,6634,63.5
2026-04-17 10:16:52 PM,KXATPCHALLENGERMATCH-26APR18BOLYUN-YUN,63,4995,62,3807,61,7192,60,6384,59,400,64,903,65,1357,66,12192,67,17104,68,6634,63.5
2026-04-17 10:18:00 PM,KXATPCHALLENGERMATCH-26APR18BOLYUN-YUN,63,4995,62,3807,61,7192,60,6384,59,400,64,902,65,1357,66,12192,67,17104,68,6634,63.5
2026-04-17 10:21:18 PM,KXATPCHALLENGERMATCH-26APR18BOLYUN-YUN,63,4995,62,3807,61,7192,60,6384,59,400,64,2,65,1357,66,12192,67,17104,68,6634,63.5
2026-04-17 10:21:19 PM,KXATPCHALLENGERMATCH-26APR18BOLYUN-YUN,63,4995,62,3807,61,7192,60,6384,59,400,64,2,65,1328,66,12192,67,17104,68,6634,63.5
2026-04-17 10:21:19 PM,KXATPCHALLENGERMATCH-26APR18BOLYUN-YUN,63,4995,62,3807,61,7192,60,6384,59,400,64,2,65,1258,66,12192,67,17104,68,6634,63.5
2026-04-17 10:21:19 PM,KXATPCHALLENGERMATCH-26APR18BOLYUN-YUN,63,4995,62,3807,61,7192,60,6384,59,400,64,2,65,1258,66,13192,67,17104,68,6634,63.5
2026-04-17 10:23:28 PM,KXATPCHALLENGERMATCH-26APR18BOLYUN-YUN,63,4995,62,3807,61,7192,60,6384,59,400,64,2,65,1208,66,13192,67,17104,68,6634,63.5
2026-04-17 10:25:50 PM,KXATPCHALLENGERMATCH-26APR18BOLYUN-YUN,63,4995,62,3807,61,7192,60,6384,59,400,64,2,65,1207,66,13192,67,17104,68,6634,63.5
2026-04-17 10:26:26 PM,KXATPCHALLENGERMATCH-26APR18BOLYUN-YUN,63,4995,62,3807,61,7192,60,1384,59,400,64,2,65,1207,66,13192,67,17104,68,6634,63.5
2026-04-17 10:26:26 PM,KXATPCHALLENGERMATCH-26APR18BOLYUN-YUN,63,4995,62,3807,61,2192,60,1384,59,400,64,2,65,1207,66,13192,67,17104,68,6634,63.5
2026-04-17 10:26:51 PM,KXATPCHALLENGERMATCH-26APR18BOLYUN-YUN,63,4995,62,3807,61,2192,60,6384,59,400,64,2,65,1207,66,13192,67,17104,68,6634,63.5
2026-04-17 10:26:51 PM,KXATPCHALLENGERMATCH-26APR18BOLYUN-YUN,63,4995,62,3807,61,2192,60,6384,59,5400,64,2,65,1207,66,13192,67,17104,68,6634,63.5
2026-04-17 10:32:18 PM,KXATPCHALLENGERMATCH-26APR18BOLYUN-YUN,63,4995,62,3807,61,2192,60,6384,59,5400,64,2,65,1202,66,13192,67,17104,68,6634,63.5
2026-04-17 10:33:49 PM,KXATPCHALLENGERMATCH-26APR18BOLYUN-YUN,63,4995,62,3807,61,2192,60,6384,59,5400,64,2,65,1191,66,13192,67,17104,68,6634,63.5
2026-04-17 10:33:49 PM,KXATPCHALLENGERMATCH-26APR18BOLYUN-YUN,63,4995,62,3807,61,2192,60,6384,59,5400,64,2,65,1176,66,13192,67,17104,68,6634,63.5
2026-04-17 10:33:49 PM,KXATPCHALLENGERMATCH-26APR18BOLYUN-YUN,63,4995,62,3807,61,2192,60,6384,59,5400,64,2,65,1144,66,13192,67,17104,68,6634,63.5
2026-04-17 10:33:49 PM,KXATPCHALLENGERMATCH-26APR18BOLYUN-YUN,63,4995,62,3807,61,2181,60,6384,59,5400,64,2,65,1144,66,13192,67,17104,68,6634,63.5
2026-04-17 10:33:49 PM,KXATPCHALLENGERMATCH-26APR18BOLYUN-YUN,63,5006,62,3807,61,2181,60,6384,59,5400,64,2,65,1144,66,13192,67,17104,68,6634,63.5
2026-04-17 10:33:49 PM,KXATPCHALLENGERMATCH-26APR18BOLYUN-YUN,63,5006,62,3807,61,2181,60,6384,59,5400,64,2,65,1153,66,13192,67,17104,68,6634,63.5
2026-04-17 10:33:50 PM,KXATPCHALLENGERMATCH-26APR18BOLYUN-YUN,63,5022,62,3807,61,2181,60,6384,59,5400,64,2,65,1153,66,13192,67,17104,68,6634,63.5
2026-04-17 10:33:50 PM,KXATPCHALLENGERMATCH-26APR18BOLYUN-YUN,63,5022,62,3823,61,2181,60,6384,59,5400,64,2,65,1153,66,13192,67,17104,68,6634,63.5
2026-04-17 10:52:23 PM,KXATPCHALLENGERMATCH-26APR18BOLYUN-YUN,63,5022,62,3823,61,2181,60,6384,59,5400,64,2,65,1145,66,13192,67,17104,68,6634,63.5
2026-04-17 10:52:23 PM,KXATPCHALLENGERMATCH-26APR18BOLYUN-YUN,63,5026,62,3823,61,2181,60,6384,59,5400,64,2,65,1145,66,13192,67,17104,68,6634,63.5
2026-04-17 10:52:23 PM,KXATPCHALLENGERMATCH-26APR18BOLYUN-YUN,63,5026,62,3827,61,2181,60,6384,59,5400,64,2,65,1145,66,13192,67,17104,68,6634,63.5
2026-04-17 10:58:14 PM,KXATPCHALLENGERMATCH-26APR18BOLYUN-YUN,63,5026,62,3827,61,2181,60,6384,59,5400,64,2,65,1055,66,13192,67,17104,68,6634,63.5
2026-04-17 10:58:14 PM,KXATPCHALLENGERMATCH-26APR18BOLYUN-YUN,63,5071,62,3827,61,2181,60,6384,59,5400,64,2,65,1055,66,13192,67,17104,68,6634,63.5
2026-04-17 10:58:14 PM,KXATPCHALLENGERMATCH-26APR18BOLYUN-YUN,63,5071,62,3872,61,2181,60,6384,59,5400,64,2,65,1055,66,13192,67,17104,68,6634,63.5
2026-04-17 11:03:56 PM,KXATPCHALLENGERMATCH-26APR18BOLYUN-YUN,63,5071,62,3872,61,2181,60,6384,59,5400,64,2,65,1055,66,13192,67,18496,68,6634,63.5
2026-04-17 11:03:56 PM,KXATPCHALLENGERMATCH-26APR18BOLYUN-YUN,63,5071,62,3872,61,2181,60,6384,59,5400,64,2,65,1055,66,11806,67,18496,68,6634,63.5
2026-04-17 11:03:56 PM,KXATPCHALLENGERMATCH-26APR18BOLYUN-YUN,63,5071,62,3872,61,2181,60,6384,59,5400,64,2,65,1055,66,13806,67,18496,68,6634,63.5
2026-04-17 11:03:56 PM,KXATPCHALLENGERMATCH-26APR18BOLYUN-YUN,63,5071,62,3872,61,2181,60,6384,59,5400,64,2,65,1055,66,11806,67,18496,68,6634,63.5
2026-04-17 11:03:57 PM,KXATPCHALLENGERMATCH-26APR18BOLYUN-YUN,63,5071,62,3872,61,2181,60,6384,59,5400,64,2,65,1055,66,11806,67,17104,68,6634,63.5
2026-04-17 11:03:57 PM,KXATPCHALLENGERMATCH-26APR18BOLYUN-YUN,63,5071,62,3872,61,2181,60,1384,59,5400,64,2,65,1055,66,11806,67,17104,68,6634,63.5
2026-04-17 11:03:57 PM,KXATPCHALLENGERMATCH-26APR18BOLYUN-YUN,63,5071,62,3872,61,2181,60,1384,59,400,64,2,65,1055,66,11806,67,17104,68,6634,63.5
2026-04-17 11:04:02 PM,KXATPCHALLENGERMATCH-26APR18BOLYUN-YUN,63,5071,62,3872,61,2181,60,1384,59,400,64,2,65,1052,66,11806,67,17104,68,6634,63.5
2026-04-17 11:04:02 PM,KXATPCHALLENGERMATCH-26APR18BOLYUN-YUN,63,5072,62,3872,61,2181,60,1384,59,400,64,2,65,1052,66,11806,67,17104,68,6634,63.5
2026-04-17 11:04:02 PM,KXATPCHALLENGERMATCH-26APR18BOLYUN-YUN,63,5072,62,3873,61,2181,60,1384,59,400,64,2,65,1052,66,11806,67,17104,68,6634,63.5
2026-04-17 11:04:08 PM,KXATPCHALLENGERMATCH-26APR18BOLYUN-YUN,63,5072,62,3873,61,2181,60,1384,59,400,64,2,65,1052,66,13198,67,17104,68,6634,63.5
2026-04-17 11:04:08 PM,KXATPCHALLENGERMATCH-26APR18BOLYUN-YUN,63,5072,62,3873,61,2181,60,6384,59,400,64,2,65,1052,66,13198,67,17104,68,6634,63.5
2026-04-17 11:04:08 PM,KXATPCHALLENGERMATCH-26APR18BOLYUN-YUN,63,5072,62,3873,61,2181,60,6384,59,5400,64,2,65,1052,66,13198,67,17104,68,6634,63.5
2026-04-17 11:18:40 PM,KXATPCHALLENGERMATCH-26APR18BOLYUN-YUN,63,5072,62,3873,61,2181,60,6384,59,5400,64,2,65,1022,66,13198,67,17104,68,6634,63.5
2026-04-17 11:18:40 PM,KXATPCHALLENGERMATCH-26APR18BOLYUN-YUN,63,5087,62,3873,61,2181,60,6384,59,5400,64,2,65,1022,66,13198,67,17104,68,6634,63.5
2026-04-17 11:18:40 PM,KXATPCHALLENGERMATCH-26APR18BOLYUN-YUN,63,5087,62,3888,61,2181,60,6384,59,5400,64,2,65,1022,66,13198,67,17104,68,6634,63.5
2026-04-17 11:24:20 PM,KXATPCHALLENGERMATCH-26APR18BOLYUN-YUN,63,5087,62,3888,61,2181,60,6384,59,5400,64,2,65,906,66,13198,67,17104,68,6634,63.5
2026-04-17 11:24:20 PM,KXATPCHALLENGERMATCH-26APR18BOLYUN-YUN,63,5145,62,3888,61,2181,60,6384,59,5400,64,2,65,906,66,13198,67,17104,68,6634,63.5
2026-04-17 11:24:20 PM,KXATPCHALLENGERMATCH-26APR18BOLYUN-YUN,63,5145,62,3946,61,2181,60,6384,59,5400,64,2,65,906,66,13198,67,17104,68,6634,63.5
2026-04-17 11:25:56 PM,KXATPCHALLENGERMATCH-26APR18BOLYUN-YUN,63,5145,62,3946,61,2181,60,6384,59,5400,64,2,65,941,66,13198,67,17104,68,6634,63.5
2026-04-17 11:26:26 PM,KXATPCHALLENGERMATCH-26APR18BOLYUN-YUN,63,5145,62,3981,61,2181,60,6384,59,5400,64,2,65,941,66,13198,67,17104,68,6634,63.5
2026-04-17 11:27:59 PM,KXATPCHALLENGERMATCH-26APR18BOLYUN-YUN,63,5145,62,3981,61,2181,60,6384,59,5400,64,2,65,800,66,13198,67,17104,68,6634,63.5
2026-04-17 11:27:59 PM,KXATPCHALLENGERMATCH-26APR18BOLYUN-YUN,63,5145,62,3981,61,2181,60,6384,59,5400,64,2,65,793,66,13198,67,17104,68,6634,63.5
2026-04-17 11:27:59 PM,KXATPCHALLENGERMATCH-26APR18BOLYUN-YUN,63,5145,62,3981,61,2181,60,6384,59,5400,64,2,65,574,66,13198,67,17104,68,6634,63.5
2026-04-17 11:27:59 PM,KXATPCHALLENGERMATCH-26APR18BOLYUN-YUN,63,5145,62,3981,61,2181,60,6384,59,5400,64,2,65,524,66,13198,67,17104,68,6634,63.5
2026-04-17 11:27:59 PM,KXATPCHALLENGERMATCH-26APR18BOLYUN-YUN,63,5145,62,3981,61,2181,60,6384,59,5400,64,2,65,421,66,13198,67,17104,68,6634,63.5
2026-04-17 11:27:59 PM,KXATPCHALLENGERMATCH-26APR18BOLYUN-YUN,63,5145,62,3981,61,2181,60,6384,59,5400,64,2,65,322,66,13198,67,17104,68,6634,63.5
2026-04-17 11:27:59 PM,KXATPCHALLENGERMATCH-26APR18BOLYUN-YUN,63,5145,62,3981,61,2181,60,6384,59,5400,64,2,65,322,66,12672,67,17104,68,6634,63.5
2026-04-17 11:27:59 PM,KXATPCHALLENGERMATCH-26APR18BOLYUN-YUN,63,5145,62,3981,61,2181,60,6384,59,5400,64,2,65,322,66,12672,67,18104,68,6634,63.5
2026-04-17 11:27:59 PM,KXATPCHALLENGERMATCH-26APR18BOLYUN-YUN,63,5218,62,3981,61,2181,60,6384,59,5400,64,2,65,322,66,12672,67,18104,68,6634,63.5
2026-04-17 11:27:59 PM,KXATPCHALLENGERMATCH-26APR18BOLYUN-YUN,63,5218,62,4054,61,2181,60,6384,59,5400,64,2,65,322,66,12672,67,18104,68,6634,63.5
2026-04-17 11:29:45 PM,KXATPCHALLENGERMATCH-26APR18BOLYUN-YUN,63,5218,62,4054,61,2181,60,6384,59,5400,64,2,65,321,66,12672,67,18104,68,6634,63.5
2026-04-17 11:29:45 PM,KXATPCHALLENGERMATCH-26APR18BOLYUN-YUN,63,5218,62,4054,61,2181,60,6384,59,5400,64,2,65,286,66,12672,67,18104,68,6634,63.5
2026-04-17 11:30:26 PM,KXATPCHALLENGERMATCH-26APR18BOLYUN-YUN,63,5218,62,4054,61,2181,60,6384,59,5400,64,2,65,321,66,12672,67,18104,68,6634,63.5
2026-04-17 11:32:50 PM,KXATPCHALLENGERMATCH-26APR18BOLYUN-YUN,63,5218,62,4019,61,2181,60,6384,59,5400,64,2,65,321,66,12672,67,18104,68,6634,63.5
2026-04-17 11:32:50 PM,KXATPCHALLENGERMATCH-26APR18BOLYUN-YUN,63,5218,62,4019,61,2181,60,6384,59,5400,64,2,65,286,66,12672,67,18104,68,6634,63.5
2026-04-17 11:33:10 PM,KXATPCHALLENGERMATCH-26APR18BOLYUN-YUN,63,5218,62,4019,61,2181,60,6384,59,5400,64,2,65,266,66,12672,67,18104,68,6634,63.5
2026-04-17 11:33:11 PM,KXATPCHALLENGERMATCH-26APR18BOLYUN-YUN,63,4943,62,4019,61,2181,60,6384,59,5400,64,2,65,266,66,12672,67,18104,68,6634,63.5
2026-04-17 11:33:11 PM,KXATPCHALLENGERMATCH-26APR18BOLYUN-YUN,64,275,63,4943,62,4019,61,2181,60,6384,64,2,65,266,66,12672,67,18104,68,6634,64.0
2026-04-17 11:33:11 PM,KXATPCHALLENGERMATCH-26APR18BOLYUN-YUN,64,275,63,4943,62,4019,61,2181,60,6384,64,2,65,12,66,12672,67,18104,68,6634,64.0
2026-04-17 11:33:11 PM,KXATPCHALLENGERMATCH-26APR18BOLYUN-YUN,64,275,63,4943,62,4019,61,2181,60,6384,64,2,65,3,66,12672,67,18104,68,6634,64.0
2026-04-17 11:33:11 PM,KXATPCHALLENGERMATCH-26APR18BOLYUN-YUN,64,275,63,4943,62,4019,61,2181,60,6384,64,2,65,3,66,12672,67,18114,68,6634,64.0
2026-04-17 11:33:11 PM,KXATPCHALLENGERMATCH-26APR18BOLYUN-YUN,64,275,63,4943,62,4019,61,2181,60,6384,64,2,65,193,66,12672,67,18114,68,6634,64.0
2026-04-17 11:33:11 PM,KXATPCHALLENGERMATCH-26APR18BOLYUN-YUN,64,275,63,4943,62,4019,61,2181,60,6384,64,2,65,193,66,12672,67,17114,68,6634,64.0
2026-04-17 11:33:11 PM,KXATPCHALLENGERMATCH-26APR18BOLYUN-YUN,64,275,63,4943,62,4019,61,2181,60,6384,64,2,65,3,66,12672,67,17114,68,6634,64.0
2026-04-17 11:33:11 PM,KXATPCHALLENGERMATCH-26APR18BOLYUN-YUN,64,275,63,4943,62,4019,61,2181,60,6384,64,2,65,3,66,12947,67,17114,68,6634,64.0
2026-04-17 11:33:11 PM,KXATPCHALLENGERMATCH-26APR18BOLYUN-YUN,64,275,63,4943,62,4019,61,2181,60,6384,64,2,65,476,66,12947,67,17114,68,6634,64.0
2026-04-17 11:33:11 PM,KXATPCHALLENGERMATCH-26APR18BOLYUN-YUN,64,275,63,4943,62,4019,61,2181,60,6384,64,2,65,476,66,13473,67,17114,68,6634,64.0
2026-04-17 11:33:11 PM,KXATPCHALLENGERMATCH-26APR18BOLYUN-YUN,63,4943,62,4019,61,2181,60,6384,59,5400,64,2,65,476,66,13473,67,17114,68,6634,63.5
2026-04-17 11:33:11 PM,KXATPCHALLENGERMATCH-26APR18BOLYUN-YUN,63,5218,62,4019,61,2181,60,6384,59,5400,64,2,65,476,66,13473,67,17114,68,6634,63.5
2026-04-17 11:33:11 PM,KXATPCHALLENGERMATCH-26APR18BOLYUN-YUN,63,5218,62,4019,61,2181,60,6384,59,5400,64,2,65,476,66,13198,67,17114,68,6634,63.5
2026-04-17 11:33:11 PM,KXATPCHALLENGERMATCH-26APR18BOLYUN-YUN,63,5218,62,4019,61,2181,60,6384,59,5400,64,2,65,751,66,13198,67,17114,68,6634,63.5
2026-04-17 11:33:11 PM,KXATPCHALLENGERMATCH-26APR18BOLYUN-YUN,63,5218,62,4019,61,2181,60,6384,59,5400,64,2,65,760,66,13198,67,17114,68,6634,63.5
2026-04-17 11:33:11 PM,KXATPCHALLENGERMATCH-26APR18BOLYUN-YUN,63,5218,62,4019,61,2181,60,6384,59,5400,64,2,65,760,66,13198,67,17104,68,6634,63.5
2026-04-17 11:33:11 PM,KXATPCHALLENGERMATCH-26APR18BOLYUN-YUN,63,5218,62,4019,61,2181,60,6384,59,5400,64,2,65,287,66,13198,67,17104,68,6634,63.5
2026-04-17 11:33:11 PM,KXATPCHALLENGERMATCH-26APR18BOLYUN-YUN,63,5218,62,4019,61,2181,60,1384,59,5400,64,2,65,287,66,13198,67,17104,68,6634,63.5
2026-04-17 11:33:11 PM,KXATPCHALLENGERMATCH-26APR18BOLYUN-YUN,63,5218,62,4019,61,2181,60,1384,59,400,64,2,65,287,66,13198,67,17104,68,6634,63.5
2026-04-17 11:33:11 PM,KXATPCHALLENGERMATCH-26APR18BOLYUN-YUN,63,5218,62,4019,61,2181,60,1384,59,400,64,2,65,287,66,12672,67,17104,68,6634,63.5
2026-04-17 11:33:11 PM,KXATPCHALLENGERMATCH-26APR18BOLYUN-YUN,63,4943,62,4019,61,2181,60,1384,59,400,64,2,65,287,66,12672,67,17104,68,6634,63.5
2026-04-17 11:33:11 PM,KXATPCHALLENGERMATCH-26APR18BOLYUN-YUN,64,275,63,4943,62,4019,61,2181,60,1384,64,2,65,287,66,12672,67,17104,68,6634,64.0
2026-04-17 11:33:11 PM,KXATPCHALLENGERMATCH-26APR18BOLYUN-YUN,64,275,63,4943,62,4019,61,2181,60,1384,64,2,65,12,66,12672,67,17104,68,6634,64.0
2026-04-17 11:33:11 PM,KXATPCHALLENGERMATCH-26APR18BOLYUN-YUN,64,275,63,4943,62,4019,61,2181,60,1384,64,2,65,12,66,12672,67,18104,68,6634,64.0
2026-04-17 11:33:11 PM,KXATPCHALLENGERMATCH-26APR18BOLYUN-YUN,64,275,63,4943,62,4019,61,2181,60,1384,64,2,65,12,66,12947,67,18104,68,6634,64.0
2026-04-17 11:33:12 PM,KXATPCHALLENGERMATCH-26APR18BOLYUN-YUN,64,275,63,4943,62,4019,61,2181,60,1384,64,2,65,12,66,12947,67,18114,68,6634,64.0
2026-04-17 11:33:12 PM,KXATPCHALLENGERMATCH-26APR18BOLYUN-YUN,64,275,63,4943,62,4019,61,2181,60,1384,64,2,65,3,66,12947,67,18114,68,6634,64.0
2026-04-17 11:33:12 PM,KXATPCHALLENGERMATCH-26APR18BOLYUN-YUN,64,275,63,4943,62,4019,61,2181,60,1384,64,2,65,3,66,12947,67,17114,68,6634,64.0
2026-04-17 11:33:12 PM,KXATPCHALLENGERMATCH-26APR18BOLYUN-YUN,64,275,63,4943,62,4019,61,2181,60,1384,64,2,65,476,66,12947,67,17114,68,6634,64.0
2026-04-17 11:33:12 PM,KXATPCHALLENGERMATCH-26APR18BOLYUN-YUN,64,275,63,4943,62,4019,61,2181,60,1384,64,2,65,476,66,13473,67,17114,68,6634,64.0
2026-04-17 11:33:12 PM,KXATPCHALLENGERMATCH-26APR18BOLYUN-YUN,63,4943,62,4019,61,2181,60,1384,59,400,64,2,65,476,66,13473,67,17114,68,6634,63.5
2026-04-17 11:33:12 PM,KXATPCHALLENGERMATCH-26APR18BOLYUN-YUN,63,5218,62,4019,61,2181,60,1384,59,400,64,2,65,476,66,13473,67,17114,68,6634,63.5
2026-04-17 11:33:12 PM,KXATPCHALLENGERMATCH-26APR18BOLYUN-YUN,63,5218,62,4019,61,2181,60,1384,59,400,64,2,65,476,66,13198,67,17114,68,6634,63.5
2026-04-17 11:33:12 PM,KXATPCHALLENGERMATCH-26APR18BOLYUN-YUN,63,5218,62,4019,61,2181,60,1384,59,400,64,2,65,751,66,13198,67,17114,68,6634,63.5
2026-04-17 11:33:12 PM,KXATPCHALLENGERMATCH-26APR18BOLYUN-YUN,63,5218,62,4019,61,2181,60,1384,59,400,64,2,65,751,66,13198,67,17104,68,6634,63.5
2026-04-17 11:33:12 PM,KXATPCHALLENGERMATCH-26APR18BOLYUN-YUN,63,5218,62,4019,61,2181,60,1384,59,400,64,2,65,760,66,13198,67,17104,68,6634,63.5
2026-04-17 11:33:12 PM,KXATPCHALLENGERMATCH-26APR18BOLYUN-YUN,63,5218,62,4019,61,2181,60,1384,59,400,64,2,65,287,66,13198,67,17104,68,6634,63.5
2026-04-17 11:33:12 PM,KXATPCHALLENGERMATCH-26APR18BOLYUN-YUN,63,4943,62,4019,61,2181,60,1384,59,400,64,2,65,287,66,13198,67,17104,68,6634,63.5
2026-04-17 11:33:12 PM,KXATPCHALLENGERMATCH-26APR18BOLYUN-YUN,63,4943,62,4019,61,2181,60,1384,59,400,64,2,65,287,66,12672,67,17104,68,6634,63.5
2026-04-17 11:33:12 PM,KXATPCHALLENGERMATCH-26APR18BOLYUN-YUN,64,275,63,4943,62,4019,61,2181,60,1384,64,2,65,287,66,12672,67,17104,68,6634,64.0
2026-04-17 11:33:12 PM,KXATPCHALLENGERMATCH-26APR18BOLYUN-YUN,64,275,63,4943,62,4019,61,2181,60,1384,64,2,65,12,66,12672,67,17104,68,6634,64.0
2026-04-17 11:33:12 PM,KXATPCHALLENGERMATCH-26APR18BOLYUN-YUN,64,275,63,4943,62,4019,61,2181,60,1384,64,2,65,12,66,12947,67,17104,68,6634,64.0
2026-04-17 11:33:12 PM,KXATPCHALLENGERMATCH-26APR18BOLYUN-YUN,64,275,63,4943,62,4019,61,2181,60,1384,64,2,65,12,66,12947,67,18104,68,6634,64.0
2026-04-17 11:33:13 PM,KXATPCHALLENGERMATCH-26APR18BOLYUN-YUN,64,275,63,4943,62,4019,61,2181,60,1384,64,2,65,3,66,12947,67,18104,68,6634,64.0
2026-04-17 11:33:13 PM,KXATPCHALLENGERMATCH-26APR18BOLYUN-YUN,64,275,63,4943,62,4019,61,2181,60,1384,64,2,65,3,66,12947,67,18114,68,6634,64.0
2026-04-17 11:33:19 PM,KXATPCHALLENGERMATCH-26APR18BOLYUN-YUN,64,275,63,4943,62,4019,61,2181,60,6384,64,2,65,3,66,12947,67,18114,68,6634,64.0
2026-04-17 11:34:46 PM,KXATPCHALLENGERMATCH-26APR18BOLYUN-YUN,64,275,63,4943,62,4019,61,2181,60,6384,64,2,65,3,66,12847,67,18114,68,6634,64.0
2026-04-17 11:36:33 PM,KXATPCHALLENGERMATCH-26APR18BOLYUN-YUN,64,275,63,4943,62,4019,61,2181,60,6384,64,2,65,3,66,12744,67,18114,68,6634,64.0
2026-04-17 11:37:27 PM,KXATPCHALLENGERMATCH-26APR18BOLYUN-YUN,64,310,63,4943,62,4019,61,2181,60,6384,64,2,65,3,66,12744,67,18114,68,6634,64.0
2026-04-17 11:37:57 PM,KXATPCHALLENGERMATCH-26APR18BOLYUN-YUN,64,310,63,4943,62,4019,61,2181,60,6384,64,2,65,3,66,12779,67,18114,68,6634,64.0
2026-04-17 11:39:03 PM,KXATPCHALLENGERMATCH-26APR18BOLYUN-YUN,64,310,63,4943,62,4019,61,2181,60,6384,64,2,65,3,66,12797,67,18114,68,6634,64.0
2026-04-17 11:39:35 PM,KXATPCHALLENGERMATCH-26APR18BOLYUN-YUN,64,310,63,4943,62,4019,61,2181,60,6384,64,2,65,3,66,12796,67,18114,68,6634,64.0
2026-04-17 11:40:58 PM,KXATPCHALLENGERMATCH-26APR18BOLYUN-YUN,64,275,63,4943,62,4019,61,2181,60,6384,64,2,65,3,66,12796,67,18114,68,6634,64.0
2026-04-17 11:40:58 PM,KXATPCHALLENGERMATCH-26APR18BOLYUN-YUN,64,275,63,4943,62,4019,61,2181,60,6384,64,2,65,3,66,12761,67,18114,68,6634,64.0
2026-04-17 11:41:07 PM,KXATPCHALLENGERMATCH-26APR18BOLYUN-YUN,64,275,63,4943,62,4019,61,2181,60,6384,64,2,65,3,66,12743,67,18114,68,6634,64.0
2026-04-17 11:44:59 PM,KXATPCHALLENGERMATCH-26APR18BOLYUN-YUN,64,275,63,4943,62,4019,61,2181,60,6384,64,2,65,3,66,12761,67,18114,68,6634,64.0
2026-04-17 11:45:04 PM,KXATPCHALLENGERMATCH-26APR18BOLYUN-YUN,64,275,63,4943,62,4019,61,2181,60,6384,64,2,65,3,66,12756,67,18114,68,6634,64.0
2026-04-17 11:46:28 PM,KXATPCHALLENGERMATCH-26APR18BOLYUN-YUN,64,275,63,4943,62,4019,61,2181,60,6384,64,2,65,3,66,12738,67,18114,68,6634,64.0
2026-04-17 11:48:06 PM,KXATPCHALLENGERMATCH-26APR18BOLYUN-YUN,64,275,63,4943,62,4019,61,2181,60,6384,64,2,65,3,66,12756,67,18114,68,6634,64.0
2026-04-17 11:48:33 PM,KXATPCHALLENGERMATCH-26APR18BOLYUN-YUN,64,275,63,4943,62,4019,61,2181,60,6384,64,2,65,3,66,12727,67,18114,68,6634,64.0
2026-04-17 11:49:36 PM,KXATPCHALLENGERMATCH-26APR18BOLYUN-YUN,64,275,63,4143,62,4019,61,2181,60,6384,64,2,65,3,66,12727,67,18114,68,6634,64.0
2026-04-17 11:49:36 PM,KXATPCHALLENGERMATCH-26APR18BOLYUN-YUN,64,275,63,4143,62,4019,61,1381,60,6384,64,2,65,3,66,12727,67,18114,68,6634,64.0
2026-04-17 11:49:36 PM,KXATPCHALLENGERMATCH-26APR18BOLYUN-YUN,64,275,63,4143,62,4019,61,1381,60,6384,64,2,65,3,66,11927,67,18114,68,6634,64.0
2026-04-17 11:49:36 PM,KXATPCHALLENGERMATCH-26APR18BOLYUN-YUN,64,275,63,4143,62,4819,61,1381,60,6384,64,2,65,3,66,11927,67,18114,68,6634,64.0
2026-04-17 11:49:36 PM,KXATPCHALLENGERMATCH-26APR18BOLYUN-YUN,64,275,63,4143,62,4819,61,1381,60,6384,64,2,65,3,66,11927,67,18914,68,6634,64.0
2026-04-17 11:49:36 PM,KXATPCHALLENGERMATCH-26APR18BOLYUN-YUN,64,275,63,4143,62,4819,61,1381,60,6384,64,2,65,803,66,11927,67,18914,68,6634,64.0
2026-04-17 11:49:36 PM,KXATPCHALLENGERMATCH-26APR18BOLYUN-YUN,64,275,63,4143,62,4819,61,1381,60,6384,64,2,65,803,66,11927,67,18904,68,6634,64.0
2026-04-17 11:49:36 PM,KXATPCHALLENGERMATCH-26APR18BOLYUN-YUN,64,275,63,4143,62,4819,61,1381,60,6384,64,2,65,812,66,11927,67,18904,68,6634,64.0
2026-04-17 11:49:36 PM,KXATPCHALLENGERMATCH-26APR18BOLYUN-YUN,64,275,63,4143,62,4819,61,1381,60,6384,64,2,65,812,66,11909,67,18904,68,6634,64.0
2026-04-17 11:49:36 PM,KXATPCHALLENGERMATCH-26APR18BOLYUN-YUN,64,275,63,4143,62,4819,61,1381,60,6384,64,2,65,812,66,11909,67,17904,68,6634,64.0
2026-04-17 11:49:36 PM,KXATPCHALLENGERMATCH-26APR18BOLYUN-YUN,64,275,63,4143,62,4819,61,1381,60,6384,64,2,65,1285,66,11909,67,17904,68,6634,64.0
2026-04-17 11:49:36 PM,KXATPCHALLENGERMATCH-26APR18BOLYUN-YUN,63,4143,62,4819,61,1381,60,6384,59,6200,64,2,65,1285,66,11909,67,17904,68,6634,63.5
2026-04-17 11:49:36 PM,KXATPCHALLENGERMATCH-26APR18BOLYUN-YUN,63,4143,62,4819,61,1381,60,6384,59,6200,64,2,65,1285,66,12435,67,17904,68,6634,63.5
2026-04-17 11:49:36 PM,KXATPCHALLENGERMATCH-26APR18BOLYUN-YUN,63,4418,62,4819,61,1381,60,6384,59,6200,64,2,65,1285,66,12435,67,17904,68,6634,63.5
2026-04-17 11:49:36 PM,KXATPCHALLENGERMATCH-26APR18BOLYUN-YUN,63,4418,62,4819,61,1381,60,6384,59,6200,64,2,65,1285,66,12160,67,17904,68,6634,63.5
2026-04-17 11:49:37 PM,KXATPCHALLENGERMATCH-26APR18BOLYUN-YUN,63,4418,62,4819,61,1381,60,6384,59,6200,64,2,65,1560,66,12160,67,17904,68,6634,63.5
2026-04-17 11:50:38 PM,KXATPCHALLENGERMATCH-26APR18BOLYUN-YUN,63,4418,62,4819,61,1381,60,6384,59,6200,64,2,65,1575,66,12160,67,17904,68,6634,63.5
2026-04-17 11:50:38 PM,KXATPCHALLENGERMATCH-26APR18BOLYUN-YUN,63,4411,62,4819,61,1381,60,6384,59,6200,64,2,65,1575,66,12160,67,17904,68,6634,63.5
2026-04-17 11:50:38 PM,KXATPCHALLENGERMATCH-26APR18BOLYUN-YUN,63,4411,62,4812,61,1381,60,6384,59,6200,64,2,65,1575,66,12160,67,17904,68,6634,63.5
2026-04-17 11:50:38 PM,KXATPCHALLENGERMATCH-26APR18BOLYUN-YUN,63,4411,62,4812,61,1381,60,6384,59,6200,64,2,65,1585,66,12160,67,17904,68,6634,63.5
2026-04-17 11:50:38 PM,KXATPCHALLENGERMATCH-26APR18BOLYUN-YUN,63,4406,62,4812,61,1381,60,6384,59,6200,64,2,65,1585,66,12160,67,17904,68,6634,63.5
2026-04-17 11:50:38 PM,KXATPCHALLENGERMATCH-26APR18BOLYUN-YUN,63,4406,62,4807,61,1381,60,6384,59,6200,64,2,65,1585,66,12160,67,17904,68,6634,63.5
2026-04-17 11:53:15 PM,KXATPCHALLENGERMATCH-26APR18BOLYUN-YUN,63,4406,62,4807,61,1381,60,6384,59,6200,64,2,65,1587,66,12160,67,17904,68,6634,63.5
2026-04-17 11:53:15 PM,KXATPCHALLENGERMATCH-26APR18BOLYUN-YUN,63,4405,62,4807,61,1381,60,6384,59,6200,64,2,65,1587,66,12160,67,17904,68,6634,63.5
2026-04-17 11:53:16 PM,KXATPCHALLENGERMATCH-26APR18BOLYUN-YUN,63,4405,62,4806,61,1381,60,6384,59,6200,64,2,65,1587,66,12160,67,17904,68,6634,63.5
2026-04-17 11:56:37 PM,KXATPCHALLENGERMATCH-26APR18BOLYUN-YUN,63,4405,62,4806,61,1381,60,6384,59,6200,64,2,65,1565,66,12160,67,17904,68,6634,63.5
2026-04-17 11:56:39 PM,KXATPCHALLENGERMATCH-26APR18BOLYUN-YUN,63,4405,62,4806,61,1381,60,6384,59,6200,64,2,65,787,66,12160,67,17904,68,6634,63.5
2026-04-17 11:56:39 PM,KXATPCHALLENGERMATCH-26APR18BOLYUN-YUN,63,4405,62,4806,61,1381,60,6384,59,6200,64,2,65,787,66,12160,67,17104,68,6634,63.5
2026-04-17 11:56:39 PM,KXATPCHALLENGERMATCH-26APR18BOLYUN-YUN,63,4405,62,4806,61,1381,60,6384,59,6200,64,2,65,787,66,12960,67,17104,68,6634,63.5
2026-04-18 12:00:12 AM,KXATPCHALLENGERMATCH-26APR18BOLYUN-YUN,63,4405,62,4806,61,1381,60,6384,59,6200,64,2,65,787,66,12960,67,12104,68,6634,63.5
2026-04-18 12:00:12 AM,KXATPCHALLENGERMATCH-26APR18BOLYUN-YUN,63,4405,62,4806,61,1381,60,6384,59,6200,64,2,65,787,66,12960,67,10104,68,6634,63.5
2026-04-18 12:00:12 AM,KXATPCHALLENGERMATCH-26APR18BOLYUN-YUN,63,4405,62,4806,61,1381,60,6384,59,6200,64,2,65,787,66,10960,67,10104,68,6634,63.5
2026-04-18 12:00:19 AM,KXATPCHALLENGERMATCH-26APR18BOLYUN-YUN,63,4405,62,4806,61,1381,60,6384,59,6200,64,2,65,787,66,10960,67,15104,68,6634,63.5
2026-04-18 12:00:19 AM,KXATPCHALLENGERMATCH-26APR18BOLYUN-YUN,63,4405,62,4806,61,1381,60,6384,59,6200,64,2,65,787,66,10960,67,17104,68,6634,63.5
2026-04-18 12:00:19 AM,KXATPCHALLENGERMATCH-26APR18BOLYUN-YUN,63,4405,62,4806,61,1381,60,6384,59,6200,64,2,65,787,66,12960,67,17104,68,6634,63.5
2026-04-18 12:00:28 AM,KXATPCHALLENGERMATCH-26APR18BOLYUN-YUN,63,4405,62,4806,61,1381,60,6384,59,6200,64,2,65,787,66,12960,67,12104,68,6634,63.5
2026-04-18 12:00:28 AM,KXATPCHALLENGERMATCH-26APR18BOLYUN-YUN,63,4405,62,4806,61,1381,60,6384,59,6200,64,2,65,787,66,10960,67,12104,68,6634,63.5
2026-04-18 12:00:28 AM,KXATPCHALLENGERMATCH-26APR18BOLYUN-YUN,63,4405,62,4806,61,1381,60,6384,59,6200,64,2,65,787,66,10960,67,10104,68,6634,63.5
2026-04-18 12:00:38 AM,KXATPCHALLENGERMATCH-26APR18BOLYUN-YUN,63,4405,62,4806,61,1381,60,6384,59,6200,64,2,65,787,66,10960,67,15104,68,6634,63.5
2026-04-18 12:00:38 AM,KXATPCHALLENGERMATCH-26APR18BOLYUN-YUN,63,4405,62,4806,61,1381,60,6384,59,6200,64,2,65,787,66,10960,67,17104,68,6634,63.5
2026-04-18 12:00:38 AM,KXATPCHALLENGERMATCH-26APR18BOLYUN-YUN,63,4405,62,4806,61,1381,60,6384,59,6200,64,2,65,787,66,12960,67,17104,68,6634,63.5
2026-04-18 12:00:52 AM,KXATPCHALLENGERMATCH-26APR18BOLYUN-YUN,63,4405,62,4806,61,1381,60,6385,59,6200,64,2,65,787,66,12960,67,17104,68,6634,63.5
2026-04-18 12:00:52 AM,KXATPCHALLENGERMATCH-26APR18BOLYUN-YUN,63,4405,62,4806,61,1381,60,6385,59,6200,64,2,65,787,66,12960,67,17104,68,6637,63.5
2026-04-18 12:00:52 AM,KXATPCHALLENGERMATCH-26APR18BOLYUN-YUN,63,4405,62,4806,61,1381,60,6385,59,6201,64,2,65,787,66,12960,67,17104,68,6637,63.5
2026-04-18 12:02:11 AM,KXATPCHALLENGERMATCH-26APR18BOLYUN-YUN,63,4405,62,4806,61,1381,60,6385,59,6201,64,2,65,787,66,12960,67,18496,68,6637,63.5
2026-04-18 12:02:11 AM,KXATPCHALLENGERMATCH-26APR18BOLYUN-YUN,63,4405,62,4806,61,1381,60,6385,59,6201,64,2,65,787,66,11568,67,18496,68,6637,63.5
2026-04-18 12:02:20 AM,KXATPCHALLENGERMATCH-26APR18BOLYUN-YUN,63,4405,62,4806,61,1381,60,6385,59,6201,64,2,65,787,66,12960,67,18496,68,6637,63.5
2026-04-18 12:02:20 AM,KXATPCHALLENGERMATCH-26APR18BOLYUN-YUN,63,4405,62,4806,61,1381,60,6385,59,6201,64,2,65,787,66,14960,67,18496,68,6637,63.5
2026-04-18 12:02:20 AM,KXATPCHALLENGERMATCH-26APR18BOLYUN-YUN,63,4405,62,4806,61,1381,60,6385,59,6201,64,2,65,787,66,14960,67,17104,68,6637,63.5
2026-04-18 12:02:20 AM,KXATPCHALLENGERMATCH-26APR18BOLYUN-YUN,63,4405,62,4806,61,1381,60,6385,59,6201,64,2,65,787,66,12960,67,17104,68,6637,63.5
2026-04-18 12:06:13 AM,KXATPCHALLENGERMATCH-26APR18BOLYUN-YUN,63,4405,62,4806,61,1381,60,6385,59,6201,64,2,65,778,66,12960,67,17104,68,6637,63.5
2026-04-18 12:06:13 AM,KXATPCHALLENGERMATCH-26APR18BOLYUN-YUN,63,4405,62,4806,61,1381,60,6385,59,6201,64,2,65,778,66,12945,67,17104,68,6637,63.5
2026-04-18 12:06:15 AM,KXATPCHALLENGERMATCH-26APR18BOLYUN-YUN,63,4405,62,4806,61,1381,60,6385,59,6201,64,2,65,778,66,12954,67,17104,68,6637,63.5
2026-04-18 12:06:15 AM,KXATPCHALLENGERMATCH-26APR18BOLYUN-YUN,63,4405,62,4806,61,1381,60,6385,59,6201,64,2,65,778,66,12954,67,17115,68,6637,63.5
2026-04-18 12:07:11 AM,KXATPCHALLENGERMATCH-26APR18BOLYUN-YUN,63,4405,62,4806,61,1381,60,6385,59,6201,64,2,65,774,66,12954,67,17115,68,6637,63.5
2026-04-18 12:07:11 AM,KXATPCHALLENGERMATCH-26APR18BOLYUN-YUN,63,4407,62,4806,61,1381,60,6385,59,6201,64,2,65,774,66,12954,67,17115,68,6637,63.5
2026-04-18 12:07:11 AM,KXATPCHALLENGERMATCH-26APR18BOLYUN-YUN,63,4407,62,4808,61,1381,60,6385,59,6201,64,2,65,774,66,12954,67,17115,68,6637,63.5
2026-04-18 12:11:02 AM,KXATPCHALLENGERMATCH-26APR18BOLYUN-YUN,63,4407,62,4808,61,1381,60,6385,59,6201,64,2,65,774,66,12954,67,17104,68,6637,63.5
2026-04-18 12:11:02 AM,KXATPCHALLENGERMATCH-26APR18BOLYUN-YUN,63,4407,62,4808,61,1381,60,6385,59,6201,64,2,65,783,66,12954,67,17104,68,6637,63.5
2026-04-18 12:11:32 AM,KXATPCHALLENGERMATCH-26APR18BOLYUN-YUN,63,4407,62,4808,61,1381,60,6385,59,6201,64,2,65,761,66,12954,67,17104,68,6637,63.5
2026-04-18 12:11:33 AM,KXATPCHALLENGERMATCH-26APR18BOLYUN-YUN,63,4418,62,4808,61,1381,60,6385,59,6201,64,2,65,761,66,12954,67,17104,68,6637,63.5
2026-04-18 12:11:33 AM,KXATPCHALLENGERMATCH-26APR18BOLYUN-YUN,63,4418,62,4819,61,1381,60,6385,59,6201,64,2,65,761,66,12954,67,17104,68,6637,63.5
2026-04-18 12:13:14 AM,KXATPCHALLENGERMATCH-26APR18BOLYUN-YUN,63,4414,62,4819,61,1381,60,6385,59,6201,64,2,65,761,66,12954,67,17104,68,6637,63.5
2026-04-18 12:13:14 AM,KXATPCHALLENGERMATCH-26APR18BOLYUN-YUN,63,4410,62,4819,61,1381,60,6385,59,6201,64,2,65,761,66,12954,67,17104,68,6637,63.5
2026-04-18 12:13:14 AM,KXATPCHALLENGERMATCH-26APR18BOLYUN-YUN,63,4407,62,4819,61,1381,60,6385,59,6201,64,2,65,761,66,12954,67,17104,68,6637,63.5
2026-04-18 12:13:15 AM,KXATPCHALLENGERMATCH-26APR18BOLYUN-YUN,63,4403,62,4819,61,1381,60,6385,59,6201,64,2,65,761,66,12954,67,17104,68,6637,63.5
2026-04-18 12:13:15 AM,KXATPCHALLENGERMATCH-26APR18BOLYUN-YUN,63,4401,62,4819,61,1381,60,6385,59,6201,64,2,65,761,66,12954,67,17104,68,6637,63.5
2026-04-18 12:13:15 AM,KXATPCHALLENGERMATCH-26APR18BOLYUN-YUN,63,4400,62,4819,61,1381,60,6385,59,6201,64,2,65,761,66,12954,67,17104,68,6637,63.5
2026-04-18 12:13:15 AM,KXATPCHALLENGERMATCH-26APR18BOLYUN-YUN,63,4400,62,4819,61,1381,60,6385,59,6201,64,2,65,762,66,12954,67,17104,68,6637,63.5
2026-04-18 12:13:15 AM,KXATPCHALLENGERMATCH-26APR18BOLYUN-YUN,63,4396,62,4819,61,1381,60,6385,59,6201,64,2,65,762,66,12954,67,17104,68,6637,63.5
2026-04-18 12:13:15 AM,KXATPCHALLENGERMATCH-26APR18BOLYUN-YUN,63,4392,62,4819,61,1381,60,6385,59,6201,64,2,65,762,66,12954,67,17104,68,6637,63.5
2026-04-18 12:13:15 AM,KXATPCHALLENGERMATCH-26APR18BOLYUN-YUN,63,4392,62,4819,61,1381,60,6385,59,6201,64,2,65,766,66,12954,67,17104,68,6637,63.5
2026-04-18 12:13:15 AM,KXATPCHALLENGERMATCH-26APR18BOLYUN-YUN,63,4394,62,4819,61,1381,60,6385,59,6201,64,2,65,766,66,12954,67,17104,68,6637,63.5
2026-04-18 12:13:15 AM,KXATPCHALLENGERMATCH-26APR18BOLYUN-YUN,63,4390,62,4819,61,1381,60,6385,59,6201,64,2,65,766,66,12954,67,17104,68,6637,63.5
2026-04-18 12:13:15 AM,KXATPCHALLENGERMATCH-26APR18BOLYUN-YUN,63,4390,62,4817,61,1381,60,6385,59,6201,64,2,65,766,66,12954,67,17104,68,6637,63.5
2026-04-18 12:13:15 AM,KXATPCHALLENGERMATCH-26APR18BOLYUN-YUN,63,4387,62,4817,61,1381,60,6385,59,6201,64,2,65,766,66,12954,67,17104,68,6637,63.5
2026-04-18 12:13:15 AM,KXATPCHALLENGERMATCH-26APR18BOLYUN-YUN,63,4383,62,4817,61,1381,60,6385,59,6201,64,2,65,766,66,12954,67,17104,68,6637,63.5
2026-04-18 12:13:15 AM,KXATPCHALLENGERMATCH-26APR18BOLYUN-YUN,63,4383,62,4817,61,1381,60,6385,59,6201,64,2,65,770,66,12954,67,17104,68,6637,63.5
2026-04-18 12:13:15 AM,KXATPCHALLENGERMATCH-26APR18BOLYUN-YUN,63,4385,62,4817,61,1381,60,6385,59,6201,64,2,65,770,66,12954,67,17104,68,6637,63.5
2026-04-18 12:13:16 AM,KXATPCHALLENGERMATCH-26APR18BOLYUN-YUN,63,4385,62,4815,61,1381,60,6385,59,6201,64,2,65,770,66,12954,67,17104,68,6637,63.5
2026-04-18 12:13:16 AM,KXATPCHALLENGERMATCH-26APR18BOLYUN-YUN,63,4381,62,4815,61,1381,60,6385,59,6201,64,2,65,770,66,12954,67,17104,68,6637,63.5
2026-04-18 12:13:16 AM,KXATPCHALLENGERMATCH-26APR18BOLYUN-YUN,63,4377,62,4815,61,1381,60,6385,59,6201,64,2,65,770,66,12954,67,17104,68,6637,63.5
2026-04-18 12:13:16 AM,KXATPCHALLENGERMATCH-26APR18BOLYUN-YUN,63,4377,62,4815,61,1381,60,6385,59,6201,64,2,65,774,66,12954,67,17104,68,6637,63.5
2026-04-18 12:13:16 AM,KXATPCHALLENGERMATCH-26APR18BOLYUN-YUN,63,4379,62,4815,61,1381,60,6385,59,6201,64,2,65,774,66,12954,67,17104,68,6637,63.5
2026-04-18 12:13:16 AM,KXATPCHALLENGERMATCH-26APR18BOLYUN-YUN,63,4379,62,4813,61,1381,60,6385,59,6201,64,2,65,774,66,12954,67,17104,68,6637,63.5
2026-04-18 12:13:16 AM,KXATPCHALLENGERMATCH-26APR18BOLYUN-YUN,63,4375,62,4813,61,1381,60,6385,59,6201,64,2,65,774,66,12954,67,17104,68,6637,63.5
2026-04-18 12:13:16 AM,KXATPCHALLENGERMATCH-26APR18BOLYUN-YUN,63,4371,62,4813,61,1381,60,6385,59,6201,64,2,65,774,66,12954,67,17104,68,6637,63.5
2026-04-18 12:13:16 AM,KXATPCHALLENGERMATCH-26APR18BOLYUN-YUN,63,4367,62,4813,61,1381,60,6385,59,6201,64,2,65,774,66,12954,67,17104,68,6637,63.5
2026-04-18 12:13:16 AM,KXATPCHALLENGERMATCH-26APR18BOLYUN-YUN,63,4363,62,4813,61,1381,60,6385,59,6201,64,2,65,774,66,12954,67,17104,68,6637,63.5
2026-04-18 12:13:17 AM,KXATPCHALLENGERMATCH-26APR18BOLYUN-YUN,63,4359,62,4813,61,1381,60,6385,59,6201,64,2,65,774,66,12954,67,17104,68,6637,63.5
2026-04-18 12:13:19 AM,KXATPCHALLENGERMATCH-26APR18BOLYUN-YUN,63,4359,62,4813,61,1381,60,6385,59,6201,64,2,65,745,66,12954,67,17104,68,6637,63.5
2026-04-18 12:13:19 AM,KXATPCHALLENGERMATCH-26APR18BOLYUN-YUN,63,4373,62,4813,61,1381,60,6385,59,6201,64,2,65,745,66,12954,67,17104,68,6637,63.5
2026-04-18 12:13:19 AM,KXATPCHALLENGERMATCH-26APR18BOLYUN-YUN,63,4373,62,4827,61,1381,60,6385,59,6201,64,2,65,745,66,12954,67,17104,68,6637,63.5
2026-04-18 12:16:28 AM,KXATPCHALLENGERMATCH-26APR18BOLYUN-YUN,63,4373,62,4827,61,1381,60,6385,59,6201,64,2,65,745,66,13954,67,17104,68,6637,63.5
2026-04-18 12:16:31 AM,KXATPCHALLENGERMATCH-26APR18BOLYUN-YUN,63,4373,62,4827,61,1381,60,6385,59,6201,64,2,65,780,66,13954,67,17104,68,6637,63.5
2026-04-18 12:16:44 AM,KXATPCHALLENGERMATCH-26APR18BOLYUN-YUN,63,4362,62,4827,61,1381,60,6385,59,6201,64,2,65,780,66,13954,67,17104,68,6637,63.5
2026-04-18 12:16:44 AM,KXATPCHALLENGERMATCH-26APR18BOLYUN-YUN,63,4362,62,4812,61,1381,60,6385,59,6201,64,2,65,780,66,13954,67,17104,68,6637,63.5
2026-04-18 12:16:44 AM,KXATPCHALLENGERMATCH-26APR18BOLYUN-YUN,63,4362,62,4812,61,1381,60,6385,59,6201,64,2,65,780,66,13945,67,17104,68,6637,63.5
2026-04-18 12:16:44 AM,KXATPCHALLENGERMATCH-26APR18BOLYUN-YUN,63,4362,62,4812,61,1381,60,6385,59,6201,64,2,65,771,66,13945,67,17104,68,6637,63.5
2026-04-18 12:16:44 AM,KXATPCHALLENGERMATCH-26APR18BOLYUN-YUN,63,4373,62,4812,61,1381,60,6385,59,6201,64,2,65,771,66,13945,67,17104,68,6637,63.5
2026-04-18 12:16:44 AM,KXATPCHALLENGERMATCH-26APR18BOLYUN-YUN,63,4373,62,4816,61,1381,60,6385,59,6201,64,2,65,771,66,13945,67,17104,68,6637,63.5
2026-04-18 12:16:44 AM,KXATPCHALLENGERMATCH-26APR18BOLYUN-YUN,63,4373,62,4816,61,1381,60,6385,59,6201,64,2,65,780,66,13945,67,17104,68,6637,63.5
2026-04-18 12:16:44 AM,KXATPCHALLENGERMATCH-26APR18BOLYUN-YUN,63,4373,62,4816,61,1381,60,6385,59,6201,64,2,65,780,66,13956,67,17104,68,6637,63.5
2026-04-18 12:16:45 AM,KXATPCHALLENGERMATCH-26APR18BOLYUN-YUN,63,4373,62,4822,61,1381,60,6385,59,6201,64,2,65,780,66,13956,67,17104,68,6637,63.5
2026-04-18 12:16:48 AM,KXATPCHALLENGERMATCH-26APR18BOLYUN-YUN,63,4373,62,4857,61,1381,60,6385,59,6201,64,2,65,780,66,13956,67,17104,68,6637,63.5
2026-04-18 12:17:34 AM,KXATPCHALLENGERMATCH-26APR18BOLYUN-YUN,63,4373,62,4857,61,1381,60,6385,59,6201,64,2,65,745,66,13956,67,17104,68,6637,63.5
2026-04-18 12:17:34 AM,KXATPCHALLENGERMATCH-26APR18BOLYUN-YUN,63,4373,62,4822,61,1381,60,6385,59,6201,64,2,65,745,66,13956,67,17104,68,6637,63.5
2026-04-18 12:21:51 AM,KXATPCHALLENGERMATCH-26APR18BOLYUN-YUN,63,4373,62,4822,61,1381,60,6385,59,6201,64,2,65,745,66,13956,67,12104,68,6637,63.5
2026-04-18 12:21:51 AM,KXATPCHALLENGERMATCH-26APR18BOLYUN-YUN,63,4373,62,4822,61,1381,60,6385,59,6201,64,2,65,745,66,13956,67,10104,68,6637,63.5
2026-04-18 12:21:51 AM,KXATPCHALLENGERMATCH-26APR18BOLYUN-YUN,63,4373,62,4822,61,1381,60,6385,59,6201,64,2,65,745,66,11956,67,10104,68,6637,63.5
2026-04-18 12:21:51 AM,KXATPCHALLENGERMATCH-26APR18BOLYUN-YUN,63,4373,62,4822,61,1381,60,1385,59,6201,64,2,65,745,66,11956,67,10104,68,6637,63.5
2026-04-18 12:21:51 AM,KXATPCHALLENGERMATCH-26APR18BOLYUN-YUN,63,4373,62,4822,61,1381,60,1385,59,1201,64,2,65,745,66,11956,67,10104,68,6637,63.5
2026-04-18 12:22:06 AM,KXATPCHALLENGERMATCH-26APR18BOLYUN-YUN,63,4373,62,4822,61,1381,60,6385,59,1201,64,2,65,745,66,11956,67,10104,68,6637,63.5
2026-04-18 12:22:06 AM,KXATPCHALLENGERMATCH-26APR18BOLYUN-YUN,63,4373,62,4822,61,1381,60,6385,59,6201,64,2,65,745,66,11956,67,10104,68,6637,63.5
2026-04-18 12:22:24 AM,KXATPCHALLENGERMATCH-26APR18BOLYUN-YUN,63,4373,62,4822,61,2773,60,6385,59,6201,64,2,65,745,66,11956,67,10104,68,6637,63.5
2026-04-18 12:22:24 AM,KXATPCHALLENGERMATCH-26APR18BOLYUN-YUN,63,4373,62,3436,61,2773,60,6385,59,6201,64,2,65,745,66,11956,67,10104,68,6637,63.5
2026-04-18 12:22:24 AM,KXATPCHALLENGERMATCH-26APR18BOLYUN-YUN,63,4373,62,3436,61,2773,60,6385,59,6201,64,2,65,745,66,10564,67,10104,68,6637,63.5
2026-04-18 12:22:25 AM,KXATPCHALLENGERMATCH-26APR18BOLYUN-YUN,63,4373,62,3436,61,2773,60,6385,59,6201,64,2,65,745,66,11956,67,10104,68,6637,63.5
2026-04-18 12:22:25 AM,KXATPCHALLENGERMATCH-26APR18BOLYUN-YUN,63,4373,62,3436,61,2773,60,6385,59,6201,64,2,65,745,66,11956,67,10104,68,1637,63.5
2026-04-18 12:22:25 AM,KXATPCHALLENGERMATCH-26APR18BOLYUN-YUN,63,4373,62,3436,61,2773,60,6385,59,6201,64,2,65,745,66,11956,67,8104,68,1637,63.5
2026-04-18 12:22:25 AM,KXATPCHALLENGERMATCH-26APR18BOLYUN-YUN,63,4373,62,3436,61,1381,60,6385,59,6201,64,2,65,745,66,11956,67,8104,68,1637,63.5
2026-04-18 12:22:38 AM,KXATPCHALLENGERMATCH-26APR18BOLYUN-YUN,63,4373,62,4828,61,1381,60,6385,59,6201,64,2,65,745,66,11956,67,8104,68,1637,63.5
2026-04-18 12:22:38 AM,KXATPCHALLENGERMATCH-26APR18BOLYUN-YUN,63,4373,62,4828,61,1381,60,6385,59,6201,64,2,65,745,66,11956,67,8104,68,6637,63.5
2026-04-18 12:22:38 AM,KXATPCHALLENGERMATCH-26APR18BOLYUN-YUN,63,4373,62,4828,61,1381,60,6385,59,6201,64,2,65,745,66,11956,67,10104,68,6637,63.5
2026-04-18 12:25:13 AM,KXATPCHALLENGERMATCH-26APR18BOLYUN-YUN,63,4373,62,4828,61,1381,60,6385,59,6201,64,2,65,738,66,11956,67,10104,68,6637,63.5
2026-04-18 12:25:13 AM,KXATPCHALLENGERMATCH-26APR18BOLYUN-YUN,63,4376,62,4828,61,1381,60,6385,59,6201,64,2,65,738,66,11956,67,10104,68,6637,63.5
2026-04-18 12:25:13 AM,KXATPCHALLENGERMATCH-26APR18BOLYUN-YUN,63,4376,62,4831,61,1381,60,6385,59,6201,64,2,65,738,66,11956,67,10104,68,6637,63.5
2026-04-18 12:25:36 AM,KXATPCHALLENGERMATCH-26APR18BOLYUN-YUN,63,4376,62,4831,61,1381,60,6385,59,6201,64,2,65,738,66,11956,67,11496,68,6637,63.5
2026-04-18 12:25:36 AM,KXATPCHALLENGERMATCH-26APR18BOLYUN-YUN,63,4376,62,4831,61,1381,60,6385,59,6201,64,2,65,738,66,10564,67,11496,68,6637,63.5
2026-04-18 12:25:36 AM,KXATPCHALLENGERMATCH-26APR18BOLYUN-YUN,63,4376,62,4831,61,1381,60,6385,59,6201,64,2,65,738,66,10564,67,13496,68,6637,63.5
2026-04-18 12:25:37 AM,KXATPCHALLENGERMATCH-26APR18BOLYUN-YUN,63,4376,62,4831,61,1381,60,1385,59,6201,64,2,65,738,66,10564,67,13496,68,6637,63.5
2026-04-18 12:25:37 AM,KXATPCHALLENGERMATCH-26APR18BOLYUN-YUN,63,4376,62,4831,61,1381,60,1385,59,1201,64,2,65,738,66,10564,67,13496,68,6637,63.5
2026-04-18 12:25:40 AM,KXATPCHALLENGERMATCH-26APR18BOLYUN-YUN,63,4376,62,4831,61,1381,60,6385,59,1201,64,2,65,738,66,10564,67,13496,68,6637,63.5
2026-04-18 12:25:40 AM,KXATPCHALLENGERMATCH-26APR18BOLYUN-YUN,63,4376,62,4831,61,1381,60,6385,59,6201,64,2,65,738,66,10564,67,13496,68,6637,63.5
2026-04-18 12:25:43 AM,KXATPCHALLENGERMATCH-26APR18BOLYUN-YUN,63,4376,62,4831,61,1381,60,1385,59,6201,64,2,65,738,66,10564,67,13496,68,6637,63.5
2026-04-18 12:25:43 AM,KXATPCHALLENGERMATCH-26APR18BOLYUN-YUN,63,4376,62,4831,61,1381,60,1385,59,1201,64,2,65,738,66,10564,67,13496,68,6637,63.5
2026-04-18 12:25:44 AM,KXATPCHALLENGERMATCH-26APR18BOLYUN-YUN,63,4376,62,4831,61,1381,60,1385,59,1201,64,2,65,738,66,10564,67,12104,68,6637,63.5
2026-04-18 12:25:44 AM,KXATPCHALLENGERMATCH-26APR18BOLYUN-YUN,63,4376,62,4831,61,1381,60,1385,59,1201,64,2,65,738,66,10564,67,10104,68,6637,63.5
2026-04-18 12:25:45 AM,KXATPCHALLENGERMATCH-26APR18BOLYUN-YUN,63,4376,62,4831,61,1381,60,1385,59,1201,64,2,65,738,66,11956,67,10104,68,6637,63.5
2026-04-18 12:25:46 AM,KXATPCHALLENGERMATCH-26APR18BOLYUN-YUN,63,4376,62,4831,61,1381,60,6385,59,1201,64,2,65,738,66,11956,67,10104,68,6637,63.5
2026-04-18 12:25:46 AM,KXATPCHALLENGERMATCH-26APR18BOLYUN-YUN,63,4376,62,4831,61,1381,60,6385,59,6201,64,2,65,738,66,11956,67,10104,68,6637,63.5
2026-04-18 12:25:49 AM,KXATPCHALLENGERMATCH-26APR18BOLYUN-YUN,63,4376,62,4831,61,1381,60,1385,59,6201,64,2,65,738,66,11956,67,10104,68,6637,63.5
2026-04-18 12:25:49 AM,KXATPCHALLENGERMATCH-26APR18BOLYUN-YUN,63,4376,62,4831,61,1381,60,1385,59,1201,64,2,65,738,66,11956,67,10104,68,6637,63.5
2026-04-18 12:25:57 AM,KXATPCHALLENGERMATCH-26APR18BOLYUN-YUN,63,4376,62,4831,61,1381,60,6385,59,1201,64,2,65,738,66,11956,67,10104,68,6637,63.5
2026-04-18 12:25:57 AM,KXATPCHALLENGERMATCH-26APR18BOLYUN-YUN,63,4376,62,4831,61,1381,60,6385,59,6201,64,2,65,738,66,11956,67,10104,68,6637,63.5
2026-04-18 12:26:22 AM,KXATPCHALLENGERMATCH-26APR18BOLYUN-YUN,63,4376,62,4831,61,2773,60,6385,59,6201,64,2,65,738,66,11956,67,10104,68,6637,63.5
2026-04-18 12:26:22 AM,KXATPCHALLENGERMATCH-26APR18BOLYUN-YUN,63,4376,62,3439,61,2773,60,6385,59,6201,64,2,65,738,66,11956,67,10104,68,6637,63.5
2026-04-18 12:26:22 AM,KXATPCHALLENGERMATCH-26APR18BOLYUN-YUN,63,4376,62,3439,61,2773,60,6385,59,6201,64,2,65,738,66,10564,67,10104,68,6637,63.5
2026-04-18 12:26:22 AM,KXATPCHALLENGERMATCH-26APR18BOLYUN-YUN,63,4376,62,3439,61,2773,60,6385,59,6201,64,2,65,738,66,11956,67,10104,68,6637,63.5
2026-04-18 12:26:22 AM,KXATPCHALLENGERMATCH-26APR18BOLYUN-YUN,63,4376,62,3439,61,2773,60,6385,59,6201,64,2,65,738,66,11956,67,10104,68,1637,63.5
2026-04-18 12:26:22 AM,KXATPCHALLENGERMATCH-26APR18BOLYUN-YUN,63,4376,62,3439,61,2773,60,6385,59,6201,64,2,65,738,66,11956,67,8104,68,1637,63.5
2026-04-18 12:26:23 AM,KXATPCHALLENGERMATCH-26APR18BOLYUN-YUN,63,4376,62,3439,61,1381,60,6385,59,6201,64,2,65,738,66,11956,67,8104,68,1637,63.5
2026-04-18 12:26:41 AM,KXATPCHALLENGERMATCH-26APR18BOLYUN-YUN,63,4376,62,4831,61,1381,60,6385,59,6201,64,2,65,738,66,11956,67,8104,68,1637,63.5
2026-04-18 12:26:41 AM,KXATPCHALLENGERMATCH-26APR18BOLYUN-YUN,63,4376,62,4831,61,1381,60,6385,59,6201,64,2,65,738,66,11956,67,8104,68,6637,63.5
2026-04-18 12:26:42 AM,KXATPCHALLENGERMATCH-26APR18BOLYUN-YUN,63,4376,62,4831,61,1381,60,6385,59,6201,64,2,65,738,66,11956,67,10104,68,6637,63.5
2026-04-18 12:27:45 AM,KXATPCHALLENGERMATCH-26APR18BOLYUN-YUN,63,4365,62,4831,61,1381,60,6385,59,6201,64,2,65,738,66,11956,67,10104,68,6637,63.5
2026-04-18 12:27:45 AM,KXATPCHALLENGERMATCH-26APR18BOLYUN-YUN,63,4365,62,4827,61,1381,60,6385,59,6201,64,2,65,738,66,11956,67,10104,68,6637,63.5
2026-04-18 12:27:45 AM,KXATPCHALLENGERMATCH-26APR18BOLYUN-YUN,63,4365,62,4821,61,1381,60,6385,59,6201,64,2,65,738,66,11956,67,10104,68,6637,63.5
2026-04-18 12:27:45 AM,KXATPCHALLENGERMATCH-26APR18BOLYUN-YUN,63,4365,62,4821,61,1381,60,6385,59,6201,64,2,65,729,66,11956,67,10104,68,6637,63.5
2026-04-18 12:27:45 AM,KXATPCHALLENGERMATCH-26APR18BOLYUN-YUN,63,4365,62,4821,61,1381,60,6385,59,6201,64,2,65,729,66,11945,67,10104,68,6637,63.5
2026-04-18 12:27:45 AM,KXATPCHALLENGERMATCH-26APR18BOLYUN-YUN,63,4376,62,4821,61,1381,60,6385,59,6201,64,2,65,729,66,11945,67,10104,68,6637,63.5
2026-04-18 12:27:45 AM,KXATPCHALLENGERMATCH-26APR18BOLYUN-YUN,63,4376,62,4825,61,1381,60,6385,59,6201,64,2,65,729,66,11945,67,10104,68,6637,63.5
2026-04-18 12:27:45 AM,KXATPCHALLENGERMATCH-26APR18BOLYUN-YUN,63,4376,62,4825,61,1381,60,6385,59,6201,64,2,65,738,66,11945,67,10104,68,6637,63.5
2026-04-18 12:27:45 AM,KXATPCHALLENGERMATCH-26APR18BOLYUN-YUN,63,4376,62,4825,61,1381,60,6385,59,6201,64,2,65,738,66,11956,67,10104,68,6637,63.5
2026-04-18 12:27:46 AM,KXATPCHALLENGERMATCH-26APR18BOLYUN-YUN,63,4376,62,4831,61,1381,60,6385,59,6201,64,2,65,738,66,11956,67,10104,68,6637,63.5
2026-04-18 12:28:45 AM,KXATPCHALLENGERMATCH-26APR18BOLYUN-YUN,63,4376,62,4831,61,1381,60,6385,59,6201,64,2,65,737,66,11956,67,10104,68,6637,63.5
2026-04-18 12:30:39 AM,KXATPCHALLENGERMATCH-26APR18BOLYUN-YUN,63,4376,62,4831,61,2767,60,6385,59,6201,64,2,65,737,66,11956,67,10104,68,6637,63.5
2026-04-18 12:30:39 AM,KXATPCHALLENGERMATCH-26APR18BOLYUN-YUN,63,4376,62,3439,61,2767,60,6385,59,6201,64,2,65,737,66,11956,67,10104,68,6637,63.5
2026-04-18 12:30:39 AM,KXATPCHALLENGERMATCH-26APR18BOLYUN-YUN,63,4376,62,3439,61,2767,60,6385,59,6201,64,2,65,737,66,11956,67,15104,68,6637,63.5
2026-04-18 12:30:39 AM,KXATPCHALLENGERMATCH-26APR18BOLYUN-YUN,63,4376,62,3439,61,2767,60,6350,59,6201,64,2,65,737,66,11956,67,15104,68,6637,63.5
2026-04-18 12:30:39 AM,KXATPCHALLENGERMATCH-26APR18BOLYUN-YUN,63,4376,62,3439,61,2767,60,6350,59,6201,64,2,65,737,66,11956,67,15202,68,6637,63.5
2026-04-18 12:30:39 AM,KXATPCHALLENGERMATCH-26APR18BOLYUN-YUN,63,4376,62,3439,61,2767,60,6350,59,6201,64,2,65,737,66,11956,67,15202,68,6773,63.5
2026-04-18 12:30:39 AM,KXATPCHALLENGERMATCH-26APR18BOLYUN-YUN,63,4376,62,3439,61,2767,60,6350,59,6201,64,2,65,737,66,13956,67,15202,68,6773,63.5
2026-04-18 12:30:39 AM,KXATPCHALLENGERMATCH-26APR18BOLYUN-YUN,63,4376,62,3439,61,2767,60,6350,59,6201,64,2,65,737,66,13956,67,17202,68,6773,63.5
2026-04-18 12:30:40 AM,KXATPCHALLENGERMATCH-26APR18BOLYUN-YUN,63,3158,62,3439,61,2767,60,6350,59,6201,64,2,65,737,66,13956,67,17202,68,6773,63.5
2026-04-18 12:30:40 AM,KXATPCHALLENGERMATCH-26APR18BOLYUN-YUN,63,3158,62,3439,61,2767,60,6350,59,6201,64,2,65,1544,66,13956,67,17202,68,6773,63.5
2026-04-18 12:30:40 AM,KXATPCHALLENGERMATCH-26APR18BOLYUN-YUN,63,3158,62,3439,61,2767,60,6350,59,6201,64,2,65,2784,66,13956,67,17202,68,6773,63.5
2026-04-18 12:30:40 AM,KXATPCHALLENGERMATCH-26APR18BOLYUN-YUN,63,2577,62,3439,61,2767,60,6350,59,6201,64,2,65,2784,66,13956,67,17202,68,6773,63.5
2026-04-18 12:30:40 AM,KXATPCHALLENGERMATCH-26APR18BOLYUN-YUN,63,2577,62,3439,61,2767,60,6350,59,6201,64,2,65,2784,66,13956,67,17202,68,6381,63.5
2026-04-18 12:30:43 AM,KXATPCHALLENGERMATCH-26APR18BOLYUN-YUN,63,2577,62,3439,61,2767,60,6350,59,6201,64,2,65,2784,66,13956,67,15202,68,6381,63.5
2026-04-18 12:30:43 AM,KXATPCHALLENGERMATCH-26APR18BOLYUN-YUN,63,2577,62,3439,61,2767,60,6350,59,6201,64,2,65,2784,66,13956,67,13202,68,6381,63.5
2026-04-18 12:30:43 AM,KXATPCHALLENGERMATCH-26APR18BOLYUN-YUN,63,2577,62,3439,61,2767,60,6350,59,6201,64,2,65,2784,66,13956,67,12202,68,6381,63.5
2026-04-18 12:30:43 AM,KXATPCHALLENGERMATCH-26APR18BOLYUN-YUN,63,2577,62,3439,61,2767,60,6350,59,6201,64,2,65,2784,66,13956,67,10202,68,6381,63.5
2026-04-18 12:30:43 AM,KXATPCHALLENGERMATCH-26APR18BOLYUN-YUN,63,2577,62,3439,61,2767,60,6350,59,6201,64,2,65,2784,66,13956,67,8202,68,6381,63.5
2026-04-18 12:30:43 AM,KXATPCHALLENGERMATCH-26APR18BOLYUN-YUN,63,2577,62,3439,61,2767,60,6350,59,6201,64,2,65,2784,66,13956,67,7202,68,6381,63.5
2026-04-18 12:30:43 AM,KXATPCHALLENGERMATCH-26APR18BOLYUN-YUN,63,2577,62,3439,61,2767,60,6350,59,6201,64,2,65,2784,66,14956,67,7202,68,6381,63.5
2026-04-18 12:30:43 AM,KXATPCHALLENGERMATCH-26APR18BOLYUN-YUN,63,2577,62,3439,61,2767,60,6350,59,6201,64,2,65,2784,66,15956,67,7202,68,6381,63.5
2026-04-18 12:30:43 AM,KXATPCHALLENGERMATCH-26APR18BOLYUN-YUN,63,2577,62,3439,61,2767,60,6350,59,6201,64,2,65,4784,66,15956,67,7202,68,6381,63.5
2026-04-18 12:30:43 AM,KXATPCHALLENGERMATCH-26APR18BOLYUN-YUN,63,2577,62,3439,61,2767,60,6350,59,6201,64,2,65,6784,66,15956,67,7202,68,6381,63.5
2026-04-18 12:30:43 AM,KXATPCHALLENGERMATCH-26APR18BOLYUN-YUN,63,2577,62,3439,61,2767,60,6350,59,6201,64,2,65,8784,66,15956,67,7202,68,6381,63.5
2026-04-18 12:30:43 AM,KXATPCHALLENGERMATCH-26APR18BOLYUN-YUN,63,2577,62,3439,61,2767,60,6350,59,6201,64,2,65,8784,66,15156,67,7202,68,6381,63.5
2026-04-18 12:30:43 AM,KXATPCHALLENGERMATCH-26APR18BOLYUN-YUN,63,2577,62,3439,61,2767,60,6350,59,6201,64,2,65,9584,66,15156,67,7202,68,6381,63.5
2026-04-18 12:30:43 AM,KXATPCHALLENGERMATCH-26APR18BOLYUN-YUN,63,2577,62,3439,61,2767,60,6350,59,6201,64,2,65,9584,66,15156,67,8002,68,6381,63.5
2026-04-18 12:30:46 AM,KXATPCHALLENGERMATCH-26APR18BOLYUN-YUN,63,2577,62,3439,61,2767,60,6350,59,6201,64,2,65,9479,66,15156,67,8002,68,6381,63.5
2026-04-18 12:30:46 AM,KXATPCHALLENGERMATCH-26APR18BOLYUN-YUN,63,2629,62,3439,61,2767,60,6350,59,6201,64,2,65,9479,66,15156,67,8002,68,6381,63.5
2026-04-18 12:30:46 AM,KXATPCHALLENGERMATCH-26APR18BOLYUN-YUN,63,2629,62,3491,61,2767,60,6350,59,6201,64,2,65,9479,66,15156,67,8002,68,6381,63.5
2026-04-18 12:30:49 AM,KXATPCHALLENGERMATCH-26APR18BOLYUN-YUN,63,2629,62,4877,61,2767,60,6350,59,6201,64,2,65,9479,66,15156,67,8002,68,6381,63.5
2026-04-18 12:30:49 AM,KXATPCHALLENGERMATCH-26APR18BOLYUN-YUN,63,2629,62,4877,61,1381,60,6350,59,6201,64,2,65,9479,66,15156,67,8002,68,6381,63.5
2026-04-18 12:30:57 AM,KXATPCHALLENGERMATCH-26APR18BOLYUN-YUN,63,2629,62,4877,61,2767,60,6350,59,6201,64,2,65,9479,66,15156,67,8002,68,6381,63.5
2026-04-18 12:30:57 AM,KXATPCHALLENGERMATCH-26APR18BOLYUN-YUN,63,2629,62,3491,61,2767,60,6350,59,6201,64,2,65,9479,66,15156,67,8002,68,6381,63.5
2026-04-18 12:30:58 AM,KXATPCHALLENGERMATCH-26APR18BOLYUN-YUN,63,2629,62,3491,61,1381,60,6350,59,6201,64,2,65,9479,66,15156,67,8002,68,6381,63.5
2026-04-18 12:31:06 AM,KXATPCHALLENGERMATCH-26APR18BOLYUN-YUN,63,2629,62,4877,61,1381,60,6350,59,6201,64,2,65,9479,66,15156,67,8002,68,6381,63.5
2026-04-18 12:31:39 AM,KXATPCHALLENGERMATCH-26APR18BOLYUN-YUN,63,2619,62,4877,61,1381,60,6350,59,6201,64,2,65,9479,66,15156,67,8002,68,6381,63.5
2026-04-18 12:31:39 AM,KXATPCHALLENGERMATCH-26APR18BOLYUN-YUN,63,2609,62,4877,61,1381,60,6350,59,6201,64,2,65,9479,66,15156,67,8002,68,6381,63.5
2026-04-18 12:31:39 AM,KXATPCHALLENGERMATCH-26APR18BOLYUN-YUN,63,2609,62,4887,61,1381,60,6350,59,6201,64,2,65,9479,66,15156,67,8002,68,6381,63.5
2026-04-18 12:31:39 AM,KXATPCHALLENGERMATCH-26APR18BOLYUN-YUN,63,2609,62,4897,61,1381,60,6350,59,6201,64,2,65,9479,66,15156,67,8002,68,6381,63.5
2026-04-18 12:31:39 AM,KXATPCHALLENGERMATCH-26APR18BOLYUN-YUN,63,2609,62,4897,61,1381,60,6350,59,6201,64,2,65,9479,66,15166,67,8002,68,6381,63.5
2026-04-18 12:32:09 AM,KXATPCHALLENGERMATCH-26APR18BOLYUN-YUN,63,2609,62,4897,61,1381,60,6350,59,6201,64,2,65,9441,66,15166,67,8002,68,6381,63.5
2026-04-18 12:32:09 AM,KXATPCHALLENGERMATCH-26APR18BOLYUN-YUN,63,2628,62,4897,61,1381,60,6350,59,6201,64,2,65,9441,66,15166,67,8002,68,6381,63.5
2026-04-18 12:32:09 AM,KXATPCHALLENGERMATCH-26APR18BOLYUN-YUN,63,2628,62,4916,61,1381,60,6350,59,6201,64,2,65,9441,66,15166,67,8002,68,6381,63.5
2026-04-18 12:32:43 AM,KXATPCHALLENGERMATCH-26APR18BOLYUN-YUN,63,2628,62,4916,61,2767,60,6350,59,6201,64,2,65,9441,66,15166,67,8002,68,6381,63.5
2026-04-18 12:32:43 AM,KXATPCHALLENGERMATCH-26APR18BOLYUN-YUN,63,2628,62,4916,61,2767,60,6350,59,6201,64,2,65,10827,66,15166,67,8002,68,6381,63.5
2026-04-18 12:32:43 AM,KXATPCHALLENGERMATCH-26APR18BOLYUN-YUN,63,2628,62,4916,61,2767,60,1350,59,6201,64,2,65,10827,66,15166,67,8002,68,6381,63.5
2026-04-18 12:32:43 AM,KXATPCHALLENGERMATCH-26APR18BOLYUN-YUN,63,2628,62,4916,61,2767,60,1350,59,1201,64,2,65,10827,66,15166,67,8002,68,6381,63.5
2026-04-18 12:32:43 AM,KXATPCHALLENGERMATCH-26APR18BOLYUN-YUN,63,2628,62,3530,61,2767,60,1350,59,1201,64,2,65,10827,66,15166,67,8002,68,6381,63.5
2026-04-18 12:32:43 AM,KXATPCHALLENGERMATCH-26APR18BOLYUN-YUN,63,2628,62,3530,61,2767,60,1350,59,1201,64,2,65,10827,66,13774,67,8002,68,6381,63.5
2026-04-18 12:32:44 AM,KXATPCHALLENGERMATCH-26APR18BOLYUN-YUN,63,2628,62,3530,61,2767,60,1350,59,1201,64,2,65,9441,66,13774,67,8002,68,6381,63.5
2026-04-18 12:32:45 AM,KXATPCHALLENGERMATCH-26APR18BOLYUN-YUN,63,2628,62,3530,61,1381,60,1350,59,1201,64,2,65,9441,66,13774,67,8002,68,6381,63.5
2026-04-18 12:32:54 AM,KXATPCHALLENGERMATCH-26APR18BOLYUN-YUN,63,2628,62,3530,61,1381,60,1350,59,1201,64,2,65,9396,66,13774,67,8002,68,6381,63.5
2026-04-18 12:32:55 AM,KXATPCHALLENGERMATCH-26APR18BOLYUN-YUN,63,2628,62,4916,61,1381,60,1350,59,1201,64,2,65,9396,66,13774,67,8002,68,6381,63.5
2026-04-18 12:32:55 AM,KXATPCHALLENGERMATCH-26APR18BOLYUN-YUN,63,2628,62,4916,61,1381,60,1350,59,1201,64,2,65,9396,66,15160,67,8002,68,6381,63.5
2026-04-18 12:32:55 AM,KXATPCHALLENGERMATCH-26APR18BOLYUN-YUN,63,2628,62,4916,61,1381,60,6350,59,1201,64,2,65,9396,66,15160,67,8002,68,6381,63.5
2026-04-18 12:32:55 AM,KXATPCHALLENGERMATCH-26APR18BOLYUN-YUN,63,2628,62,4916,61,1381,60,6350,59,6201,64,2,65,9396,66,15160,67,8002,68,6381,63.5
2026-04-18 12:32:55 AM,KXATPCHALLENGERMATCH-26APR18BOLYUN-YUN,63,2650,62,4916,61,1381,60,6350,59,6201,64,2,65,9396,66,15160,67,8002,68,6381,63.5
2026-04-18 12:32:55 AM,KXATPCHALLENGERMATCH-26APR18BOLYUN-YUN,63,2650,62,4938,61,1381,60,6350,59,6201,64,2,65,9396,66,15160,67,8002,68,6381,63.5
2026-04-18 12:33:54 AM,KXATPCHALLENGERMATCH-26APR18BOLYUN-YUN,63,2650,62,4938,61,1381,60,6350,59,6201,64,2,65,9431,66,15160,67,8002,68,6381,63.5
2026-04-18 12:33:55 AM,KXATPCHALLENGERMATCH-26APR18BOLYUN-YUN,63,2685,62,4938,61,1381,60,6350,59,6201,64,2,65,9431,66,15160,67,8002,68,6381,63.5
2026-04-18 12:34:53 AM,KXATPCHALLENGERMATCH-26APR18BOLYUN-YUN,63,2685,62,4938,61,1381,60,6350,59,6201,64,2,65,9428,66,15160,67,8002,68,6381,63.5
2026-04-18 12:34:53 AM,KXATPCHALLENGERMATCH-26APR18BOLYUN-YUN,63,2685,62,4938,61,1381,60,6350,59,6201,64,2,65,9393,66,15160,67,8002,68,6381,63.5
2026-04-18 12:34:53 AM,KXATPCHALLENGERMATCH-26APR18BOLYUN-YUN,63,2686,62,4938,61,1381,60,6350,59,6201,64,2,65,9393,66,15160,67,8002,68,6381,63.5
2026-04-18 12:34:53 AM,KXATPCHALLENGERMATCH-26APR18BOLYUN-YUN,63,2686,62,4939,61,1381,60,6350,59,6201,64,2,65,9393,66,15160,67,8002,68,6381,63.5
2026-04-18 12:34:55 AM,KXATPCHALLENGERMATCH-26APR18BOLYUN-YUN,63,2686,62,4939,61,1381,60,6350,59,6201,64,2,65,9428,66,15160,67,8002,68,6381,63.5
2026-04-18 12:37:47 AM,KXATPCHALLENGERMATCH-26APR18BOLYUN-YUN,63,2651,62,4939,61,1381,60,6350,59,6201,64,2,65,9428,66,15160,67,8002,68,6381,63.5
2026-04-18 12:37:47 AM,KXATPCHALLENGERMATCH-26APR18BOLYUN-YUN,63,2651,62,4939,61,1381,60,6350,59,6201,64,2,65,9393,66,15160,67,8002,68,6381,63.5
2026-04-18 12:39:42 AM,KXATPCHALLENGERMATCH-26APR18BOLYUN-YUN,63,2651,62,4939,61,1381,60,1350,59,6201,64,2,65,9393,66,15160,67,8002,68,6381,63.5
2026-04-18 12:39:42 AM,KXATPCHALLENGERMATCH-26APR18BOLYUN-YUN,63,2651,62,4939,61,1381,60,1350,59,1201,64,2,65,9393,66,15160,67,8002,68,6381,63.5
2026-04-18 12:40:11 AM,KXATPCHALLENGERMATCH-26APR18BOLYUN-YUN,63,2651,62,4939,61,1381,60,6350,59,1201,64,2,65,9393,66,15160,67,8002,68,6381,63.5
2026-04-18 12:40:11 AM,KXATPCHALLENGERMATCH-26APR18BOLYUN-YUN,63,2651,62,4939,61,1381,60,6350,59,6201,64,2,65,9393,66,15160,67,8002,68,6381,63.5
2026-04-18 12:41:45 AM,KXATPCHALLENGERMATCH-26APR18BOLYUN-YUN,63,2651,62,4939,61,1381,60,6350,59,6201,64,2,65,9384,66,15160,67,8002,68,6381,63.5
2026-04-18 12:41:45 AM,KXATPCHALLENGERMATCH-26APR18BOLYUN-YUN,63,2661,62,4939,61,1381,60,6350,59,6201,64,2,65,9384,66,15160,67,8002,68,6381,63.5
2026-04-18 12:41:45 AM,KXATPCHALLENGERMATCH-26APR18BOLYUN-YUN,63,2661,62,4939,61,1381,60,6350,59,6201,64,2,65,9384,66,15160,67,8013,68,6381,63.5
2026-04-18 12:46:29 AM,KXATPCHALLENGERMATCH-26APR18BOLYUN-YUN,63,2661,62,4939,61,1381,60,6350,59,6201,64,2,65,9167,66,15160,67,8013,68,6381,63.5
2026-04-18 12:46:29 AM,KXATPCHALLENGERMATCH-26APR18BOLYUN-YUN,63,2661,62,4939,61,1381,60,6350,59,6201,64,2,65,9085,66,15160,67,8013,68,6381,63.5
2026-04-18 12:46:29 AM,KXATPCHALLENGERMATCH-26APR18BOLYUN-YUN,63,2769,62,4939,61,1381,60,6350,59,6201,64,2,65,9085,66,15160,67,8013,68,6381,63.5
2026-04-18 12:46:29 AM,KXATPCHALLENGERMATCH-26APR18BOLYUN-YUN,63,2769,62,5047,61,1381,60,6350,59,6201,64,2,65,9085,66,15160,67,8013,68,6381,63.5
2026-04-18 12:47:22 AM,KXATPCHALLENGERMATCH-26APR18BOLYUN-YUN,63,2769,62,5047,61,1381,60,6350,59,6201,64,2,65,9085,66,13160,67,8013,68,6381,63.5
2026-04-18 12:47:22 AM,KXATPCHALLENGERMATCH-26APR18BOLYUN-YUN,63,2769,62,5047,61,1381,60,6350,59,6201,64,2,65,9085,66,11160,67,8013,68,6381,63.5
2026-04-18 12:47:22 AM,KXATPCHALLENGERMATCH-26APR18BOLYUN-YUN,63,2769,62,5047,61,1381,60,6350,59,6201,64,2,65,9085,66,9160,67,8013,68,6381,63.5
2026-04-18 12:47:22 AM,KXATPCHALLENGERMATCH-26APR18BOLYUN-YUN,63,2769,62,5047,61,1381,60,6350,59,6201,64,2,65,7085,66,9160,67,8013,68,6381,63.5
2026-04-18 12:47:22 AM,KXATPCHALLENGERMATCH-26APR18BOLYUN-YUN,63,769,62,5047,61,1381,60,6350,59,6201,64,2,65,7085,66,9160,67,8013,68,6381,63.5
2026-04-18 12:47:22 AM,KXATPCHALLENGERMATCH-26APR18BOLYUN-YUN,63,769,62,5047,61,1381,60,6350,59,6201,64,2,65,7085,66,7160,67,8013,68,6381,63.5
2026-04-18 12:47:22 AM,KXATPCHALLENGERMATCH-26APR18BOLYUN-YUN,63,769,62,5047,61,1381,60,6350,59,6201,64,2,65,5085,66,7160,67,8013,68,6381,63.5
2026-04-18 12:47:22 AM,KXATPCHALLENGERMATCH-26APR18BOLYUN-YUN,63,769,62,5047,61,1381,60,6350,59,6201,64,2,65,5085,66,6160,67,8013,68,6381,63.5
2026-04-18 12:47:22 AM,KXATPCHALLENGERMATCH-26APR18BOLYUN-YUN,63,769,62,4047,61,1381,60,6350,59,6201,64,2,65,5085,66,6160,67,8013,68,6381,63.5
2026-04-18 12:47:22 AM,KXATPCHALLENGERMATCH-26APR18BOLYUN-YUN,63,769,62,4047,61,1381,60,6350,59,6201,64,2,65,3085,66,6160,67,8013,68,6381,63.5
2026-04-18 12:47:22 AM,KXATPCHALLENGERMATCH-26APR18BOLYUN-YUN,63,769,62,4047,61,1381,60,6350,59,6201,64,2,65,3085,66,5160,67,8013,68,6381,63.5
2026-04-18 12:47:22 AM,KXATPCHALLENGERMATCH-26APR18BOLYUN-YUN,63,769,62,4047,61,1381,60,6350,59,6201,64,2,65,3081,66,5160,67,8013,68,6381,63.5
2026-04-18 12:47:22 AM,KXATPCHALLENGERMATCH-26APR18BOLYUN-YUN,63,769,62,4047,61,1381,60,6350,59,6201,64,2,65,3077,66,5160,67,8013,68,6381,63.5
2026-04-18 12:47:22 AM,KXATPCHALLENGERMATCH-26APR18BOLYUN-YUN,63,769,62,4047,61,1381,60,6350,59,6201,64,2,65,3073,66,5160,67,8013,68,6381,63.5
2026-04-18 12:47:22 AM,KXATPCHALLENGERMATCH-26APR18BOLYUN-YUN,63,769,62,4047,61,1381,60,6350,59,6201,64,2,65,3072,66,5160,67,8013,68,6381,63.5
2026-04-18 12:47:22 AM,KXATPCHALLENGERMATCH-26APR18BOLYUN-YUN,63,769,62,4047,61,1381,60,6350,59,6201,64,2,65,3070,66,5160,67,8013,68,6381,63.5
2026-04-18 12:47:23 AM,KXATPCHALLENGERMATCH-26APR18BOLYUN-YUN,63,769,62,4047,61,1381,60,6350,59,6201,64,2,65,3060,66,5160,67,8013,68,6381,63.5
2026-04-18 12:47:23 AM,KXATPCHALLENGERMATCH-26APR18BOLYUN-YUN,63,769,62,4047,61,1381,60,6350,59,6201,64,2,65,3045,66,5160,67,8013,68,6381,63.5
2026-04-18 12:47:23 AM,KXATPCHALLENGERMATCH-26APR18BOLYUN-YUN,63,769,62,4047,61,1381,60,6350,59,6201,64,2,65,3045,66,4634,67,8013,68,6381,63.5
2026-04-18 12:47:23 AM,KXATPCHALLENGERMATCH-26APR18BOLYUN-YUN,63,769,62,4047,61,1381,60,6350,59,6201,64,2,65,3045,66,4161,67,8013,68,6381,63.5
2026-04-18 12:47:23 AM,KXATPCHALLENGERMATCH-26APR18BOLYUN-YUN,63,769,62,4033,61,1381,60,6350,59,6201,64,2,65,3045,66,4161,67,8013,68,6381,63.5
2026-04-18 12:47:23 AM,KXATPCHALLENGERMATCH-26APR18BOLYUN-YUN,63,769,62,4029,61,1381,60,6350,59,6201,64,2,65,3045,66,4161,67,8013,68,6381,63.5
2026-04-18 12:47:23 AM,KXATPCHALLENGERMATCH-26APR18BOLYUN-YUN,63,769,62,4026,61,1381,60,6350,59,6201,64,2,65,3045,66,4161,67,8013,68,6381,63.5
2026-04-18 12:47:23 AM,KXATPCHALLENGERMATCH-26APR18BOLYUN-YUN,63,769,62,4019,61,1381,60,6350,59,6201,64,2,65,3045,66,4161,67,8013,68,6381,63.5
2026-04-18 12:47:23 AM,KXATPCHALLENGERMATCH-26APR18BOLYUN-YUN,63,769,62,4000,61,1381,60,6350,59,6201,64,2,65,3045,66,4161,67,8013,68,6381,63.5
2026-04-18 12:47:23 AM,KXATPCHALLENGERMATCH-26APR18BOLYUN-YUN,63,769,62,3984,61,1381,60,6350,59,6201,64,2,65,3045,66,4161,67,8013,68,6381,63.5
2026-04-18 12:47:23 AM,KXATPCHALLENGERMATCH-26APR18BOLYUN-YUN,63,769,62,3980,61,1381,60,6350,59,6201,64,2,65,3045,66,4161,67,8013,68,6381,63.5
2026-04-18 12:47:23 AM,KXATPCHALLENGERMATCH-26APR18BOLYUN-YUN,63,769,62,3935,61,1381,60,6350,59,6201,64,2,65,3045,66,4161,67,8013,68,6381,63.5
2026-04-18 12:47:23 AM,KXATPCHALLENGERMATCH-26APR18BOLYUN-YUN,63,769,62,3934,61,1381,60,6350,59,6201,64,2,65,3045,66,4161,67,8013,68,6381,63.5
2026-04-18 12:47:23 AM,KXATPCHALLENGERMATCH-26APR18BOLYUN-YUN,63,769,62,3919,61,1381,60,6350,59,6201,64,2,65,3045,66,4161,67,8013,68,6381,63.5
2026-04-18 12:47:23 AM,KXATPCHALLENGERMATCH-26APR18BOLYUN-YUN,63,769,62,3861,61,1381,60,6350,59,6201,64,2,65,3045,66,4161,67,8013,68,6381,63.5
2026-04-18 12:47:23 AM,KXATPCHALLENGERMATCH-26APR18BOLYUN-YUN,63,769,62,3802,61,1381,60,6350,59,6201,64,2,65,3045,66,4161,67,8013,68,6381,63.5
2026-04-18 12:47:23 AM,KXATPCHALLENGERMATCH-26APR18BOLYUN-YUN,63,769,62,3800,61,1381,60,6350,59,6201,64,2,65,3045,66,4161,67,8013,68,6381,63.5
2026-04-18 12:47:23 AM,KXATPCHALLENGERMATCH-26APR18BOLYUN-YUN,63,769,62,3796,61,1381,60,6350,59,6201,64,2,65,3045,66,4161,67,8013,68,6381,63.5
2026-04-18 12:47:23 AM,KXATPCHALLENGERMATCH-26APR18BOLYUN-YUN,63,769,62,3782,61,1381,60,6350,59,6201,64,2,65,3045,66,4161,67,8013,68,6381,63.5
2026-04-18 12:47:23 AM,KXATPCHALLENGERMATCH-26APR18BOLYUN-YUN,63,769,62,3779,61,1381,60,6350,59,6201,64,2,65,3045,66,4161,67,8013,68,6381,63.5
2026-04-18 12:47:23 AM,KXATPCHALLENGERMATCH-26APR18BOLYUN-YUN,63,769,62,3727,61,1381,60,6350,59,6201,64,2,65,3045,66,4161,67,8013,68,6381,63.5
2026-04-18 12:47:23 AM,KXATPCHALLENGERMATCH-26APR18BOLYUN-YUN,63,769,62,3708,61,1381,60,6350,59,6201,64,2,65,3045,66,4161,67,8013,68,6381,63.5
2026-04-18 12:47:23 AM,KXATPCHALLENGERMATCH-26APR18BOLYUN-YUN,63,769,62,3686,61,1381,60,6350,59,6201,64,2,65,3045,66,4161,67,8013,68,6381,63.5
2026-04-18 12:47:23 AM,KXATPCHALLENGERMATCH-26APR18BOLYUN-YUN,63,769,62,3685,61,1381,60,6350,59,6201,64,2,65,3045,66,4161,67,8013,68,6381,63.5
2026-04-18 12:47:23 AM,KXATPCHALLENGERMATCH-26APR18BOLYUN-YUN,63,769,62,3577,61,1381,60,6350,59,6201,64,2,65,3045,66,4161,67,8013,68,6381,63.5
2026-04-18 12:47:23 AM,KXATPCHALLENGERMATCH-26APR18BOLYUN-YUN,64,456,63,769,62,3577,61,1381,60,6350,64,2,65,3045,66,4161,67,8013,68,6381,64.0
2026-04-18 12:47:23 AM,KXATPCHALLENGERMATCH-26APR18BOLYUN-YUN,64,456,63,769,62,3573,61,1381,60,6350,64,2,65,3045,66,4161,67,8013,68,6381,64.0
2026-04-18 12:47:23 AM,KXATPCHALLENGERMATCH-26APR18BOLYUN-YUN,64,456,63,769,62,3567,61,1381,60,6350,64,2,65,3045,66,4161,67,8013,68,6381,64.0
2026-04-18 12:47:23 AM,KXATPCHALLENGERMATCH-26APR18BOLYUN-YUN,64,456,63,758,62,3567,61,1381,60,6350,64,2,65,3045,66,4161,67,8013,68,6381,64.0
2026-04-18 12:47:23 AM,KXATPCHALLENGERMATCH-26APR18BOLYUN-YUN,64,467,63,758,62,3567,61,1381,60,6350,64,2,65,3045,66,4161,67,8013,68,6381,64.0
2026-04-18 12:47:23 AM,KXATPCHALLENGERMATCH-26APR18BOLYUN-YUN,64,467,63,737,62,3567,61,1381,60,6350,64,2,65,3045,66,4161,67,8013,68,6381,64.0
2026-04-18 12:47:23 AM,KXATPCHALLENGERMATCH-26APR18BOLYUN-YUN,64,467,63,462,62,3567,61,1381,60,6350,64,2,65,3045,66,4161,67,8013,68,6381,64.0
2026-04-18 12:47:23 AM,KXATPCHALLENGERMATCH-26APR18BOLYUN-YUN,64,742,63,462,62,3567,61,1381,60,6350,64,2,65,3045,66,4161,67,8013,68,6381,64.0
2026-04-18 12:47:23 AM,KXATPCHALLENGERMATCH-26APR18BOLYUN-YUN,64,742,63,462,62,3567,61,1381,60,6350,64,2,65,2853,66,4161,67,8013,68,6381,64.0
2026-04-18 12:47:23 AM,KXATPCHALLENGERMATCH-26APR18BOLYUN-YUN,64,742,63,462,62,3567,61,1381,60,6350,64,2,65,2853,66,4436,67,8013,68,6381,64.0
2026-04-18 12:47:23 AM,KXATPCHALLENGERMATCH-26APR18BOLYUN-YUN,64,742,63,462,62,3567,61,1381,60,1350,64,2,65,2853,66,4436,67,8013,68,6381,64.0
2026-04-18 12:47:57 AM,KXATPCHALLENGERMATCH-26APR18BOLYUN-YUN,64,742,63,462,62,3567,61,1381,60,1350,64,2,65,2403,66,4436,67,8013,68,6381,64.0
2026-04-18 12:48:22 AM,KXATPCHALLENGERMATCH-26APR18BOLYUN-YUN,64,742,63,462,62,3567,61,1381,60,6350,64,2,65,2403,66,4436,67,8013,68,6381,64.0
2026-04-18 12:48:25 AM,KXATPCHALLENGERMATCH-26APR18BOLYUN-YUN,64,742,63,462,62,3567,61,1381,60,6350,64,2,65,2401,66,4436,67,8013,68,6381,64.0
2026-04-18 12:48:49 AM,KXATPCHALLENGERMATCH-26APR18BOLYUN-YUN,64,742,63,462,62,3567,61,1381,60,6350,64,2,65,2371,66,4436,67,8013,68,6381,64.0
2026-04-18 12:49:33 AM,KXATPCHALLENGERMATCH-26APR18BOLYUN-YUN,64,742,63,462,62,3567,61,1381,60,6350,64,2,65,2296,66,4436,67,8013,68,6381,64.0
2026-04-18 12:50:05 AM,KXATPCHALLENGERMATCH-26APR18BOLYUN-YUN,64,733,63,462,62,3567,61,1381,60,6350,64,2,65,2296,66,4436,67,8013,68,6381,64.0
2026-04-18 12:50:05 AM,KXATPCHALLENGERMATCH-26APR18BOLYUN-YUN,64,733,63,453,62,3567,61,1381,60,6350,64,2,65,2296,66,4436,67,8013,68,6381,64.0
2026-04-18 12:50:05 AM,KXATPCHALLENGERMATCH-26APR18BOLYUN-YUN,64,727,63,453,62,3567,61,1381,60,6350,64,2,65,2296,66,4436,67,8013,68,6381,64.0
2026-04-18 12:50:05 AM,KXATPCHALLENGERMATCH-26APR18BOLYUN-YUN,64,727,63,447,62,3567,61,1381,60,6350,64,2,65,2296,66,4436,67,8013,68,6381,64.0
2026-04-18 12:50:05 AM,KXATPCHALLENGERMATCH-26APR18BOLYUN-YUN,64,712,63,447,62,3567,61,1381,60,6350,64,2,65,2296,66,4436,67,8013,68,6381,64.0
2026-04-18 12:50:05 AM,KXATPCHALLENGERMATCH-26APR18BOLYUN-YUN,64,712,63,432,62,3567,61,1381,60,6350,64,2,65,2296,66,4436,67,8013,68,6381,64.0
2026-04-18 12:50:06 AM,KXATPCHALLENGERMATCH-26APR18BOLYUN-YUN,64,687,63,432,62,3567,61,1381,60,6350,64,2,65,2296,66,4436,67,8013,68,6381,64.0
2026-04-18 12:50:06 AM,KXATPCHALLENGERMATCH-26APR18BOLYUN-YUN,64,687,63,407,62,3567,61,1381,60,6350,64,2,65,2296,66,4436,67,8013,68,6381,64.0
2026-04-18 12:50:11 AM,KXATPCHALLENGERMATCH-26APR18BOLYUN-YUN,64,687,63,407,62,3567,61,1381,60,6350,64,2,65,2331,66,4436,67,8013,68,6381,64.0
2026-04-18 12:50:11 AM,KXATPCHALLENGERMATCH-26APR18BOLYUN-YUN,64,687,63,442,62,3567,61,1381,60,6350,64,2,65,2331,66,4436,67,8013,68,6381,64.0
2026-04-18 12:50:56 AM,KXATPCHALLENGERMATCH-26APR18BOLYUN-YUN,64,687,63,442,62,3567,61,1381,60,6350,64,2,65,2083,66,4436,67,8013,68,6381,64.0
2026-04-18 12:50:56 AM,KXATPCHALLENGERMATCH-26APR18BOLYUN-YUN,64,687,63,442,62,3567,61,1381,60,6350,64,2,65,843,66,4436,67,8013,68,6381,64.0
2026-04-18 12:50:56 AM,KXATPCHALLENGERMATCH-26APR18BOLYUN-YUN,64,687,63,442,62,3567,61,1381,60,6350,64,2,65,43,66,4436,67,8013,68,6381,64.0
2026-04-18 12:50:56 AM,KXATPCHALLENGERMATCH-26APR18BOLYUN-YUN,64,687,63,442,62,3567,61,1381,60,6350,64,2,65,8,66,4436,67,8013,68,6381,64.0
2026-04-18 12:50:56 AM,KXATPCHALLENGERMATCH-26APR18BOLYUN-YUN,65,17676,64,687,63,442,62,3567,61,1381,64,2,65,8,66,4436,67,8013,68,6381,64.5
2026-04-18 12:50:56 AM,KXATPCHALLENGERMATCH-26APR18BOLYUN-YUN,65,17676,64,687,63,442,62,3567,61,1381,64,2,65,8,66,4436,67,8013,68,5581,64.5
2026-04-18 12:50:56 AM,KXATPCHALLENGERMATCH-26APR18BOLYUN-YUN,65,17676,64,687,63,442,62,2767,61,1381,64,2,65,8,66,4436,67,8013,68,5581,64.5
2026-04-18 12:50:56 AM,KXATPCHALLENGERMATCH-26APR18BOLYUN-YUN,65,17676,64,687,63,442,62,2767,61,1381,64,2,65,8,66,4436,67,7213,68,5581,64.5
2026-04-18 12:50:56 AM,KXATPCHALLENGERMATCH-26APR18BOLYUN-YUN,65,17676,64,687,63,442,62,2767,61,1381,64,2,65,8,66,4471,67,7213,68,5581,64.5
2026-04-18 12:50:56 AM,KXATPCHALLENGERMATCH-26APR18BOLYUN-YUN,65,17676,64,412,63,442,62,2767,61,1381,64,2,65,8,66,4471,67,7213,68,5581,64.5
2026-04-18 12:50:56 AM,KXATPCHALLENGERMATCH-26APR18BOLYUN-YUN,65,17676,64,412,63,1839,62,2767,61,1381,64,2,65,8,66,4471,67,7213,68,5581,64.5
2026-04-18 12:50:56 AM,KXATPCHALLENGERMATCH-26APR18BOLYUN-YUN,65,17676,64,412,63,1839,62,2767,61,1381,64,2,65,8,66,4471,67,8610,68,5581,64.5
2026-04-18 12:50:56 AM,KXATPCHALLENGERMATCH-26APR18BOLYUN-YUN,65,17951,64,412,63,1839,62,2767,61,1381,64,2,65,8,66,4471,67,8610,68,5581,64.5
2026-04-18 12:50:56 AM,KXATPCHALLENGERMATCH-26APR18BOLYUN-YUN,65,17951,64,412,63,1839,62,2767,61,1381,64,2,65,8,66,3085,67,8610,68,5581,64.5
2026-04-18 12:50:56 AM,KXATPCHALLENGERMATCH-26APR18BOLYUN-YUN,65,17951,64,412,63,1839,62,2767,61,1381,64,2,65,8,66,2810,67,8610,68,5581,64.5
2026-04-18 12:50:56 AM,KXATPCHALLENGERMATCH-26APR18BOLYUN-YUN,65,17951,64,412,63,1839,62,2767,61,1381,64,2,65,8,66,2810,67,8885,68,5581,64.5
2026-04-18 12:50:57 AM,KXATPCHALLENGERMATCH-26APR18BOLYUN-YUN,65,17951,64,412,63,2636,62,2767,61,1381,64,2,65,8,66,2810,67,8885,68,5581,64.5
2026-04-18 12:50:57 AM,KXATPCHALLENGERMATCH-26APR18BOLYUN-YUN,65,17951,64,412,63,2636,62,2767,61,6381,64,2,65,8,66,2810,67,8885,68,5581,64.5
2026-04-18 12:50:57 AM,KXATPCHALLENGERMATCH-26APR18BOLYUN-YUN,65,17951,64,412,63,2636,62,1381,61,6381,64,2,65,8,66,2810,67,8885,68,5581,64.5
2026-04-18 12:50:57 AM,KXATPCHALLENGERMATCH-26APR18BOLYUN-YUN,65,17951,64,412,63,2636,62,1381,61,1381,64,2,65,8,66,2810,67,8885,68,5581,64.5
2026-04-18 12:50:59 AM,KXATPCHALLENGERMATCH-26APR18BOLYUN-YUN,65,17951,64,412,63,2636,62,1381,61,2181,64,2,65,8,66,2810,67,8885,68,5581,64.5
2026-04-18 12:50:59 AM,KXATPCHALLENGERMATCH-26APR18BOLYUN-YUN,65,17951,64,412,63,3436,62,1381,61,2181,64,2,65,8,66,2810,67,8885,68,5581,64.5
2026-04-18 12:50:59 AM,KXATPCHALLENGERMATCH-26APR18BOLYUN-YUN,65,17951,64,412,63,3436,62,1381,61,2181,64,2,65,8,66,3610,67,8885,68,5581,64.5
2026-04-18 12:50:59 AM,KXATPCHALLENGERMATCH-26APR18BOLYUN-YUN,65,17951,64,412,63,3436,62,1381,61,2181,64,2,65,8,66,3610,67,8885,68,6381,64.5
2026-04-18 12:50:59 AM,KXATPCHALLENGERMATCH-26APR18BOLYUN-YUN,65,17951,64,412,63,3436,62,1381,61,2181,64,2,65,8,66,3575,67,8885,68,6381,64.5
2026-04-18 12:50:59 AM,KXATPCHALLENGERMATCH-26APR18BOLYUN-YUN,65,17951,64,412,63,3436,62,1381,61,2181,64,2,65,8,66,3575,67,8920,68,6381,64.5
2026-04-18 12:50:59 AM,KXATPCHALLENGERMATCH-26APR18BOLYUN-YUN,65,17951,64,400,63,3436,62,1381,61,2181,64,2,65,8,66,3575,67,8920,68,6381,64.5
2026-04-18 12:50:59 AM,KXATPCHALLENGERMATCH-26APR18BOLYUN-YUN,65,17951,64,400,63,3424,62,1381,61,2181,64,2,65,8,66,3575,67,8920,68,6381,64.5
2026-04-18 12:51:00 AM,KXATPCHALLENGERMATCH-26APR18BOLYUN-YUN,65,17951,64,399,63,3424,62,1381,61,2181,64,2,65,8,66,3575,67,8920,68,6381,64.5
2026-04-18 12:51:00 AM,KXATPCHALLENGERMATCH-26APR18BOLYUN-YUN,65,17951,64,399,63,3423,62,1381,61,2181,64,2,65,8,66,3575,67,8920,68,6381,64.5
2026-04-18 12:51:00 AM,KXATPCHALLENGERMATCH-26APR18BOLYUN-YUN,65,17951,64,399,63,2026,62,1381,61,2181,64,2,65,8,66,3575,67,8920,68,6381,64.5
2026-04-18 12:51:00 AM,KXATPCHALLENGERMATCH-26APR18BOLYUN-YUN,65,17951,64,367,63,2026,62,1381,61,2181,64,2,65,8,66,3575,67,8920,68,6381,64.5
2026-04-18 12:51:01 AM,KXATPCHALLENGERMATCH-26APR18BOLYUN-YUN,65,17951,64,367,63,2010,62,1381,61,2181,64,2,65,8,66,3575,67,8920,68,6381,64.5
2026-04-18 12:51:01 AM,KXATPCHALLENGERMATCH-26APR18BOLYUN-YUN,65,17951,64,367,63,2009,62,1381,61,2181,64,2,65,8,66,3575,67,8920,68,6381,64.5
2026-04-18 12:51:01 AM,KXATPCHALLENGERMATCH-26APR18BOLYUN-YUN,65,17951,64,367,63,1995,62,1381,61,2181,64,2,65,8,66,3575,67,8920,68,6381,64.5
2026-04-18 12:51:01 AM,KXATPCHALLENGERMATCH-26APR18BOLYUN-YUN,65,17951,64,359,63,1995,62,1381,61,2181,64,2,65,8,66,3575,67,8920,68,6381,64.5
2026-04-18 12:51:01 AM,KXATPCHALLENGERMATCH-26APR18BOLYUN-YUN,65,17951,64,359,63,1987,62,1381,61,2181,64,2,65,8,66,3575,67,8920,68,6381,64.5
2026-04-18 12:51:02 AM,KXATPCHALLENGERMATCH-26APR18BOLYUN-YUN,65,17951,64,269,63,1987,62,1381,61,2181,64,2,65,8,66,3575,67,8920,68,6381,64.5
2026-04-18 12:51:02 AM,KXATPCHALLENGERMATCH-26APR18BOLYUN-YUN,65,17951,64,269,63,1968,62,1381,61,2181,64,2,65,8,66,3575,67,8920,68,6381,64.5
2026-04-18 12:51:02 AM,KXATPCHALLENGERMATCH-26APR18BOLYUN-YUN,65,17951,64,269,63,1916,62,1381,61,2181,64,2,65,8,66,3575,67,8920,68,6381,64.5
2026-04-18 12:51:02 AM,KXATPCHALLENGERMATCH-26APR18BOLYUN-YUN,65,17951,64,269,63,1913,62,1381,61,2181,64,2,65,8,66,3575,67,8920,68,6381,64.5
2026-04-18 12:51:02 AM,KXATPCHALLENGERMATCH-26APR18BOLYUN-YUN,65,17951,64,269,63,1899,62,1381,61,2181,64,2,65,8,66,3575,67,8920,68,6381,64.5
2026-04-18 12:51:02 AM,KXATPCHALLENGERMATCH-26APR18BOLYUN-YUN,65,17951,64,266,63,1899,62,1381,61,2181,64,2,65,8,66,3575,67,8920,68,6381,64.5
2026-04-18 12:51:02 AM,KXATPCHALLENGERMATCH-26APR18BOLYUN-YUN,65,17951,64,266,63,1897,62,1381,61,2181,64,2,65,8,66,3575,67,8920,68,6381,64.5
2026-04-18 12:51:02 AM,KXATPCHALLENGERMATCH-26APR18BOLYUN-YUN,65,17951,64,236,63,1897,62,1381,61,2181,64,2,65,8,66,3575,67,8920,68,6381,64.5
2026-04-18 12:51:02 AM,KXATPCHALLENGERMATCH-26APR18BOLYUN-YUN,65,17951,64,236,63,1896,62,1381,61,2181,64,2,65,8,66,3575,67,8920,68,6381,64.5
2026-04-18 12:51:02 AM,KXATPCHALLENGERMATCH-26APR18BOLYUN-YUN,65,17951,64,236,63,1894,62,1381,61,2181,64,2,65,8,66,3575,67,8920,68,6381,64.5
2026-04-18 12:51:02 AM,KXATPCHALLENGERMATCH-26APR18BOLYUN-YUN,65,17951,64,236,63,1883,62,1381,61,2181,64,2,65,8,66,3575,67,8920,68,6381,64.5
2026-04-18 12:51:02 AM,KXATPCHALLENGERMATCH-26APR18BOLYUN-YUN,65,17951,64,236,63,1881,62,1381,61,2181,64,2,65,8,66,3575,67,8920,68,6381,64.5
2026-04-18 12:51:03 AM,KXATPCHALLENGERMATCH-26APR18BOLYUN-YUN,65,17951,64,236,63,1869,62,1381,61,2181,64,2,65,8,66,3575,67,8920,68,6381,64.5
2026-04-18 12:51:03 AM,KXATPCHALLENGERMATCH-26APR18BOLYUN-YUN,65,17951,64,14,63,1869,62,1381,61,2181,64,2,65,8,66,3575,67,8920,68,6381,64.5
2026-04-18 12:51:03 AM,KXATPCHALLENGERMATCH-26APR18BOLYUN-YUN,65,17951,64,14,63,1822,62,1381,61,2181,64,2,65,8,66,3575,67,8920,68,6381,64.5
2026-04-18 12:51:03 AM,KXATPCHALLENGERMATCH-26APR18BOLYUN-YUN,65,17951,64,14,63,1800,62,1381,61,2181,64,2,65,8,66,3575,67,8920,68,6381,64.5
2026-04-18 12:51:03 AM,KXATPCHALLENGERMATCH-26APR18BOLYUN-YUN,65,17951,64,14,63,1800,62,1533,61,2181,64,2,65,8,66,3575,67,8920,68,6381,64.5
2026-04-18 12:51:12 AM,KXATPCHALLENGERMATCH-26APR18BOLYUN-YUN,65,17951,64,14,63,1800,62,2931,61,2181,64,2,65,8,66,3575,67,8920,68,6381,64.5
2026-04-18 12:51:12 AM,KXATPCHALLENGERMATCH-26APR18BOLYUN-YUN,65,17951,64,14,63,1800,62,2931,61,2181,64,2,65,8,66,4973,67,8920,68,6381,64.5
2026-04-18 12:51:12 AM,KXATPCHALLENGERMATCH-26APR18BOLYUN-YUN,65,17951,64,14,63,1800,62,2931,61,2181,64,2,65,8,66,4973,67,7523,68,6381,64.5
2026-04-18 12:51:14 AM,KXATPCHALLENGERMATCH-26APR18BOLYUN-YUN,65,17951,64,14,63,1800,62,2931,61,2181,64,2,65,8,66,4372,67,7523,68,6381,64.5
2026-04-18 12:51:14 AM,KXATPCHALLENGERMATCH-26APR18BOLYUN-YUN,65,17951,64,14,63,1800,62,2931,61,2181,64,2,65,8,66,4362,67,7523,68,6381,64.5
2026-04-18 12:51:14 AM,KXATPCHALLENGERMATCH-26APR18BOLYUN-YUN,65,17951,64,14,63,1800,62,2931,61,2181,64,2,65,8,66,4234,67,7523,68,6381,64.5
2026-04-18 12:51:14 AM,KXATPCHALLENGERMATCH-26APR18BOLYUN-YUN,65,17951,64,14,63,1800,62,2931,61,2181,64,2,65,8,66,5932,67,7523,68,6381,64.5
2026-04-18 12:51:23 AM,KXATPCHALLENGERMATCH-26APR18BOLYUN-YUN,65,17951,64,14,63,1798,62,2931,61,2181,64,2,65,8,66,5932,67,7523,68,6381,64.5
2026-04-18 12:51:23 AM,KXATPCHALLENGERMATCH-26APR18BOLYUN-YUN,65,17951,64,14,63,1798,62,2929,61,2181,64,2,65,8,66,5932,67,7523,68,6381,64.5
2026-04-18 12:51:23 AM,KXATPCHALLENGERMATCH-26APR18BOLYUN-YUN,65,17951,64,14,63,1798,62,2929,61,2181,64,2,65,8,66,5918,67,7523,68,6381,64.5
2026-04-18 12:51:27 AM,KXATPCHALLENGERMATCH-26APR18BOLYUN-YUN,65,17951,64,14,63,1798,62,2929,61,2181,64,2,65,8,66,6418,67,7523,68,6381,64.5
2026-04-18 12:51:28 AM,KXATPCHALLENGERMATCH-26APR18BOLYUN-YUN,65,17951,64,14,63,1798,62,2929,61,2181,64,2,65,8,66,5421,67,7523,68,6381,64.5
2026-04-18 12:51:28 AM,KXATPCHALLENGERMATCH-26APR18BOLYUN-YUN,65,17951,64,14,63,1798,62,2929,61,2181,64,2,65,8,66,4421,67,7523,68,6381,64.5
2026-04-18 12:51:28 AM,KXATPCHALLENGERMATCH-26APR18BOLYUN-YUN,65,17951,64,14,63,1798,62,2929,61,2181,64,2,65,8,66,4410,67,7523,68,6381,64.5
2026-04-18 12:51:28 AM,KXATPCHALLENGERMATCH-26APR18BOLYUN-YUN,65,17951,64,14,63,1798,62,2929,61,2181,64,2,65,8,66,4400,67,7523,68,6381,64.5
2026-04-18 12:51:28 AM,KXATPCHALLENGERMATCH-26APR18BOLYUN-YUN,65,17951,64,14,63,1798,62,2929,61,2181,64,2,65,8,66,3600,67,7523,68,6381,64.5
2026-04-18 12:51:28 AM,KXATPCHALLENGERMATCH-26APR18BOLYUN-YUN,65,17951,64,14,63,1798,62,2929,61,2181,64,2,65,8,66,2202,67,7523,68,6381,64.5
2026-04-18 12:51:28 AM,KXATPCHALLENGERMATCH-26APR18BOLYUN-YUN,65,17951,64,14,63,1798,62,2929,61,2181,64,2,65,8,66,504,67,7523,68,6381,64.5
2026-04-18 12:51:28 AM,KXATPCHALLENGERMATCH-26APR18BOLYUN-YUN,65,17951,64,14,63,1798,62,2929,61,2181,64,2,65,8,66,4,67,7523,68,6381,64.5
2026-04-18 12:51:28 AM,KXATPCHALLENGERMATCH-26APR18BOLYUN-YUN,65,275,64,14,63,1798,62,2929,61,2181,64,2,65,8,66,4,67,7523,68,6381,64.5
2026-04-18 12:51:28 AM,KXATPCHALLENGERMATCH-26APR18BOLYUN-YUN,66,11262,65,275,64,14,63,1798,62,2929,64,2,65,8,66,4,67,7523,68,6381,65.0
2026-04-18 12:51:28 AM,KXATPCHALLENGERMATCH-26APR18BOLYUN-YUN,66,11262,65,275,64,14,63,998,62,2929,64,2,65,8,66,4,67,7523,68,6381,65.0
2026-04-18 12:51:28 AM,KXATPCHALLENGERMATCH-26APR18BOLYUN-YUN,66,11262,65,275,64,14,63,998,62,2929,64,2,65,8,66,4,67,7523,68,5581,65.0
2026-04-18 12:51:28 AM,KXATPCHALLENGERMATCH-26APR18BOLYUN-YUN,66,11262,65,275,64,14,63,998,62,2929,64,2,65,8,66,4,67,7798,68,5581,65.0
2026-04-18 12:51:28 AM,KXATPCHALLENGERMATCH-26APR18BOLYUN-YUN,66,11262,65,275,64,14,63,998,62,2929,64,2,65,8,66,4,67,7807,68,5581,65.0
2026-04-18 12:51:28 AM,KXATPCHALLENGERMATCH-26APR18BOLYUN-YUN,66,11262,65,275,64,14,63,998,62,2929,64,2,65,8,66,4,67,7807,68,5592,65.0
2026-04-18 12:51:28 AM,KXATPCHALLENGERMATCH-26APR18BOLYUN-YUN,66,11262,65,275,64,14,63,963,62,2929,64,2,65,8,66,4,67,7807,68,5592,65.0
2026-04-18 12:51:28 AM,KXATPCHALLENGERMATCH-26APR18BOLYUN-YUN,66,11262,65,275,64,14,63,963,62,2964,64,2,65,8,66,4,67,7807,68,5592,65.0
2026-04-18 12:51:28 AM,KXATPCHALLENGERMATCH-26APR18BOLYUN-YUN,66,11262,65,275,64,14,63,963,62,2964,64,2,65,8,66,4,67,7772,68,5592,65.0
2026-04-18 12:51:28 AM,KXATPCHALLENGERMATCH-26APR18BOLYUN-YUN,66,11262,65,275,64,14,63,2176,62,2964,64,2,65,8,66,4,67,7772,68,5592,65.0
2026-04-18 12:51:28 AM,KXATPCHALLENGERMATCH-26APR18BOLYUN-YUN,66,11262,65,275,64,14,63,2176,62,2929,64,2,65,8,66,4,67,7772,68,5592,65.0
2026-04-18 12:51:28 AM,KXATPCHALLENGERMATCH-26APR18BOLYUN-YUN,66,11262,65,275,64,49,63,2176,62,2929,64,2,65,8,66,4,67,7772,68,5592,65.0
2026-04-18 12:51:29 AM,KXATPCHALLENGERMATCH-26APR18BOLYUN-YUN,66,11262,65,275,64,49,63,2176,62,2929,64,2,65,8,66,4,67,7772,68,6990,65.0
2026-04-18 12:51:29 AM,KXATPCHALLENGERMATCH-26APR18BOLYUN-YUN,66,11262,64,49,63,2176,62,2929,61,1381,64,2,65,8,66,4,67,7772,68,6990,65.0
2026-04-18 12:51:29 AM,KXATPCHALLENGERMATCH-26APR18BOLYUN-YUN,66,11262,64,49,63,2176,62,2929,61,6381,64,2,65,8,66,4,67,7772,68,6990,65.0
2026-04-18 12:51:29 AM,KXATPCHALLENGERMATCH-26APR18BOLYUN-YUN,66,11262,64,49,63,2176,62,2929,61,6381,64,2,65,8,66,4,67,7497,68,6990,65.0
2026-04-18 12:51:29 AM,KXATPCHALLENGERMATCH-26APR18BOLYUN-YUN,66,11537,64,49,63,2176,62,2929,61,6381,64,2,65,8,66,4,67,7497,68,6990,65.0
2026-04-18 12:51:29 AM,KXATPCHALLENGERMATCH-26APR18BOLYUN-YUN,66,11537,64,49,63,2176,62,2929,61,6381,64,2,65,8,66,4,67,7222,68,6990,65.0
2026-04-18 12:51:29 AM,KXATPCHALLENGERMATCH-26APR18BOLYUN-YUN,66,11537,64,49,63,2176,62,2929,61,6381,64,2,65,8,66,4,67,7222,68,7265,65.0
2026-04-18 12:51:29 AM,KXATPCHALLENGERMATCH-26APR18BOLYUN-YUN,66,11537,64,49,63,2176,62,2929,61,1381,64,2,65,8,66,4,67,7222,68,7265,65.0
2026-04-18 12:51:29 AM,KXATPCHALLENGERMATCH-26APR18BOLYUN-YUN,66,11537,64,53,63,2176,62,2929,61,1381,64,2,65,8,66,4,67,7222,68,7265,65.0
2026-04-18 12:51:31 AM,KXATPCHALLENGERMATCH-26APR18BOLYUN-YUN,66,11537,64,53,63,2176,62,2929,61,2181,64,2,65,8,66,4,67,7222,68,7265,65.0
2026-04-18 12:51:31 AM,KXATPCHALLENGERMATCH-26APR18BOLYUN-YUN,66,11537,64,53,63,2176,62,3729,61,2181,64,2,65,8,66,4,67,7222,68,7265,65.0
2026-04-18 12:51:31 AM,KXATPCHALLENGERMATCH-26APR18BOLYUN-YUN,66,11537,64,853,63,2176,62,3729,61,2181,64,2,65,8,66,4,67,7222,68,7265,65.0
2026-04-18 12:51:31 AM,KXATPCHALLENGERMATCH-26APR18BOLYUN-YUN,66,11537,64,853,63,2176,62,3729,61,2181,64,2,65,8,66,4,67,8022,68,7265,65.0
2026-04-18 12:51:31 AM,KXATPCHALLENGERMATCH-26APR18BOLYUN-YUN,66,11537,64,853,63,2176,62,3729,61,2181,64,2,65,8,66,4,67,8022,68,7300,65.0
2026-04-18 12:51:35 AM,KXATPCHALLENGERMATCH-26APR18BOLYUN-YUN,66,11537,64,853,63,2176,62,3729,61,2181,64,2,65,8,66,4,67,9022,68,7300,65.0
2026-04-18 12:51:35 AM,KXATPCHALLENGERMATCH-26APR18BOLYUN-YUN,66,11537,64,853,63,2176,62,3729,61,2181,64,2,65,8,66,4,67,9022,68,7265,65.0
2026-04-18 12:51:35 AM,KXATPCHALLENGERMATCH-26APR18BOLYUN-YUN,66,11537,64,853,63,2176,62,3729,61,2181,64,2,65,8,66,4,67,9057,68,7265,65.0
2026-04-18 12:51:37 AM,KXATPCHALLENGERMATCH-26APR18BOLYUN-YUN,66,11537,64,853,63,2176,62,3729,61,2181,64,2,65,8,66,4,67,10454,68,7265,65.0
2026-04-18 12:51:37 AM,KXATPCHALLENGERMATCH-26APR18BOLYUN-YUN,66,11537,64,853,63,2176,62,3729,61,2181,64,2,65,8,66,4,67,10454,68,5867,65.0
2026-04-18 12:51:41 AM,KXATPCHALLENGERMATCH-26APR18BOLYUN-YUN,66,11537,64,853,63,2176,62,3729,61,2181,64,2,65,8,66,4,67,10454,68,6367,65.0
2026-04-18 12:51:41 AM,KXATPCHALLENGERMATCH-26APR18BOLYUN-YUN,66,11537,64,853,63,2176,62,3729,61,2181,64,2,65,8,66,4,67,9352,68,6367,65.0
2026-04-18 12:51:41 AM,KXATPCHALLENGERMATCH-26APR18BOLYUN-YUN,66,11537,64,853,63,2176,62,3729,61,2181,64,2,65,8,66,4,67,8950,68,6367,65.0
2026-04-18 12:51:41 AM,KXATPCHALLENGERMATCH-26APR18BOLYUN-YUN,66,11537,64,853,63,2176,62,3729,61,2181,64,2,65,8,66,4,67,8350,68,6367,65.0
2026-04-18 12:51:41 AM,KXATPCHALLENGERMATCH-26APR18BOLYUN-YUN,66,11537,64,853,63,2176,62,3729,61,2181,64,2,65,8,66,4,67,3350,68,6367,65.0
2026-04-18 12:51:41 AM,KXATPCHALLENGERMATCH-26APR18BOLYUN-YUN,66,11537,64,853,63,2176,62,3729,61,2181,64,2,65,8,66,4,67,3252,68,6367,65.0
2026-04-18 12:51:41 AM,KXATPCHALLENGERMATCH-26APR18BOLYUN-YUN,66,11537,64,853,63,2176,62,3729,61,2181,64,2,65,8,66,4,67,3241,68,6367,65.0
2026-04-18 12:51:41 AM,KXATPCHALLENGERMATCH-26APR18BOLYUN-YUN,66,11537,64,853,63,2176,62,3729,61,2181,64,2,65,8,66,4,67,3232,68,6367,65.0
2026-04-18 12:51:41 AM,KXATPCHALLENGERMATCH-26APR18BOLYUN-YUN,66,11537,64,853,63,2176,62,3729,61,2181,64,2,65,8,66,4,67,2432,68,6367,65.0
2026-04-18 12:51:41 AM,KXATPCHALLENGERMATCH-26APR18BOLYUN-YUN,66,11537,64,853,63,2176,62,3729,61,2181,64,2,65,8,66,4,67,1432,68,6367,65.0
2026-04-18 12:51:41 AM,KXATPCHALLENGERMATCH-26APR18BOLYUN-YUN,66,11537,64,853,63,2176,62,3729,61,2181,64,2,65,8,66,4,67,1397,68,6367,65.0
2026-04-18 12:51:41 AM,KXATPCHALLENGERMATCH-26APR18BOLYUN-YUN,66,11537,64,853,63,2176,62,3729,61,2181,64,2,65,8,66,4,68,6367,69,1246,65.0
2026-04-18 12:51:41 AM,KXATPCHALLENGERMATCH-26APR18BOLYUN-YUN,66,275,64,853,63,2176,62,3729,61,2181,64,2,65,8,66,4,68,6367,69,1246,65.0
2026-04-18 12:51:41 AM,KXATPCHALLENGERMATCH-26APR18BOLYUN-YUN,67,807,66,275,64,853,63,2176,62,3729,64,2,65,8,66,4,68,6367,69,1246,65.5
2026-04-18 12:51:41 AM,KXATPCHALLENGERMATCH-26APR18BOLYUN-YUN,67,807,66,275,64,853,63,2176,62,2929,64,2,65,8,66,4,68,6367,69,1246,65.5
2026-04-18 12:51:41 AM,KXATPCHALLENGERMATCH-26APR18BOLYUN-YUN,67,807,66,275,64,53,63,2176,62,2929,64,2,65,8,66,4,68,6367,69,1246,65.5
2026-04-18 12:51:41 AM,KXATPCHALLENGERMATCH-26APR18BOLYUN-YUN,67,807,66,275,64,53,63,2176,62,2929,64,2,65,8,66,4,68,6367,69,446,65.5
2026-04-18 12:51:41 AM,KXATPCHALLENGERMATCH-26APR18BOLYUN-YUN,67,807,66,275,64,53,63,2176,62,2929,64,2,65,8,66,4,68,6642,69,446,65.5
2026-04-18 12:51:41 AM,KXATPCHALLENGERMATCH-26APR18BOLYUN-YUN,67,807,66,275,64,53,63,2176,62,2929,64,2,65,8,66,4,68,6657,69,446,65.5
2026-04-18 12:51:41 AM,KXATPCHALLENGERMATCH-26APR18BOLYUN-YUN,67,807,66,350,64,53,63,2176,62,2929,64,2,65,8,66,4,68,6657,69,446,65.5
2026-04-18 12:51:41 AM,KXATPCHALLENGERMATCH-26APR18BOLYUN-YUN,67,807,66,350,65,155,64,53,63,2176,64,2,65,8,66,4,68,6657,69,446,65.5
2026-04-18 12:51:41 AM,KXATPCHALLENGERMATCH-26APR18BOLYUN-YUN,67,807,66,350,65,155,64,53,63,2176,64,2,65,8,66,4,68,6657,69,5446,65.5
2026-04-18 12:51:41 AM,KXATPCHALLENGERMATCH-26APR18BOLYUN-YUN,67,807,66,350,65,155,64,193,63,2176,64,2,65,8,66,4,68,6657,69,5446,65.5
2026-04-18 12:51:41 AM,KXATPCHALLENGERMATCH-26APR18BOLYUN-YUN,67,807,66,350,65,155,64,193,63,2176,64,2,65,8,66,4,68,7593,69,5446,65.5
2026-04-18 12:51:42 AM,KXATPCHALLENGERMATCH-26APR18BOLYUN-YUN,67,807,66,350,65,168,64,193,63,2176,64,2,65,8,66,4,68,7593,69,5446,65.5
2026-04-18 12:51:42 AM,KXATPCHALLENGERMATCH-26APR18BOLYUN-YUN,67,807,66,350,65,168,64,193,63,2176,64,2,65,8,66,4,68,7593,69,5457,65.5
2026-04-18 12:51:42 AM,KXATPCHALLENGERMATCH-26APR18BOLYUN-YUN,67,807,66,350,65,168,64,193,63,2166,64,2,65,8,66,4,68,7593,69,5457,65.5
2026-04-18 12:51:42 AM,KXATPCHALLENGERMATCH-26APR18BOLYUN-YUN,67,807,66,350,65,168,64,193,63,2966,64,2,65,8,66,4,68,7593,69,5457,65.5
2026-04-18 12:51:42 AM,KXATPCHALLENGERMATCH-26APR18BOLYUN-YUN,67,807,66,350,65,968,64,193,63,2966,64,2,65,8,66,4,68,7593,69,5457,65.5
2026-04-18 12:51:42 AM,KXATPCHALLENGERMATCH-26APR18BOLYUN-YUN,67,807,66,350,65,968,64,193,63,2966,64,2,65,8,66,4,68,8393,69,5457,65.5
2026-04-18 12:51:43 AM,KXATPCHALLENGERMATCH-26APR18BOLYUN-YUN,67,807,66,350,65,968,64,193,63,2966,64,2,65,8,66,4,68,8118,69,5457,65.5
2026-04-18 12:51:45 AM,KXATPCHALLENGERMATCH-26APR18BOLYUN-YUN,67,807,66,350,65,968,64,193,63,2966,64,2,65,8,66,4,68,8393,69,5457,65.5
2026-04-18 12:51:45 AM,KXATPCHALLENGERMATCH-26APR18BOLYUN-YUN,67,807,66,350,65,968,64,193,63,2966,64,2,65,8,66,4,68,9070,69,5457,65.5
2026-04-18 12:51:45 AM,KXATPCHALLENGERMATCH-26APR18BOLYUN-YUN,67,807,66,350,65,968,64,193,63,2966,64,2,65,8,66,4,68,9070,69,5492,65.5
2026-04-18 12:51:49 AM,KXATPCHALLENGERMATCH-26APR18BOLYUN-YUN,67,807,66,350,65,968,64,193,63,2966,64,2,65,8,66,4,68,9070,69,6492,65.5
2026-04-18 12:51:55 AM,KXATPCHALLENGERMATCH-26APR18BOLYUN-YUN,67,807,66,350,65,968,64,193,63,2966,64,2,65,8,66,4,68,9069,69,6492,65.5
2026-04-18 12:51:55 AM,KXATPCHALLENGERMATCH-26APR18BOLYUN-YUN,67,674,66,350,65,968,64,193,63,2966,64,2,65,8,66,4,68,9069,69,6492,65.5
2026-04-18 12:52:02 AM,KXATPCHALLENGERMATCH-26APR18BOLYUN-YUN,67,674,66,350,65,968,64,193,63,2966,64,2,65,8,66,4,68,8628,69,6492,65.5
2026-04-18 12:52:02 AM,KXATPCHALLENGERMATCH-26APR18BOLYUN-YUN,67,674,66,350,65,968,64,193,63,2966,64,2,65,8,66,4,68,8625,69,6492,65.5
2026-04-18 12:52:02 AM,KXATPCHALLENGERMATCH-26APR18BOLYUN-YUN,67,674,66,350,65,968,64,193,63,2966,64,2,65,8,66,4,68,8395,69,6492,65.5
2026-04-18 12:52:02 AM,KXATPCHALLENGERMATCH-26APR18BOLYUN-YUN,66,350,65,968,64,193,63,2966,62,3729,64,2,65,8,66,4,68,8395,69,6492,65.0
2026-04-18 12:52:02 AM,KXATPCHALLENGERMATCH-26APR18BOLYUN-YUN,66,350,65,968,64,158,63,2966,62,3729,64,2,65,8,66,4,68,8395,69,6492,65.0
2026-04-18 12:52:02 AM,KXATPCHALLENGERMATCH-26APR18BOLYUN-YUN,66,385,65,968,64,158,63,2966,62,3729,64,2,65,8,66,4,68,8395,69,6492,65.0
2026-04-18 12:52:02 AM,KXATPCHALLENGERMATCH-26APR18BOLYUN-YUN,66,385,65,968,64,158,63,2966,62,3729,64,2,65,8,66,4,68,8395,69,1492,65.0
2026-04-18 12:52:02 AM,KXATPCHALLENGERMATCH-26APR18BOLYUN-YUN,66,385,65,968,64,158,63,2966,62,3729,64,2,65,8,66,4,68,8395,69,1457,65.0
2026-04-18 12:52:02 AM,KXATPCHALLENGERMATCH-26APR18BOLYUN-YUN,66,472,65,968,64,158,63,2966,62,3729,64,2,65,8,66,4,68,8395,69,1457,65.0
2026-04-18 12:52:02 AM,KXATPCHALLENGERMATCH-26APR18BOLYUN-YUN,66,472,65,968,64,158,63,2966,62,3729,64,2,65,8,66,4,67,675,68,8395,65.0
2026-04-18 12:52:02 AM,KXATPCHALLENGERMATCH-26APR18BOLYUN-YUN,66,472,65,968,64,158,63,2966,62,3729,64,2,65,8,66,4,67,675,68,8120,65.0
2026-04-18 12:52:02 AM,KXATPCHALLENGERMATCH-26APR18BOLYUN-YUN,66,472,65,968,64,158,63,2966,62,3729,64,2,65,8,66,4,67,683,68,8120,65.0
2026-04-18 12:52:02 AM,KXATPCHALLENGERMATCH-26APR18BOLYUN-YUN,66,472,65,968,64,158,63,2966,62,3729,64,2,65,8,66,4,67,683,68,8109,65.0
2026-04-18 12:52:03 AM,KXATPCHALLENGERMATCH-26APR18BOLYUN-YUN,66,472,65,968,64,158,63,2966,62,3729,64,2,65,8,66,4,67,683,68,7432,65.0
2026-04-18 12:52:03 AM,KXATPCHALLENGERMATCH-26APR18BOLYUN-YUN,66,437,65,968,64,158,63,2966,62,3729,64,2,65,8,66,4,67,683,68,7432,65.0
2026-04-18 12:52:03 AM,KXATPCHALLENGERMATCH-26APR18BOLYUN-YUN,66,437,65,968,64,193,63,2966,62,3729,64,2,65,8,66,4,67,683,68,7432,65.0
2026-04-18 12:52:03 AM,KXATPCHALLENGERMATCH-26APR18BOLYUN-YUN,66,437,65,968,64,193,63,2966,62,3729,64,2,65,8,66,4,67,718,68,7432,65.0
2026-04-18 12:52:11 AM,KXATPCHALLENGERMATCH-26APR18BOLYUN-YUN,66,437,65,968,64,193,63,2966,62,3729,64,2,65,8,66,4,67,718,68,7442,65.0
2026-04-18 12:52:11 AM,KXATPCHALLENGERMATCH-26APR18BOLYUN-YUN,66,437,65,968,64,193,63,2966,62,3729,64,2,65,8,66,4,67,5718,68,7442,65.0
2026-04-18 12:52:12 AM,KXATPCHALLENGERMATCH-26APR18BOLYUN-YUN,66,162,65,968,64,193,63,2966,62,3729,64,2,65,8,66,4,67,5718,68,7442,65.0
2026-04-18 12:52:12 AM,KXATPCHALLENGERMATCH-26APR18BOLYUN-YUN,66,162,65,1243,64,193,63,2966,62,3729,64,2,65,8,66,4,67,5718,68,7442,65.0
2026-04-18 12:52:12 AM,KXATPCHALLENGERMATCH-26APR18BOLYUN-YUN,66,162,65,1243,64,193,63,2966,62,3729,64,2,65,8,66,4,67,5683,68,7442,65.0
2026-04-18 12:52:12 AM,KXATPCHALLENGERMATCH-26APR18BOLYUN-YUN,66,162,65,1243,64,193,63,2966,62,3729,64,2,65,8,66,4,67,5683,68,7167,65.0
2026-04-18 12:52:12 AM,KXATPCHALLENGERMATCH-26APR18BOLYUN-YUN,66,162,65,1243,64,193,63,2966,62,3729,64,2,65,8,66,4,67,5958,68,7167,65.0
2026-04-18 12:52:12 AM,KXATPCHALLENGERMATCH-26APR18BOLYUN-YUN,66,162,65,1243,64,193,63,2966,62,3729,64,2,65,8,66,4,67,6458,68,7167,65.0
2026-04-18 12:52:13 AM,KXATPCHALLENGERMATCH-26APR18BOLYUN-YUN,66,162,65,1243,64,193,63,2966,62,2929,64,2,65,8,66,4,67,6458,68,7167,65.0
2026-04-18 12:52:13 AM,KXATPCHALLENGERMATCH-26APR18BOLYUN-YUN,66,162,65,1243,64,193,63,2166,62,2929,64,2,65,8,66,4,67,6458,68,7167,65.0
2026-04-18 12:52:13 AM,KXATPCHALLENGERMATCH-26APR18BOLYUN-YUN,66,162,65,443,64,193,63,2166,62,2929,64,2,65,8,66,4,67,6458,68,7167,65.0
2026-04-18 12:52:13 AM,KXATPCHALLENGERMATCH-26APR18BOLYUN-YUN,66,162,65,443,64,193,63,2166,62,2929,64,2,65,8,66,4,67,6458,68,6367,65.0
2026-04-18 12:52:18 AM,KXATPCHALLENGERMATCH-26APR18BOLYUN-YUN,66,162,65,443,64,193,63,2166,62,2929,64,2,65,8,66,4,67,7754,68,6367,65.0
2026-04-18 12:52:18 AM,KXATPCHALLENGERMATCH-26APR18BOLYUN-YUN,66,162,65,443,64,193,63,2166,62,2929,64,2,65,8,66,4,67,8673,68,6367,65.0
2026-04-18 12:52:57 AM,KXATPCHALLENGERMATCH-26APR18BOLYUN-YUN,66,162,65,443,64,193,63,2166,62,2929,64,2,65,8,66,4,67,8673,68,6357,65.0
2026-04-18 12:52:58 AM,KXATPCHALLENGERMATCH-26APR18BOLYUN-YUN,66,162,65,443,64,193,63,2166,62,2929,64,2,65,8,66,4,67,8683,68,6357,65.0
2026-04-18 12:53:17 AM,KXATPCHALLENGERMATCH-26APR18BOLYUN-YUN,66,162,65,443,64,193,63,2166,62,2929,64,2,65,8,66,4,67,8683,68,6440,65.0
2026-04-18 12:54:10 AM,KXATPCHALLENGERMATCH-26APR18BOLYUN-YUN,66,162,65,431,64,193,63,2166,62,2929,64,2,65,8,66,4,67,8683,68,6440,65.0
2026-04-18 12:54:10 AM,KXATPCHALLENGERMATCH-26APR18BOLYUN-YUN,66,162,65,431,64,193,63,2166,62,2929,64,2,65,8,66,4,67,8683,68,6470,65.0
2026-04-18 12:54:52 AM,KXATPCHALLENGERMATCH-26APR18BOLYUN-YUN,66,162,65,431,64,193,63,2166,62,2929,64,2,65,8,66,4,67,8465,68,6470,65.0
2026-04-18 12:54:52 AM,KXATPCHALLENGERMATCH-26APR18BOLYUN-YUN,66,162,65,431,64,158,63,2166,62,2929,64,2,65,8,66,4,67,8465,68,6470,65.0
2026-04-18 12:54:52 AM,KXATPCHALLENGERMATCH-26APR18BOLYUN-YUN,66,197,65,431,64,158,63,2166,62,2929,64,2,65,8,66,4,67,8465,68,6470,65.0
2026-04-18 12:54:52 AM,KXATPCHALLENGERMATCH-26APR18BOLYUN-YUN,66,197,65,431,64,158,63,2166,62,2929,64,2,65,8,66,4,67,8465,68,6505,65.0
2026-04-18 12:54:52 AM,KXATPCHALLENGERMATCH-26APR18BOLYUN-YUN,66,162,65,431,64,158,63,2166,62,2929,64,2,65,8,66,4,67,8465,68,6505,65.0
2026-04-18 12:54:52 AM,KXATPCHALLENGERMATCH-26APR18BOLYUN-YUN,66,162,65,431,64,193,63,2166,62,2929,64,2,65,8,66,4,67,8465,68,6505,65.0
2026-04-18 12:55:06 AM,KXATPCHALLENGERMATCH-26APR18BOLYUN-YUN,66,162,65,431,64,193,63,2166,62,2929,64,2,65,8,66,4,67,8320,68,6505,65.0
2026-04-18 12:55:06 AM,KXATPCHALLENGERMATCH-26APR18BOLYUN-YUN,66,162,65,431,64,158,63,2166,62,2929,64,2,65,8,66,4,67,8320,68,6505,65.0
2026-04-18 12:55:06 AM,KXATPCHALLENGERMATCH-26APR18BOLYUN-YUN,66,197,65,431,64,158,63,2166,62,2929,64,2,65,8,66,4,67,8320,68,6505,65.0
2026-04-18 12:55:11 AM,KXATPCHALLENGERMATCH-26APR18BOLYUN-YUN,66,197,65,431,64,158,63,3563,62,2929,64,2,65,8,66,4,67,8320,68,6505,65.0
2026-04-18 12:55:11 AM,KXATPCHALLENGERMATCH-26APR18BOLYUN-YUN,66,197,65,431,64,158,63,3563,62,2929,64,2,65,8,66,4,67,8320,68,6470,65.0
2026-04-18 12:55:11 AM,KXATPCHALLENGERMATCH-26APR18BOLYUN-YUN,66,162,65,431,64,158,63,3563,62,2929,64,2,65,8,66,4,67,8320,68,6470,65.0
2026-04-18 12:55:11 AM,KXATPCHALLENGERMATCH-26APR18BOLYUN-YUN,66,162,65,431,64,193,63,3563,62,2929,64,2,65,8,66,4,67,8320,68,6470,65.0
2026-04-18 12:55:11 AM,KXATPCHALLENGERMATCH-26APR18BOLYUN-YUN,66,162,65,431,64,193,63,3563,62,1531,64,2,65,8,66,4,67,8320,68,6470,65.0
2026-04-18 12:55:20 AM,KXATPCHALLENGERMATCH-26APR18BOLYUN-YUN,66,162,65,431,64,193,63,3563,62,2929,64,2,65,8,66,4,67,8320,68,6470,65.0
2026-04-18 12:55:20 AM,KXATPCHALLENGERMATCH-26APR18BOLYUN-YUN,66,162,65,431,64,193,63,2166,62,2929,64,2,65,8,66,4,67,8320,68,6470,65.0
2026-04-18 12:55:28 AM,KXATPCHALLENGERMATCH-26APR18BOLYUN-YUN,66,151,65,431,64,193,63,2166,62,2929,64,2,65,8,66,4,67,8320,68,6470,65.0
2026-04-18 12:55:28 AM,KXATPCHALLENGERMATCH-26APR18BOLYUN-YUN,66,151,65,431,64,193,63,2166,62,2929,64,2,65,8,66,4,67,8320,68,6491,65.0
2026-04-18 12:57:42 AM,KXATPCHALLENGERMATCH-26APR18BOLYUN-YUN,66,151,65,431,64,158,63,2166,62,2929,64,2,65,8,66,4,67,8320,68,6491,65.0
2026-04-18 12:57:42 AM,KXATPCHALLENGERMATCH-26APR18BOLYUN-YUN,66,186,65,431,64,158,63,2166,62,2929,64,2,65,8,66,4,67,8320,68,6491,65.0
2026-04-18 12:57:42 AM,KXATPCHALLENGERMATCH-26APR18BOLYUN-YUN,66,186,65,431,64,158,63,2166,62,2929,64,2,65,8,66,4,67,8320,68,6526,65.0
2026-04-18 12:57:42 AM,KXATPCHALLENGERMATCH-26APR18BOLYUN-YUN,66,151,65,431,64,158,63,2166,62,2929,64,2,65,8,66,4,67,8320,68,6526,65.0
2026-04-18 12:57:42 AM,KXATPCHALLENGERMATCH-26APR18BOLYUN-YUN,66,151,65,431,64,193,63,2166,62,2929,64,2,65,8,66,4,67,8320,68,6526,65.0
2026-04-18 12:58:07 AM,KXATPCHALLENGERMATCH-26APR18BOLYUN-YUN,66,124,65,431,64,193,63,2166,62,2929,64,2,65,8,66,4,67,8320,68,6526,65.0
2026-04-18 12:58:07 AM,KXATPCHALLENGERMATCH-26APR18BOLYUN-YUN,66,124,65,404,64,193,63,2166,62,2929,64,2,65,8,66,4,67,8320,68,6526,65.0
2026-04-18 12:58:07 AM,KXATPCHALLENGERMATCH-26APR18BOLYUN-YUN,66,124,65,404,64,193,63,2166,62,2929,64,2,65,8,66,4,67,8320,68,6491,65.0
2026-04-18 12:58:07 AM,KXATPCHALLENGERMATCH-26APR18BOLYUN-YUN,66,124,65,404,64,193,63,2166,62,2929,64,2,65,8,66,4,67,8445,68,6491,65.0
2026-04-18 12:58:07 AM,KXATPCHALLENGERMATCH-26APR18BOLYUN-YUN,66,124,65,404,64,193,63,2166,62,2929,64,2,65,8,66,4,67,8445,68,6660,65.0
2026-04-18 01:00:54 AM,KXATPCHALLENGERMATCH-26APR18BOLYUN-YUN,66,124,65,404,64,193,63,2166,62,2929,64,2,65,8,66,4,67,8431,68,6660,65.0
2026-04-18 01:00:54 AM,KXATPCHALLENGERMATCH-26APR18BOLYUN-YUN,66,124,65,404,64,158,63,2166,62,2929,64,2,65,8,66,4,67,8431,68,6660,65.0
