ts_et,ticker,bid_1,bid_1_sz,bid_2,bid_2_sz,bid_3,bid_3_sz,bid_4,bid_4_sz,bid_5,bid_5_sz,ask_1,ask_1_sz,ask_2,ask_2_sz,ask_3,ask_3_sz,ask_4,ask_4_sz,ask_5,ask_5_sz,mid
2026-04-18 10:13:44 AM,KXATPCHALLENGERMATCH-26APR18DANHYU-HYU,4,500,1,1826,,,,,,,96,500,99,1827,,,,,,,50.0
2026-04-18 10:14:09 AM,KXATPCHALLENGERMATCH-26APR18DANHYU-HYU,4,500,1,1826,,,,,,,94,350,96,500,99,1827,,,,,49.0
2026-04-18 10:14:16 AM,KXATPCHALLENGERMATCH-26APR18DANHYU-HYU,4,500,1,1826,,,,,,,94,350,96,500,98,3,99,1827,,,49.0
2026-04-18 10:16:20 AM,KXATPCHALLENGERMATCH-26APR18DANHYU-HYU,4,500,1,1826,,,,,,,94,350,95,10,96,500,98,3,99,1827,49.0
2026-04-18 10:19:22 AM,KXATPCHALLENGERMATCH-26APR18DANHYU-HYU,4,500,1,1826,,,,,,,94,350,95,10,96,500,97,2,98,3,49.0
2026-04-18 10:28:14 AM,KXATPCHALLENGERMATCH-26APR18DANHYU-HYU,4,500,1,3326,,,,,,,94,350,95,10,96,500,97,2,98,3,49.0
2026-04-18 10:28:15 AM,KXATPCHALLENGERMATCH-26APR18DANHYU-HYU,4,500,2,900,1,3326,,,,,94,350,95,10,96,500,97,2,98,3,49.0
2026-04-18 10:28:15 AM,KXATPCHALLENGERMATCH-26APR18DANHYU-HYU,4,500,2,900,1,3326,,,,,94,350,95,10,96,500,97,2,98,123,49.0
2026-04-18 10:28:15 AM,KXATPCHALLENGERMATCH-26APR18DANHYU-HYU,4,500,3,540,2,900,1,3326,,,94,350,95,10,96,500,97,2,98,123,49.0
2026-04-18 10:28:15 AM,KXATPCHALLENGERMATCH-26APR18DANHYU-HYU,4,500,3,540,2,900,1,3326,,,94,350,95,10,96,500,97,74,98,123,49.0
2026-04-18 10:28:15 AM,KXATPCHALLENGERMATCH-26APR18DANHYU-HYU,4,823,3,540,2,900,1,3326,,,94,350,95,10,96,500,97,74,98,123,49.0
2026-04-18 10:28:16 AM,KXATPCHALLENGERMATCH-26APR18DANHYU-HYU,4,823,3,540,2,900,1,3326,,,94,350,95,10,96,543,97,74,98,123,49.0
2026-04-18 10:28:16 AM,KXATPCHALLENGERMATCH-26APR18DANHYU-HYU,5,194,4,823,3,540,2,900,1,3326,94,350,95,10,96,543,97,74,98,123,49.5
2026-04-18 10:28:16 AM,KXATPCHALLENGERMATCH-26APR18DANHYU-HYU,5,194,4,823,3,540,2,900,1,3326,94,350,95,35,96,543,97,74,98,123,49.5
2026-04-18 10:28:16 AM,KXATPCHALLENGERMATCH-26APR18DANHYU-HYU,6,116,5,194,4,823,3,540,2,900,94,350,95,35,96,543,97,74,98,123,50.0
2026-04-18 10:28:16 AM,KXATPCHALLENGERMATCH-26APR18DANHYU-HYU,6,116,5,194,4,823,3,540,2,900,94,365,95,35,96,543,97,74,98,123,50.0
2026-04-18 10:34:23 AM,KXATPCHALLENGERMATCH-26APR18DANHYU-HYU,6,116,5,194,4,823,3,540,2,900,94,365,95,35,96,543,97,84,98,123,50.0
2026-04-18 10:45:37 AM,KXATPCHALLENGERMATCH-26APR18DANHYU-HYU,6,116,5,194,4,823,3,540,2,900,94,365,95,35,96,543,97,84,98,245,50.0
2026-04-18 10:50:23 AM,KXATPCHALLENGERMATCH-26APR18DANHYU-HYU,6,116,5,594,4,823,3,540,2,900,94,365,95,35,96,543,97,84,98,245,50.0
2026-04-18 10:51:16 AM,KXATPCHALLENGERMATCH-26APR18DANHYU-HYU,6,116,5,594,4,823,3,540,2,900,93,171,94,365,95,35,96,543,97,84,49.5
2026-04-18 10:55:13 AM,KXATPCHALLENGERMATCH-26APR18DANHYU-HYU,6,116,5,594,4,823,3,540,2,900,94,365,95,35,96,543,97,84,98,245,50.0
2026-04-18 10:59:15 AM,KXATPCHALLENGERMATCH-26APR18DANHYU-HYU,6,116,5,594,4,823,3,540,2,900,93,171,94,365,95,35,96,543,97,84,49.5
2026-04-18 11:00:14 AM,KXATPCHALLENGERMATCH-26APR18DANHYU-HYU,6,116,5,694,4,823,3,540,2,900,93,171,94,365,95,35,96,543,97,84,49.5
2026-04-18 11:00:15 AM,KXATPCHALLENGERMATCH-26APR18DANHYU-HYU,6,116,5,594,4,823,3,540,2,900,93,171,94,365,95,35,96,543,97,84,49.5
2026-04-18 11:00:15 AM,KXATPCHALLENGERMATCH-26APR18DANHYU-HYU,6,116,5,594,4,823,3,540,2,900,93,671,94,365,95,35,96,543,97,84,49.5
2026-04-18 11:00:19 AM,KXATPCHALLENGERMATCH-26APR18DANHYU-HYU,6,116,5,594,4,823,3,540,2,900,93,171,94,365,95,35,96,543,97,84,49.5
2026-04-18 11:11:29 AM,KXATPCHALLENGERMATCH-26APR18DANHYU-HYU,6,116,5,594,4,823,3,540,2,900,93,171,94,365,95,25,96,543,97,84,49.5
2026-04-18 11:13:27 AM,KXATPCHALLENGERMATCH-26APR18DANHYU-HYU,6,116,5,594,4,823,3,540,2,900,94,365,95,25,96,543,97,84,98,245,50.0
2026-04-18 11:15:26 AM,KXATPCHALLENGERMATCH-26APR18DANHYU-HYU,6,116,5,594,4,823,3,540,2,900,92,9,94,365,95,25,96,543,97,84,49.0
2026-04-18 11:15:26 AM,KXATPCHALLENGERMATCH-26APR18DANHYU-HYU,6,116,5,594,4,823,3,540,2,900,91,133,92,9,94,365,95,25,96,543,48.5
2026-04-18 11:19:47 AM,KXATPCHALLENGERMATCH-26APR18DANHYU-HYU,6,116,5,594,4,823,3,540,2,900,91,133,92,9,94,365,95,26,96,543,48.5
2026-04-18 11:35:20 AM,KXATPCHALLENGERMATCH-26APR18DANHYU-HYU,6,116,5,594,4,823,3,540,2,900,92,9,94,365,95,26,96,543,97,84,49.0
2026-04-18 11:38:51 AM,KXATPCHALLENGERMATCH-26APR18DANHYU-HYU,6,116,5,744,4,823,3,540,2,900,92,9,94,365,95,26,96,543,97,84,49.0
2026-04-18 11:42:14 AM,KXATPCHALLENGERMATCH-26APR18DANHYU-HYU,6,115,5,744,4,823,3,540,2,900,92,9,94,365,95,26,96,543,97,84,49.0
2026-04-18 11:42:53 AM,KXATPCHALLENGERMATCH-26APR18DANHYU-HYU,6,115,5,744,4,823,3,540,2,900,83,1,92,9,94,365,95,26,96,543,44.5
2026-04-18 11:42:59 AM,KXATPCHALLENGERMATCH-26APR18DANHYU-HYU,6,116,5,744,4,823,3,540,2,900,83,1,92,9,94,365,95,26,96,543,44.5
2026-04-18 11:43:48 AM,KXATPCHALLENGERMATCH-26APR18DANHYU-HYU,6,115,5,744,4,823,3,540,2,900,83,1,92,9,94,365,95,26,96,543,44.5
2026-04-18 11:53:26 AM,KXATPCHALLENGERMATCH-26APR18DANHYU-HYU,6,95,5,744,4,823,3,540,2,900,83,1,92,9,94,365,95,26,96,543,44.5
2026-04-18 11:53:44 AM,KXATPCHALLENGERMATCH-26APR18DANHYU-HYU,6,95,5,744,4,823,3,540,2,900,75,20,83,1,92,9,94,365,95,26,40.5
2026-04-18 11:54:05 AM,KXATPCHALLENGERMATCH-26APR18DANHYU-HYU,6,96,5,744,4,823,3,540,2,900,75,20,83,1,92,9,94,365,95,26,40.5
2026-04-18 11:55:12 AM,KXATPCHALLENGERMATCH-26APR18DANHYU-HYU,6,95,5,744,4,823,3,540,2,900,75,20,83,1,92,9,94,365,95,26,40.5
2026-04-18 11:56:22 AM,KXATPCHALLENGERMATCH-26APR18DANHYU-HYU,6,95,5,744,4,823,3,540,2,900,75,20,83,1,89,1,92,9,94,365,40.5
2026-04-18 11:56:32 AM,KXATPCHALLENGERMATCH-26APR18DANHYU-HYU,6,94,5,744,4,823,3,540,2,900,75,20,83,1,89,1,92,9,94,365,40.5
2026-04-18 11:57:18 AM,KXATPCHALLENGERMATCH-26APR18DANHYU-HYU,6,94,5,744,4,823,3,540,2,900,68,1,75,20,83,1,89,1,92,9,37.0
2026-04-18 12:03:29 PM,KXATPCHALLENGERMATCH-26APR18DANHYU-HYU,6,94,5,744,4,823,3,540,2,900,68,1,75,20,83,1,84,1,89,1,37.0
2026-04-18 12:09:19 PM,KXATPCHALLENGERMATCH-26APR18DANHYU-HYU,6,94,5,771,4,823,3,540,2,900,68,1,75,20,83,1,84,1,89,1,37.0
2026-04-18 12:09:19 PM,KXATPCHALLENGERMATCH-26APR18DANHYU-HYU,6,94,5,771,4,841,3,540,2,900,68,1,75,20,83,1,84,1,89,1,37.0
2026-04-18 12:09:19 PM,KXATPCHALLENGERMATCH-26APR18DANHYU-HYU,6,94,5,771,4,841,3,540,2,900,67,100,68,1,75,20,83,1,84,1,36.5
2026-04-18 12:09:19 PM,KXATPCHALLENGERMATCH-26APR18DANHYU-HYU,6,94,5,771,4,841,3,540,2,900,67,100,68,1,74,17,75,20,83,1,36.5
2026-04-18 12:09:49 PM,KXATPCHALLENGERMATCH-26APR18DANHYU-HYU,6,94,5,771,4,841,3,540,2,900,67,100,74,17,75,20,83,1,84,1,36.5
2026-04-18 12:09:49 PM,KXATPCHALLENGERMATCH-26APR18DANHYU-HYU,6,94,5,771,4,841,3,540,2,900,67,101,74,17,75,20,83,1,84,1,36.5
2026-04-18 12:09:49 PM,KXATPCHALLENGERMATCH-26APR18DANHYU-HYU,6,94,5,771,4,841,3,540,2,900,67,1,74,17,75,20,83,1,84,1,36.5
2026-04-18 12:09:49 PM,KXATPCHALLENGERMATCH-26APR18DANHYU-HYU,6,94,5,771,4,841,3,540,2,900,67,1,74,100,75,20,83,1,84,1,36.5
2026-04-18 12:09:50 PM,KXATPCHALLENGERMATCH-26APR18DANHYU-HYU,6,94,5,771,4,841,3,540,2,900,67,1,74,100,83,1,84,1,89,1,36.5
2026-04-18 12:09:50 PM,KXATPCHALLENGERMATCH-26APR18DANHYU-HYU,6,94,5,771,4,841,3,540,2,900,67,21,74,100,83,1,84,1,89,1,36.5
2026-04-18 12:09:50 PM,KXATPCHALLENGERMATCH-26APR18DANHYU-HYU,6,94,5,771,4,841,3,540,2,900,67,21,74,100,84,1,89,1,92,9,36.5
2026-04-18 12:09:50 PM,KXATPCHALLENGERMATCH-26APR18DANHYU-HYU,6,94,5,771,4,841,3,540,2,900,67,22,74,100,84,1,89,1,92,9,36.5
2026-04-18 12:09:50 PM,KXATPCHALLENGERMATCH-26APR18DANHYU-HYU,6,94,5,771,4,841,3,540,2,900,67,22,74,83,84,1,89,1,92,9,36.5
2026-04-18 12:09:50 PM,KXATPCHALLENGERMATCH-26APR18DANHYU-HYU,6,94,5,771,4,841,3,540,2,900,66,100,67,22,74,83,84,1,89,1,36.0
2026-04-18 12:09:50 PM,KXATPCHALLENGERMATCH-26APR18DANHYU-HYU,6,94,5,771,4,841,3,540,2,900,66,100,67,22,74,83,83,17,84,1,36.0
2026-04-18 12:09:50 PM,KXATPCHALLENGERMATCH-26APR18DANHYU-HYU,6,94,5,771,4,841,3,540,2,900,66,100,67,22,83,17,84,1,89,1,36.0
2026-04-18 12:10:19 PM,KXATPCHALLENGERMATCH-26APR18DANHYU-HYU,6,94,5,771,4,841,3,540,2,900,65,34,66,100,67,22,83,17,84,1,35.5
2026-04-18 12:10:19 PM,KXATPCHALLENGERMATCH-26APR18DANHYU-HYU,6,94,5,771,4,841,3,540,2,900,65,34,66,100,67,22,84,1,89,1,35.5
2026-04-18 12:10:19 PM,KXATPCHALLENGERMATCH-26APR18DANHYU-HYU,6,94,5,771,4,841,3,540,2,900,65,34,67,22,84,1,89,1,92,9,35.5
2026-04-18 12:10:19 PM,KXATPCHALLENGERMATCH-26APR18DANHYU-HYU,6,94,5,771,4,841,3,540,2,900,64,100,65,34,67,22,84,1,89,1,35.0
2026-04-18 12:10:19 PM,KXATPCHALLENGERMATCH-26APR18DANHYU-HYU,6,94,5,771,4,841,3,540,2,900,64,100,67,22,84,1,89,1,92,9,35.0
2026-04-18 12:10:19 PM,KXATPCHALLENGERMATCH-26APR18DANHYU-HYU,6,94,5,771,4,841,3,540,2,900,63,32,64,100,67,22,84,1,89,1,34.5
2026-04-18 12:10:20 PM,KXATPCHALLENGERMATCH-26APR18DANHYU-HYU,6,94,5,771,4,841,3,540,2,900,62,100,63,32,64,100,67,22,84,1,34.0
2026-04-18 12:10:20 PM,KXATPCHALLENGERMATCH-26APR18DANHYU-HYU,6,94,5,771,4,841,3,540,2,900,62,100,63,32,67,22,84,1,89,1,34.0
2026-04-18 12:10:20 PM,KXATPCHALLENGERMATCH-26APR18DANHYU-HYU,6,94,5,771,4,841,3,540,2,900,62,100,67,22,84,1,89,1,92,9,34.0
2026-04-18 12:10:20 PM,KXATPCHALLENGERMATCH-26APR18DANHYU-HYU,6,94,5,771,4,841,3,540,2,900,61,30,62,100,67,22,84,1,89,1,33.5
2026-04-18 12:10:20 PM,KXATPCHALLENGERMATCH-26APR18DANHYU-HYU,6,94,5,771,4,841,3,540,2,900,61,30,67,22,84,1,89,1,92,9,33.5
2026-04-18 12:10:20 PM,KXATPCHALLENGERMATCH-26APR18DANHYU-HYU,6,94,5,771,4,841,3,540,2,900,60,100,61,30,67,22,84,1,89,1,33.0
2026-04-18 12:10:20 PM,KXATPCHALLENGERMATCH-26APR18DANHYU-HYU,6,94,5,771,4,841,3,540,2,900,60,100,67,22,84,1,89,1,92,9,33.0
2026-04-18 12:10:20 PM,KXATPCHALLENGERMATCH-26APR18DANHYU-HYU,6,94,5,771,4,841,3,540,2,900,59,29,60,100,67,22,84,1,89,1,32.5
2026-04-18 12:10:21 PM,KXATPCHALLENGERMATCH-26APR18DANHYU-HYU,6,94,5,771,4,841,3,540,2,900,58,100,59,29,60,100,67,22,84,1,32.0
2026-04-18 12:10:21 PM,KXATPCHALLENGERMATCH-26APR18DANHYU-HYU,6,94,5,771,4,841,3,540,2,900,58,100,59,29,67,22,84,1,89,1,32.0
2026-04-18 12:10:21 PM,KXATPCHALLENGERMATCH-26APR18DANHYU-HYU,6,94,5,771,4,841,3,540,2,900,58,100,59,29,66,17,67,22,84,1,32.0
2026-04-18 12:10:21 PM,KXATPCHALLENGERMATCH-26APR18DANHYU-HYU,6,94,5,771,4,841,3,540,2,900,58,100,66,17,67,22,84,1,89,1,32.0
2026-04-18 12:10:21 PM,KXATPCHALLENGERMATCH-26APR18DANHYU-HYU,6,94,5,771,4,841,3,540,2,900,57,27,58,100,66,17,67,22,84,1,31.5
2026-04-18 12:10:21 PM,KXATPCHALLENGERMATCH-26APR18DANHYU-HYU,6,94,5,771,4,841,3,540,2,900,56,100,57,27,58,100,66,17,67,22,31.0
2026-04-18 12:10:21 PM,KXATPCHALLENGERMATCH-26APR18DANHYU-HYU,6,94,5,771,4,841,3,540,2,900,56,100,57,27,66,17,67,22,84,1,31.0
2026-04-18 12:10:21 PM,KXATPCHALLENGERMATCH-26APR18DANHYU-HYU,6,94,5,771,4,841,3,540,2,900,56,100,66,17,67,22,84,1,89,1,31.0
2026-04-18 12:10:21 PM,KXATPCHALLENGERMATCH-26APR18DANHYU-HYU,6,94,5,771,4,841,3,540,2,900,55,26,56,100,66,17,67,22,84,1,30.5
2026-04-18 12:10:22 PM,KXATPCHALLENGERMATCH-26APR18DANHYU-HYU,6,94,5,771,4,841,3,540,2,900,54,100,55,26,56,100,66,17,67,22,30.0
2026-04-18 12:10:22 PM,KXATPCHALLENGERMATCH-26APR18DANHYU-HYU,6,94,5,771,4,841,3,540,2,900,54,100,55,26,66,17,67,22,84,1,30.0
2026-04-18 12:10:22 PM,KXATPCHALLENGERMATCH-26APR18DANHYU-HYU,6,94,5,771,4,841,3,540,2,900,54,100,66,17,67,22,84,1,89,1,30.0
2026-04-18 12:10:22 PM,KXATPCHALLENGERMATCH-26APR18DANHYU-HYU,6,94,5,771,4,841,3,540,2,900,53,25,54,100,66,17,67,22,84,1,29.5
2026-04-18 12:10:22 PM,KXATPCHALLENGERMATCH-26APR18DANHYU-HYU,6,94,5,771,4,841,3,540,2,900,53,25,66,17,67,22,84,1,89,1,29.5
2026-04-18 12:10:22 PM,KXATPCHALLENGERMATCH-26APR18DANHYU-HYU,6,94,5,771,4,841,3,540,2,900,52,100,53,25,66,17,67,22,84,1,29.0
2026-04-18 12:10:22 PM,KXATPCHALLENGERMATCH-26APR18DANHYU-HYU,6,94,5,771,4,841,3,540,2,900,52,100,66,17,67,22,84,1,89,1,29.0
2026-04-18 12:10:22 PM,KXATPCHALLENGERMATCH-26APR18DANHYU-HYU,6,94,5,771,4,841,3,540,2,900,51,24,52,100,66,17,67,22,84,1,28.5
2026-04-18 12:10:23 PM,KXATPCHALLENGERMATCH-26APR18DANHYU-HYU,6,94,5,771,4,841,3,540,2,900,51,24,66,17,67,22,84,1,89,1,28.5
2026-04-18 12:10:23 PM,KXATPCHALLENGERMATCH-26APR18DANHYU-HYU,6,94,5,771,4,841,3,540,2,900,51,24,67,22,84,1,89,1,92,9,28.5
2026-04-18 12:10:23 PM,KXATPCHALLENGERMATCH-26APR18DANHYU-HYU,6,94,5,771,4,841,3,540,2,900,50,100,51,24,67,22,84,1,89,1,28.0
2026-04-18 12:10:23 PM,KXATPCHALLENGERMATCH-26APR18DANHYU-HYU,6,94,5,771,4,841,3,540,2,900,50,100,51,41,67,22,84,1,89,1,28.0
2026-04-18 12:10:23 PM,KXATPCHALLENGERMATCH-26APR18DANHYU-HYU,6,94,5,771,4,841,3,540,2,900,50,100,51,17,67,22,84,1,89,1,28.0
2026-04-18 12:10:23 PM,KXATPCHALLENGERMATCH-26APR18DANHYU-HYU,6,94,5,771,4,841,3,540,2,900,49,23,50,100,51,17,67,22,84,1,27.5
2026-04-18 12:10:23 PM,KXATPCHALLENGERMATCH-26APR18DANHYU-HYU,6,94,5,771,4,841,3,540,2,900,49,23,51,17,67,22,84,1,89,1,27.5
2026-04-18 12:10:23 PM,KXATPCHALLENGERMATCH-26APR18DANHYU-HYU,6,94,5,771,4,841,3,540,2,900,49,23,67,22,84,1,89,1,92,9,27.5
2026-04-18 12:10:23 PM,KXATPCHALLENGERMATCH-26APR18DANHYU-HYU,6,94,5,771,4,841,3,540,2,900,48,100,49,23,67,22,84,1,89,1,27.0
2026-04-18 12:10:23 PM,KXATPCHALLENGERMATCH-26APR18DANHYU-HYU,6,94,5,771,4,841,3,540,2,900,48,100,49,23,66,17,67,22,84,1,27.0
2026-04-18 12:10:23 PM,KXATPCHALLENGERMATCH-26APR18DANHYU-HYU,6,94,5,771,4,841,3,540,2,900,48,100,66,17,67,22,84,1,89,1,27.0
2026-04-18 12:10:23 PM,KXATPCHALLENGERMATCH-26APR18DANHYU-HYU,6,94,5,771,4,841,3,540,2,900,47,22,48,100,66,17,67,22,84,1,26.5
2026-04-18 12:10:24 PM,KXATPCHALLENGERMATCH-26APR18DANHYU-HYU,6,94,5,771,4,841,3,540,2,900,46,100,47,22,48,100,66,17,67,22,26.0
2026-04-18 12:10:24 PM,KXATPCHALLENGERMATCH-26APR18DANHYU-HYU,6,94,5,771,4,841,3,540,2,900,46,100,47,22,66,17,67,22,84,1,26.0
2026-04-18 12:10:24 PM,KXATPCHALLENGERMATCH-26APR18DANHYU-HYU,6,94,5,771,4,841,3,540,2,900,46,100,66,17,67,22,84,1,89,1,26.0
2026-04-18 12:10:24 PM,KXATPCHALLENGERMATCH-26APR18DANHYU-HYU,6,94,5,771,4,841,3,540,2,900,45,21,46,100,66,17,67,22,84,1,25.5
2026-04-18 12:10:24 PM,KXATPCHALLENGERMATCH-26APR18DANHYU-HYU,6,94,5,771,4,841,3,540,2,900,44,100,45,21,46,100,66,17,67,22,25.0
2026-04-18 12:10:24 PM,KXATPCHALLENGERMATCH-26APR18DANHYU-HYU,6,94,5,771,4,841,3,540,2,900,44,100,45,21,66,17,67,22,84,1,25.0
2026-04-18 12:10:24 PM,KXATPCHALLENGERMATCH-26APR18DANHYU-HYU,6,94,5,771,4,841,3,540,2,900,44,100,66,17,67,22,84,1,89,1,25.0
2026-04-18 12:10:24 PM,KXATPCHALLENGERMATCH-26APR18DANHYU-HYU,6,94,5,771,4,841,3,540,2,900,43,21,44,100,66,17,67,22,84,1,24.5
2026-04-18 12:10:25 PM,KXATPCHALLENGERMATCH-26APR18DANHYU-HYU,6,94,5,771,4,841,3,540,2,900,42,100,43,21,44,100,66,17,67,22,24.0
2026-04-18 12:10:25 PM,KXATPCHALLENGERMATCH-26APR18DANHYU-HYU,6,94,5,771,4,841,3,540,2,900,42,100,43,21,66,17,67,22,84,1,24.0
2026-04-18 12:10:25 PM,KXATPCHALLENGERMATCH-26APR18DANHYU-HYU,6,94,5,771,4,841,3,540,2,900,42,100,66,17,67,22,84,1,89,1,24.0
2026-04-18 12:10:25 PM,KXATPCHALLENGERMATCH-26APR18DANHYU-HYU,6,94,5,771,4,841,3,540,2,900,41,20,42,100,66,17,67,22,84,1,23.5
2026-04-18 12:10:25 PM,KXATPCHALLENGERMATCH-26APR18DANHYU-HYU,6,94,5,771,4,841,3,540,2,900,41,20,66,17,67,22,84,1,89,1,23.5
2026-04-18 12:10:26 PM,KXATPCHALLENGERMATCH-26APR18DANHYU-HYU,6,94,5,771,4,841,3,540,2,900,41,20,66,100,67,22,84,1,89,1,23.5
2026-04-18 12:10:26 PM,KXATPCHALLENGERMATCH-26APR18DANHYU-HYU,6,94,5,771,4,841,3,540,2,900,41,20,66,83,67,22,84,1,89,1,23.5
2026-04-18 12:10:26 PM,KXATPCHALLENGERMATCH-26APR18DANHYU-HYU,6,94,5,771,4,841,3,540,2,900,41,20,67,22,84,1,89,1,92,9,23.5
2026-04-18 12:10:29 PM,KXATPCHALLENGERMATCH-26APR18DANHYU-HYU,6,94,5,771,4,841,3,540,2,900,41,20,67,21,84,1,89,1,92,9,23.5
2026-04-18 12:10:29 PM,KXATPCHALLENGERMATCH-26APR18DANHYU-HYU,6,94,5,771,4,841,3,540,2,900,41,21,67,21,84,1,89,1,92,9,23.5
2026-04-18 12:10:29 PM,KXATPCHALLENGERMATCH-26APR18DANHYU-HYU,6,94,5,771,4,841,3,540,2,900,40,100,41,21,67,21,84,1,89,1,23.0
2026-04-18 12:10:29 PM,KXATPCHALLENGERMATCH-26APR18DANHYU-HYU,6,94,5,771,4,841,3,540,2,900,40,100,41,21,66,17,67,21,84,1,23.0
2026-04-18 12:10:29 PM,KXATPCHALLENGERMATCH-26APR18DANHYU-HYU,6,94,5,771,4,841,3,540,2,900,40,100,41,1,66,17,67,21,84,1,23.0
2026-04-18 12:10:29 PM,KXATPCHALLENGERMATCH-26APR18DANHYU-HYU,6,94,5,771,4,841,3,540,2,900,39,19,40,100,41,1,66,17,67,21,22.5
2026-04-18 12:10:29 PM,KXATPCHALLENGERMATCH-26APR18DANHYU-HYU,6,94,5,771,4,841,3,540,2,900,39,19,40,100,41,1,66,17,67,1,22.5
2026-04-18 12:10:29 PM,KXATPCHALLENGERMATCH-26APR18DANHYU-HYU,6,94,5,771,4,841,3,540,2,900,39,19,40,100,41,21,66,17,67,1,22.5
2026-04-18 12:10:29 PM,KXATPCHALLENGERMATCH-26APR18DANHYU-HYU,6,94,5,771,4,841,3,540,2,900,39,19,40,100,41,21,66,17,84,1,22.5
2026-04-18 12:10:29 PM,KXATPCHALLENGERMATCH-26APR18DANHYU-HYU,6,94,5,771,4,841,3,540,2,900,39,19,40,100,41,22,66,17,84,1,22.5
2026-04-18 12:10:30 PM,KXATPCHALLENGERMATCH-26APR18DANHYU-HYU,6,94,5,771,4,841,3,540,2,900,38,100,39,19,40,100,41,22,66,17,22.0
2026-04-18 12:10:30 PM,KXATPCHALLENGERMATCH-26APR18DANHYU-HYU,6,94,5,771,4,841,3,540,2,900,38,100,39,19,40,100,41,22,84,1,22.0
2026-04-18 12:10:30 PM,KXATPCHALLENGERMATCH-26APR18DANHYU-HYU,6,94,5,771,4,841,3,540,2,900,38,100,39,19,41,22,84,1,89,1,22.0
2026-04-18 12:10:30 PM,KXATPCHALLENGERMATCH-26APR18DANHYU-HYU,6,94,5,771,4,841,3,540,2,900,38,100,41,22,84,1,89,1,92,9,22.0
2026-04-18 12:10:30 PM,KXATPCHALLENGERMATCH-26APR18DANHYU-HYU,6,94,5,771,4,841,3,540,2,900,37,19,38,100,41,22,84,1,89,1,21.5
2026-04-18 12:10:30 PM,KXATPCHALLENGERMATCH-26APR18DANHYU-HYU,6,94,5,771,4,841,3,540,2,900,37,19,41,22,84,1,89,1,92,9,21.5
2026-04-18 12:10:30 PM,KXATPCHALLENGERMATCH-26APR18DANHYU-HYU,6,94,5,771,4,841,3,540,2,900,37,19,40,17,41,22,84,1,89,1,21.5
2026-04-18 12:10:31 PM,KXATPCHALLENGERMATCH-26APR18DANHYU-HYU,6,94,5,771,4,841,3,540,2,900,36,100,37,19,40,17,41,22,84,1,21.0
2026-04-18 12:10:31 PM,KXATPCHALLENGERMATCH-26APR18DANHYU-HYU,6,94,5,771,4,841,3,540,2,900,36,100,40,17,41,22,84,1,89,1,21.0
2026-04-18 12:10:31 PM,KXATPCHALLENGERMATCH-26APR18DANHYU-HYU,6,94,5,771,4,841,3,540,2,900,35,18,36,100,40,17,41,22,84,1,20.5
2026-04-18 12:10:31 PM,KXATPCHALLENGERMATCH-26APR18DANHYU-HYU,6,94,5,771,4,841,3,540,2,900,35,18,40,17,41,22,84,1,89,1,20.5
2026-04-18 12:10:31 PM,KXATPCHALLENGERMATCH-26APR18DANHYU-HYU,6,94,5,771,4,841,3,540,2,900,35,18,41,22,84,1,89,1,92,9,20.5
2026-04-18 12:10:56 PM,KXATPCHALLENGERMATCH-26APR18DANHYU-HYU,8,5,6,94,5,771,4,841,3,540,35,18,41,22,84,1,89,1,92,9,21.5
2026-04-18 12:10:56 PM,KXATPCHALLENGERMATCH-26APR18DANHYU-HYU,8,5,6,94,5,771,4,823,3,540,35,18,41,22,84,1,89,1,92,9,21.5
2026-04-18 12:10:56 PM,KXATPCHALLENGERMATCH-26APR18DANHYU-HYU,8,5,6,103,5,771,4,823,3,540,35,18,41,22,84,1,89,1,92,9,21.5
2026-04-18 12:10:56 PM,KXATPCHALLENGERMATCH-26APR18DANHYU-HYU,8,5,6,103,5,771,4,823,3,540,34,100,35,18,41,22,84,1,89,1,21.0
2026-04-18 12:10:56 PM,KXATPCHALLENGERMATCH-26APR18DANHYU-HYU,8,5,6,103,5,771,4,823,3,540,34,100,35,18,40,17,41,22,84,1,21.0
2026-04-18 12:10:56 PM,KXATPCHALLENGERMATCH-26APR18DANHYU-HYU,8,5,6,103,5,771,4,823,3,540,34,100,40,17,41,22,84,1,89,1,21.0
2026-04-18 12:10:56 PM,KXATPCHALLENGERMATCH-26APR18DANHYU-HYU,8,5,6,103,5,771,4,823,3,540,33,17,34,100,40,17,41,22,84,1,20.5
2026-04-18 12:10:57 PM,KXATPCHALLENGERMATCH-26APR18DANHYU-HYU,8,5,6,103,5,744,4,823,3,540,33,17,34,100,40,17,41,22,84,1,20.5
2026-04-18 12:10:57 PM,KXATPCHALLENGERMATCH-26APR18DANHYU-HYU,8,13,6,103,5,744,4,823,3,540,33,17,34,100,40,17,41,22,84,1,20.5
2026-04-18 12:10:57 PM,KXATPCHALLENGERMATCH-26APR18DANHYU-HYU,8,13,6,94,5,744,4,823,3,540,33,17,34,100,40,17,41,22,84,1,20.5
2026-04-18 12:10:57 PM,KXATPCHALLENGERMATCH-26APR18DANHYU-HYU,8,13,7,18,6,94,5,744,4,823,33,17,34,100,40,17,41,22,84,1,20.5
2026-04-18 12:10:57 PM,KXATPCHALLENGERMATCH-26APR18DANHYU-HYU,8,13,7,18,6,94,5,744,4,823,33,17,40,17,41,22,84,1,89,1,20.5
2026-04-18 12:10:57 PM,KXATPCHALLENGERMATCH-26APR18DANHYU-HYU,8,13,7,18,6,94,5,744,4,823,32,100,33,17,40,17,41,22,84,1,20.0
2026-04-18 12:10:57 PM,KXATPCHALLENGERMATCH-26APR18DANHYU-HYU,8,13,7,18,6,94,5,744,4,823,32,100,40,17,41,22,84,1,89,1,20.0
2026-04-18 12:10:57 PM,KXATPCHALLENGERMATCH-26APR18DANHYU-HYU,8,13,7,18,6,94,5,744,4,823,31,17,32,100,40,17,41,22,84,1,19.5
2026-04-18 12:10:57 PM,KXATPCHALLENGERMATCH-26APR18DANHYU-HYU,8,13,7,18,6,94,5,744,4,823,31,17,40,17,41,22,84,1,89,1,19.5
2026-04-18 12:10:57 PM,KXATPCHALLENGERMATCH-26APR18DANHYU-HYU,8,13,7,18,6,94,5,744,4,823,30,100,31,17,40,17,41,22,84,1,19.0
2026-04-18 12:10:57 PM,KXATPCHALLENGERMATCH-26APR18DANHYU-HYU,8,13,7,18,6,94,5,744,4,823,30,100,40,17,41,22,84,1,89,1,19.0
2026-04-18 12:10:57 PM,KXATPCHALLENGERMATCH-26APR18DANHYU-HYU,8,13,7,18,6,94,5,744,4,823,29,16,30,100,40,17,41,22,84,1,18.5
2026-04-18 12:10:58 PM,KXATPCHALLENGERMATCH-26APR18DANHYU-HYU,8,13,7,18,6,94,5,744,4,823,28,100,29,16,30,100,40,17,41,22,18.0
2026-04-18 12:10:58 PM,KXATPCHALLENGERMATCH-26APR18DANHYU-HYU,8,13,7,18,6,94,5,744,4,823,28,100,29,16,40,17,41,22,84,1,18.0
2026-04-18 12:10:58 PM,KXATPCHALLENGERMATCH-26APR18DANHYU-HYU,8,13,7,18,6,94,5,744,4,823,28,100,40,17,41,22,84,1,89,1,18.0
2026-04-18 12:10:58 PM,KXATPCHALLENGERMATCH-26APR18DANHYU-HYU,8,13,7,18,6,94,5,744,4,823,27,16,28,100,40,17,41,22,84,1,17.5
2026-04-18 12:10:58 PM,KXATPCHALLENGERMATCH-26APR18DANHYU-HYU,8,13,7,18,6,94,5,744,4,823,26,100,27,16,28,100,40,17,41,22,17.0
2026-04-18 12:10:58 PM,KXATPCHALLENGERMATCH-26APR18DANHYU-HYU,8,13,7,18,6,94,5,744,4,823,26,100,27,16,40,17,41,22,84,1,17.0
2026-04-18 12:10:58 PM,KXATPCHALLENGERMATCH-26APR18DANHYU-HYU,8,13,7,18,6,94,5,744,4,823,26,100,40,17,41,22,84,1,89,1,17.0
2026-04-18 12:10:58 PM,KXATPCHALLENGERMATCH-26APR18DANHYU-HYU,8,13,7,18,6,94,5,744,4,823,25,16,26,100,40,17,41,22,84,1,16.5
2026-04-18 12:10:59 PM,KXATPCHALLENGERMATCH-26APR18DANHYU-HYU,8,13,7,18,6,94,5,744,4,823,25,16,40,17,41,22,84,1,89,1,16.5
2026-04-18 12:10:59 PM,KXATPCHALLENGERMATCH-26APR18DANHYU-HYU,8,13,7,18,6,94,5,744,4,823,25,16,41,22,84,1,89,1,91,118,16.5
2026-04-18 12:10:59 PM,KXATPCHALLENGERMATCH-26APR18DANHYU-HYU,8,13,7,18,6,94,5,744,4,823,24,100,25,16,41,22,84,1,89,1,16.0
2026-04-18 12:10:59 PM,KXATPCHALLENGERMATCH-26APR18DANHYU-HYU,8,13,7,18,6,94,5,744,4,823,24,100,25,33,41,22,84,1,89,1,16.0
2026-04-18 12:10:59 PM,KXATPCHALLENGERMATCH-26APR18DANHYU-HYU,8,13,7,18,6,94,5,744,4,823,24,100,25,17,41,22,84,1,89,1,16.0
2026-04-18 12:10:59 PM,KXATPCHALLENGERMATCH-26APR18DANHYU-HYU,8,13,7,18,6,94,5,744,4,823,23,15,24,100,25,17,41,22,84,1,15.5
2026-04-18 12:10:59 PM,KXATPCHALLENGERMATCH-26APR18DANHYU-HYU,8,13,7,18,6,94,5,744,4,823,22,100,23,15,24,100,25,17,41,22,15.0
2026-04-18 12:10:59 PM,KXATPCHALLENGERMATCH-26APR18DANHYU-HYU,8,13,7,18,6,94,5,744,4,823,22,100,23,15,25,17,41,22,84,1,15.0
2026-04-18 12:10:59 PM,KXATPCHALLENGERMATCH-26APR18DANHYU-HYU,8,13,7,18,6,94,5,744,4,823,22,100,23,15,25,17,40,17,41,22,15.0
2026-04-18 12:10:59 PM,KXATPCHALLENGERMATCH-26APR18DANHYU-HYU,8,13,7,18,6,94,5,744,4,823,22,100,23,15,40,17,41,22,84,1,15.0
2026-04-18 12:11:00 PM,KXATPCHALLENGERMATCH-26APR18DANHYU-HYU,8,13,7,18,6,94,5,744,4,823,22,100,40,17,41,22,84,1,89,1,15.0
2026-04-18 12:11:00 PM,KXATPCHALLENGERMATCH-26APR18DANHYU-HYU,8,13,7,18,6,94,5,744,4,823,21,15,22,100,40,17,41,22,84,1,14.5
2026-04-18 12:11:00 PM,KXATPCHALLENGERMATCH-26APR18DANHYU-HYU,8,13,7,18,6,94,5,744,4,823,21,15,40,17,41,22,84,1,89,1,14.5
2026-04-18 12:11:00 PM,KXATPCHALLENGERMATCH-26APR18DANHYU-HYU,8,13,7,18,6,94,5,744,4,823,21,15,40,100,41,22,84,1,89,1,14.5
2026-04-18 12:11:00 PM,KXATPCHALLENGERMATCH-26APR18DANHYU-HYU,8,13,7,18,6,94,5,744,4,823,21,15,40,100,41,22,83,17,84,1,14.5
2026-04-18 12:11:01 PM,KXATPCHALLENGERMATCH-26APR18DANHYU-HYU,8,13,7,18,6,94,5,744,4,823,21,15,40,100,41,22,84,1,89,1,14.5
2026-04-18 12:11:01 PM,KXATPCHALLENGERMATCH-26APR18DANHYU-HYU,8,13,7,18,6,94,5,744,4,823,21,15,40,83,41,22,84,1,89,1,14.5
2026-04-18 12:11:01 PM,KXATPCHALLENGERMATCH-26APR18DANHYU-HYU,8,13,7,18,6,94,5,744,4,823,21,15,41,22,84,1,89,1,91,118,14.5
2026-04-18 12:11:01 PM,KXATPCHALLENGERMATCH-26APR18DANHYU-HYU,8,13,7,18,6,94,5,744,4,823,20,100,21,15,41,22,84,1,89,1,14.0
2026-04-18 12:11:01 PM,KXATPCHALLENGERMATCH-26APR18DANHYU-HYU,8,13,7,18,6,94,5,744,4,823,20,100,41,22,84,1,89,1,91,118,14.0
2026-04-18 12:11:01 PM,KXATPCHALLENGERMATCH-26APR18DANHYU-HYU,8,13,7,18,6,94,5,744,4,823,19,14,20,100,41,22,84,1,89,1,13.5
2026-04-18 12:11:02 PM,KXATPCHALLENGERMATCH-26APR18DANHYU-HYU,8,13,7,18,6,94,5,744,4,823,18,100,19,14,20,100,41,22,84,1,13.0
2026-04-18 12:11:02 PM,KXATPCHALLENGERMATCH-26APR18DANHYU-HYU,8,13,7,18,6,94,5,744,4,823,18,100,19,14,20,100,40,17,41,22,13.0
2026-04-18 12:11:02 PM,KXATPCHALLENGERMATCH-26APR18DANHYU-HYU,8,13,7,18,6,94,5,744,4,823,18,100,19,14,40,17,41,22,84,1,13.0
2026-04-18 12:11:02 PM,KXATPCHALLENGERMATCH-26APR18DANHYU-HYU,8,13,7,18,6,94,5,744,4,823,18,100,40,17,41,22,84,1,89,1,13.0
2026-04-18 12:11:02 PM,KXATPCHALLENGERMATCH-26APR18DANHYU-HYU,8,13,7,18,6,94,5,744,4,823,17,14,18,100,40,17,41,22,84,1,12.5
2026-04-18 12:11:02 PM,KXATPCHALLENGERMATCH-26APR18DANHYU-HYU,8,13,7,18,6,94,5,744,4,823,17,14,40,17,41,22,84,1,89,1,12.5
2026-04-18 12:11:02 PM,KXATPCHALLENGERMATCH-26APR18DANHYU-HYU,8,13,7,18,6,94,5,744,4,823,17,14,40,100,41,22,84,1,89,1,12.5
2026-04-18 12:11:02 PM,KXATPCHALLENGERMATCH-26APR18DANHYU-HYU,8,13,7,18,6,94,5,744,4,823,17,14,40,100,41,22,83,17,84,1,12.5
2026-04-18 12:11:03 PM,KXATPCHALLENGERMATCH-26APR18DANHYU-HYU,8,13,7,18,6,94,5,744,4,823,16,100,17,14,40,100,41,22,83,17,12.0
2026-04-18 12:11:03 PM,KXATPCHALLENGERMATCH-26APR18DANHYU-HYU,8,13,7,18,6,94,5,744,4,823,16,100,17,14,40,100,41,22,84,1,12.0
2026-04-18 12:11:03 PM,KXATPCHALLENGERMATCH-26APR18DANHYU-HYU,8,13,7,18,6,94,5,744,4,823,16,100,17,14,40,83,41,22,84,1,12.0
2026-04-18 12:11:03 PM,KXATPCHALLENGERMATCH-26APR18DANHYU-HYU,8,13,7,18,6,94,5,744,4,823,16,100,17,14,41,22,84,1,89,1,12.0
2026-04-18 12:11:03 PM,KXATPCHALLENGERMATCH-26APR18DANHYU-HYU,8,13,7,18,6,94,5,744,4,823,16,100,41,22,84,1,89,1,91,118,12.0
2026-04-18 12:11:03 PM,KXATPCHALLENGERMATCH-26APR18DANHYU-HYU,8,13,7,18,6,94,5,744,4,823,15,14,16,100,41,22,84,1,89,1,11.5
2026-04-18 12:11:03 PM,KXATPCHALLENGERMATCH-26APR18DANHYU-HYU,8,13,7,18,6,94,5,744,4,823,15,14,16,100,40,17,41,22,84,1,11.5
2026-04-18 12:11:03 PM,KXATPCHALLENGERMATCH-26APR18DANHYU-HYU,8,13,7,18,6,94,5,744,4,823,15,14,40,17,41,22,84,1,89,1,11.5
2026-04-18 12:11:03 PM,KXATPCHALLENGERMATCH-26APR18DANHYU-HYU,8,8,7,18,6,94,5,744,4,823,15,14,40,17,41,22,84,1,89,1,11.5
2026-04-18 12:11:04 PM,KXATPCHALLENGERMATCH-26APR18DANHYU-HYU,8,8,7,26,6,94,5,744,4,823,15,14,40,17,41,22,84,1,89,1,11.5
2026-04-18 12:11:04 PM,KXATPCHALLENGERMATCH-26APR18DANHYU-HYU,7,26,6,94,5,744,4,823,3,540,15,14,40,17,41,22,84,1,89,1,11.0
2026-04-18 12:11:04 PM,KXATPCHALLENGERMATCH-26APR18DANHYU-HYU,7,26,6,112,5,744,4,823,3,540,15,14,40,17,41,22,84,1,89,1,11.0
2026-04-18 12:11:04 PM,KXATPCHALLENGERMATCH-26APR18DANHYU-HYU,7,26,6,112,5,744,4,823,3,540,14,81,15,14,40,17,41,22,84,1,10.5
2026-04-18 12:11:04 PM,KXATPCHALLENGERMATCH-26APR18DANHYU-HYU,7,26,6,112,5,744,4,823,3,540,14,81,15,14,40,36,41,22,84,1,10.5
2026-04-18 12:11:04 PM,KXATPCHALLENGERMATCH-26APR18DANHYU-HYU,7,8,6,112,5,744,4,823,3,540,14,81,15,14,40,36,41,22,84,1,10.5
2026-04-18 12:11:04 PM,KXATPCHALLENGERMATCH-26APR18DANHYU-HYU,7,8,6,112,5,744,4,823,3,540,14,81,40,36,41,22,84,1,89,1,10.5
2026-04-18 12:11:04 PM,KXATPCHALLENGERMATCH-26APR18DANHYU-HYU,7,8,6,112,5,744,4,823,3,540,13,13,14,81,40,36,41,22,84,1,10.0
2026-04-18 12:11:05 PM,KXATPCHALLENGERMATCH-26APR18DANHYU-HYU,7,8,6,112,5,744,4,823,3,540,13,13,40,36,41,22,84,1,89,1,10.0
2026-04-18 12:11:05 PM,KXATPCHALLENGERMATCH-26APR18DANHYU-HYU,7,8,6,112,5,744,4,823,3,540,12,45,13,13,40,36,41,22,84,1,9.5
2026-04-18 12:11:05 PM,KXATPCHALLENGERMATCH-26APR18DANHYU-HYU,7,8,6,112,5,744,4,823,3,540,12,45,13,13,40,72,41,22,84,1,9.5
2026-04-18 12:11:05 PM,KXATPCHALLENGERMATCH-26APR18DANHYU-HYU,7,8,6,112,5,744,4,823,3,540,12,45,40,72,41,22,84,1,89,1,9.5
2026-04-18 12:11:05 PM,KXATPCHALLENGERMATCH-26APR18DANHYU-HYU,7,8,6,112,5,744,4,823,3,540,12,45,40,100,41,22,84,1,89,1,9.5
2026-04-18 12:11:05 PM,KXATPCHALLENGERMATCH-26APR18DANHYU-HYU,7,8,6,112,5,744,4,823,3,540,12,45,40,100,41,22,83,17,84,1,9.5
2026-04-18 12:11:05 PM,KXATPCHALLENGERMATCH-26APR18DANHYU-HYU,7,8,6,112,5,744,4,823,3,540,40,100,41,22,83,17,84,1,89,1,23.5
2026-04-18 12:11:05 PM,KXATPCHALLENGERMATCH-26APR18DANHYU-HYU,7,8,6,112,5,744,4,823,3,540,39,19,40,100,41,22,83,17,84,1,23.0
2026-04-18 12:11:06 PM,KXATPCHALLENGERMATCH-26APR18DANHYU-HYU,7,8,6,112,5,744,4,823,3,540,39,19,40,100,41,22,84,1,89,1,23.0
2026-04-18 12:11:06 PM,KXATPCHALLENGERMATCH-26APR18DANHYU-HYU,7,8,6,112,5,744,4,823,3,540,39,19,40,83,41,22,84,1,89,1,23.0
2026-04-18 12:11:06 PM,KXATPCHALLENGERMATCH-26APR18DANHYU-HYU,7,8,6,112,5,744,4,823,3,540,38,100,39,19,40,83,41,22,84,1,22.5
2026-04-18 12:11:06 PM,KXATPCHALLENGERMATCH-26APR18DANHYU-HYU,7,8,6,112,5,744,4,823,3,540,38,100,39,19,40,64,41,22,84,1,22.5
2026-04-18 12:11:06 PM,KXATPCHALLENGERMATCH-26APR18DANHYU-HYU,7,8,6,112,5,744,4,823,3,540,38,100,39,19,40,28,41,22,84,1,22.5
2026-04-18 12:11:06 PM,KXATPCHALLENGERMATCH-26APR18DANHYU-HYU,7,8,6,112,5,744,4,823,3,540,38,100,39,19,41,22,84,1,89,1,22.5
2026-04-18 12:11:06 PM,KXATPCHALLENGERMATCH-26APR18DANHYU-HYU,7,8,6,112,5,744,4,823,3,540,38,100,41,22,84,1,89,1,91,118,22.5
2026-04-18 12:11:06 PM,KXATPCHALLENGERMATCH-26APR18DANHYU-HYU,7,8,6,112,5,744,4,823,3,540,37,19,38,100,41,22,84,1,89,1,22.0
2026-04-18 12:11:06 PM,KXATPCHALLENGERMATCH-26APR18DANHYU-HYU,7,8,6,112,5,744,4,823,3,540,36,100,37,19,38,100,41,22,84,1,21.5
2026-04-18 12:11:06 PM,KXATPCHALLENGERMATCH-26APR18DANHYU-HYU,7,8,6,112,5,744,4,823,3,540,36,100,37,19,38,100,40,17,41,22,21.5
2026-04-18 12:11:06 PM,KXATPCHALLENGERMATCH-26APR18DANHYU-HYU,7,8,6,112,5,744,4,823,3,540,36,100,37,19,40,17,41,22,84,1,21.5
2026-04-18 12:11:06 PM,KXATPCHALLENGERMATCH-26APR18DANHYU-HYU,7,8,6,112,5,744,4,823,3,540,36,100,40,17,41,22,84,1,89,1,21.5
2026-04-18 12:11:06 PM,KXATPCHALLENGERMATCH-26APR18DANHYU-HYU,7,8,6,112,5,744,4,823,3,540,35,18,36,100,40,17,41,22,84,1,21.0
2026-04-18 12:11:07 PM,KXATPCHALLENGERMATCH-26APR18DANHYU-HYU,7,8,6,112,5,744,4,823,3,540,34,100,35,18,36,100,40,17,41,22,20.5
2026-04-18 12:11:07 PM,KXATPCHALLENGERMATCH-26APR18DANHYU-HYU,7,8,6,112,5,744,4,823,3,540,34,100,35,18,40,17,41,22,84,1,20.5
2026-04-18 12:11:07 PM,KXATPCHALLENGERMATCH-26APR18DANHYU-HYU,7,8,6,112,5,744,4,823,3,540,34,100,40,17,41,22,84,1,89,1,20.5
2026-04-18 12:11:07 PM,KXATPCHALLENGERMATCH-26APR18DANHYU-HYU,7,8,6,112,5,744,4,823,3,540,33,17,34,100,40,17,41,22,84,1,20.0
2026-04-18 12:11:07 PM,KXATPCHALLENGERMATCH-26APR18DANHYU-HYU,7,8,6,112,5,744,4,823,3,540,33,17,40,17,41,22,84,1,89,1,20.0
2026-04-18 12:11:07 PM,KXATPCHALLENGERMATCH-26APR18DANHYU-HYU,7,8,6,112,5,744,4,823,3,540,32,100,33,17,40,17,41,22,84,1,19.5
2026-04-18 12:11:07 PM,KXATPCHALLENGERMATCH-26APR18DANHYU-HYU,7,8,6,112,5,744,4,823,3,540,32,100,40,17,41,22,84,1,89,1,19.5
2026-04-18 12:11:07 PM,KXATPCHALLENGERMATCH-26APR18DANHYU-HYU,7,8,6,112,5,744,4,823,3,540,31,17,32,100,40,17,41,22,84,1,19.0
2026-04-18 12:11:08 PM,KXATPCHALLENGERMATCH-26APR18DANHYU-HYU,7,8,6,112,5,744,4,823,3,540,30,100,31,17,32,100,40,17,41,22,18.5
2026-04-18 12:11:08 PM,KXATPCHALLENGERMATCH-26APR18DANHYU-HYU,7,8,6,112,5,744,4,823,3,540,30,100,31,17,40,17,41,22,84,1,18.5
2026-04-18 12:11:08 PM,KXATPCHALLENGERMATCH-26APR18DANHYU-HYU,7,8,6,112,5,744,4,823,3,540,30,100,40,17,41,22,84,1,89,1,18.5
2026-04-18 12:11:08 PM,KXATPCHALLENGERMATCH-26APR18DANHYU-HYU,7,8,6,112,5,744,4,823,3,540,29,16,30,100,40,17,41,22,84,1,18.0
2026-04-18 12:11:08 PM,KXATPCHALLENGERMATCH-26APR18DANHYU-HYU,7,8,6,112,5,744,4,823,3,540,28,100,29,16,30,100,40,17,41,22,17.5
2026-04-18 12:11:08 PM,KXATPCHALLENGERMATCH-26APR18DANHYU-HYU,7,8,6,112,5,744,4,823,3,540,28,100,29,16,40,17,41,22,84,1,17.5
2026-04-18 12:11:08 PM,KXATPCHALLENGERMATCH-26APR18DANHYU-HYU,7,8,6,112,5,744,4,823,3,540,28,100,40,17,41,22,84,1,89,1,17.5
2026-04-18 12:11:08 PM,KXATPCHALLENGERMATCH-26APR18DANHYU-HYU,7,8,6,112,5,744,4,823,3,540,27,16,28,100,40,17,41,22,84,1,17.0
2026-04-18 12:11:09 PM,KXATPCHALLENGERMATCH-26APR18DANHYU-HYU,7,8,6,112,5,744,4,823,3,540,26,100,27,16,28,100,40,17,41,22,16.5
2026-04-18 12:11:09 PM,KXATPCHALLENGERMATCH-26APR18DANHYU-HYU,7,8,6,112,5,744,4,823,3,540,26,100,27,16,40,17,41,22,84,1,16.5
2026-04-18 12:11:09 PM,KXATPCHALLENGERMATCH-26APR18DANHYU-HYU,7,8,6,112,5,744,4,823,3,540,26,100,40,17,41,22,84,1,89,1,16.5
2026-04-18 12:11:09 PM,KXATPCHALLENGERMATCH-26APR18DANHYU-HYU,7,8,6,112,5,744,4,823,3,540,25,16,26,100,40,17,41,22,84,1,16.0
2026-04-18 12:11:09 PM,KXATPCHALLENGERMATCH-26APR18DANHYU-HYU,7,8,6,112,5,744,4,823,3,540,25,16,26,100,40,17,41,21,84,1,16.0
2026-04-18 12:11:09 PM,KXATPCHALLENGERMATCH-26APR18DANHYU-HYU,7,8,6,112,5,744,4,823,3,540,25,16,26,101,40,17,41,21,84,1,16.0
2026-04-18 12:11:09 PM,KXATPCHALLENGERMATCH-26APR18DANHYU-HYU,7,8,6,112,5,744,4,823,3,540,25,16,26,101,40,17,41,1,84,1,16.0
2026-04-18 12:11:09 PM,KXATPCHALLENGERMATCH-26APR18DANHYU-HYU,7,8,6,112,5,744,4,823,3,540,25,16,26,121,40,17,41,1,84,1,16.0
2026-04-18 12:11:09 PM,KXATPCHALLENGERMATCH-26APR18DANHYU-HYU,7,8,6,112,5,744,4,823,3,540,24,100,25,16,26,121,40,17,41,1,15.5
2026-04-18 12:11:09 PM,KXATPCHALLENGERMATCH-26APR18DANHYU-HYU,7,8,6,112,5,744,4,823,3,540,24,100,25,33,26,121,40,17,41,1,15.5
2026-04-18 12:11:09 PM,KXATPCHALLENGERMATCH-26APR18DANHYU-HYU,7,8,6,112,5,744,4,823,3,540,24,100,25,33,26,121,41,1,84,1,15.5
2026-04-18 12:11:09 PM,KXATPCHALLENGERMATCH-26APR18DANHYU-HYU,7,8,6,112,5,744,4,823,3,540,24,100,25,33,26,21,41,1,84,1,15.5
2026-04-18 12:11:09 PM,KXATPCHALLENGERMATCH-26APR18DANHYU-HYU,7,8,6,112,5,744,4,823,3,540,24,100,25,17,26,21,41,1,84,1,15.5
2026-04-18 12:11:09 PM,KXATPCHALLENGERMATCH-26APR18DANHYU-HYU,7,8,6,112,5,744,4,823,3,540,23,15,24,100,25,17,26,21,41,1,15.0
2026-04-18 12:11:09 PM,KXATPCHALLENGERMATCH-26APR18DANHYU-HYU,7,8,6,112,5,744,4,823,3,540,23,15,24,100,25,17,26,21,84,1,15.0
2026-04-18 12:11:09 PM,KXATPCHALLENGERMATCH-26APR18DANHYU-HYU,7,8,6,112,5,744,4,823,3,540,23,15,24,100,25,17,26,22,84,1,15.0
2026-04-18 12:11:10 PM,KXATPCHALLENGERMATCH-26APR18DANHYU-HYU,7,8,6,112,5,744,4,823,3,540,23,15,25,17,26,22,84,1,89,1,15.0
2026-04-18 12:11:10 PM,KXATPCHALLENGERMATCH-26APR18DANHYU-HYU,7,8,6,112,5,744,4,823,3,540,22,100,23,15,25,17,26,22,84,1,14.5
2026-04-18 12:11:10 PM,KXATPCHALLENGERMATCH-26APR18DANHYU-HYU,7,8,6,112,5,744,4,823,3,540,22,100,25,17,26,22,84,1,89,1,14.5
2026-04-18 12:11:10 PM,KXATPCHALLENGERMATCH-26APR18DANHYU-HYU,7,8,6,112,5,744,4,823,3,540,21,15,22,100,25,17,26,22,84,1,14.0
2026-04-18 12:11:10 PM,KXATPCHALLENGERMATCH-26APR18DANHYU-HYU,7,8,6,112,5,744,4,823,3,540,20,100,21,15,22,100,25,17,26,22,13.5
2026-04-18 12:11:10 PM,KXATPCHALLENGERMATCH-26APR18DANHYU-HYU,7,8,6,112,5,744,4,823,3,540,20,100,21,15,25,17,26,22,84,1,13.5
2026-04-18 12:11:10 PM,KXATPCHALLENGERMATCH-26APR18DANHYU-HYU,7,8,6,112,5,744,4,823,3,540,20,100,25,17,26,22,84,1,89,1,13.5
2026-04-18 12:11:10 PM,KXATPCHALLENGERMATCH-26APR18DANHYU-HYU,7,8,6,112,5,744,4,823,3,540,19,14,20,100,25,17,26,22,84,1,13.0
2026-04-18 12:11:11 PM,KXATPCHALLENGERMATCH-26APR18DANHYU-HYU,7,8,6,112,5,744,4,823,3,540,18,100,19,14,20,100,25,17,26,22,12.5
2026-04-18 12:11:11 PM,KXATPCHALLENGERMATCH-26APR18DANHYU-HYU,7,8,6,112,5,744,4,823,3,540,18,100,19,14,25,17,26,22,84,1,12.5
2026-04-18 12:11:11 PM,KXATPCHALLENGERMATCH-26APR18DANHYU-HYU,7,8,6,112,5,744,4,823,3,540,18,100,25,17,26,22,84,1,89,1,12.5
2026-04-18 12:11:11 PM,KXATPCHALLENGERMATCH-26APR18DANHYU-HYU,7,8,6,112,5,744,4,823,3,540,17,14,18,100,25,17,26,22,84,1,12.0
2026-04-18 12:11:11 PM,KXATPCHALLENGERMATCH-26APR18DANHYU-HYU,7,8,6,112,5,744,4,823,3,540,16,100,17,14,18,100,25,17,26,22,11.5
2026-04-18 12:11:11 PM,KXATPCHALLENGERMATCH-26APR18DANHYU-HYU,7,8,6,112,5,744,4,823,3,540,16,100,17,14,25,17,26,22,84,1,11.5
2026-04-18 12:11:11 PM,KXATPCHALLENGERMATCH-26APR18DANHYU-HYU,7,8,6,112,5,744,4,823,3,540,16,100,25,17,26,22,84,1,89,1,11.5
2026-04-18 12:11:11 PM,KXATPCHALLENGERMATCH-26APR18DANHYU-HYU,7,8,6,112,5,744,4,823,3,540,15,14,16,100,25,17,26,22,84,1,11.0
2026-04-18 12:11:12 PM,KXATPCHALLENGERMATCH-26APR18DANHYU-HYU,7,8,6,112,5,744,4,823,3,540,14,81,15,14,16,100,25,17,26,22,10.5
2026-04-18 12:11:12 PM,KXATPCHALLENGERMATCH-26APR18DANHYU-HYU,7,8,6,112,5,744,4,823,3,540,14,81,15,14,25,17,26,22,84,1,10.5
2026-04-18 12:11:12 PM,KXATPCHALLENGERMATCH-26APR18DANHYU-HYU,7,8,6,112,5,744,4,823,3,540,14,81,15,14,25,36,26,22,84,1,10.5
2026-04-18 12:11:12 PM,KXATPCHALLENGERMATCH-26APR18DANHYU-HYU,7,8,6,112,5,744,4,823,3,540,14,81,25,36,26,22,84,1,89,1,10.5
2026-04-18 12:11:12 PM,KXATPCHALLENGERMATCH-26APR18DANHYU-HYU,7,8,6,112,5,744,4,823,3,540,13,13,14,81,25,36,26,22,84,1,10.0
2026-04-18 12:11:12 PM,KXATPCHALLENGERMATCH-26APR18DANHYU-HYU,7,8,6,112,5,744,4,823,3,540,13,13,25,36,26,22,84,1,89,1,10.0
2026-04-18 12:11:12 PM,KXATPCHALLENGERMATCH-26APR18DANHYU-HYU,7,8,6,112,5,744,4,823,3,540,12,45,13,13,25,36,26,22,84,1,9.5
2026-04-18 12:11:12 PM,KXATPCHALLENGERMATCH-26APR18DANHYU-HYU,7,8,6,112,5,744,4,823,3,540,12,45,25,36,26,22,84,1,89,1,9.5
2026-04-18 12:11:13 PM,KXATPCHALLENGERMATCH-26APR18DANHYU-HYU,7,8,6,112,5,744,4,823,3,540,25,36,26,22,84,1,89,1,91,135,16.0
2026-04-18 12:11:13 PM,KXATPCHALLENGERMATCH-26APR18DANHYU-HYU,7,8,6,112,5,744,4,823,3,540,11,27,25,36,26,22,84,1,89,1,9.0
2026-04-18 12:11:13 PM,KXATPCHALLENGERMATCH-26APR18DANHYU-HYU,7,8,6,112,5,744,4,823,3,540,11,27,25,90,26,22,84,1,89,1,9.0
2026-04-18 12:11:13 PM,KXATPCHALLENGERMATCH-26APR18DANHYU-HYU,7,8,6,112,5,744,4,823,3,540,11,27,25,90,26,22,83,17,84,1,9.0
2026-04-18 12:11:13 PM,KXATPCHALLENGERMATCH-26APR18DANHYU-HYU,7,8,6,112,5,744,4,823,3,540,25,90,26,22,83,17,84,1,89,1,16.0
2026-04-18 12:11:13 PM,KXATPCHALLENGERMATCH-26APR18DANHYU-HYU,7,8,6,112,5,744,4,823,3,540,24,15,25,90,26,22,83,17,84,1,15.5
2026-04-18 12:11:14 PM,KXATPCHALLENGERMATCH-26APR18DANHYU-HYU,7,8,6,112,5,744,4,823,3,540,23,100,24,15,25,90,26,22,83,17,15.0
2026-04-18 12:11:14 PM,KXATPCHALLENGERMATCH-26APR18DANHYU-HYU,7,8,6,112,5,744,4,823,3,540,23,100,24,15,25,90,26,22,84,1,15.0
2026-04-18 12:11:14 PM,KXATPCHALLENGERMATCH-26APR18DANHYU-HYU,7,8,6,112,5,744,4,823,3,540,23,100,24,15,25,73,26,22,84,1,15.0
2026-04-18 12:11:14 PM,KXATPCHALLENGERMATCH-26APR18DANHYU-HYU,7,8,6,112,5,744,4,823,3,540,23,100,24,15,25,54,26,22,84,1,15.0
2026-04-18 12:11:14 PM,KXATPCHALLENGERMATCH-26APR18DANHYU-HYU,7,8,6,112,5,744,4,823,3,540,23,100,24,15,26,22,84,1,89,1,15.0
2026-04-18 12:11:14 PM,KXATPCHALLENGERMATCH-26APR18DANHYU-HYU,7,8,6,112,5,744,4,823,3,540,23,100,26,22,84,1,89,1,91,135,15.0
2026-04-18 12:11:14 PM,KXATPCHALLENGERMATCH-26APR18DANHYU-HYU,7,8,6,112,5,744,4,823,3,540,22,15,23,100,26,22,84,1,89,1,14.5
2026-04-18 12:11:14 PM,KXATPCHALLENGERMATCH-26APR18DANHYU-HYU,7,8,6,112,5,744,4,823,3,540,22,15,26,22,84,1,89,1,91,135,14.5
2026-04-18 12:11:14 PM,KXATPCHALLENGERMATCH-26APR18DANHYU-HYU,7,8,6,112,5,744,4,823,3,540,21,100,22,15,26,22,84,1,89,1,14.0
2026-04-18 12:11:14 PM,KXATPCHALLENGERMATCH-26APR18DANHYU-HYU,7,8,6,112,5,744,4,823,3,540,21,100,22,15,25,17,26,22,84,1,14.0
2026-04-18 12:11:14 PM,KXATPCHALLENGERMATCH-26APR18DANHYU-HYU,7,8,6,112,5,744,4,823,3,540,21,100,25,17,26,22,84,1,89,1,14.0
2026-04-18 12:11:14 PM,KXATPCHALLENGERMATCH-26APR18DANHYU-HYU,7,8,6,112,5,744,4,823,3,540,20,15,21,100,25,17,26,22,84,1,13.5
2026-04-18 12:11:15 PM,KXATPCHALLENGERMATCH-26APR18DANHYU-HYU,7,8,6,112,5,744,4,823,3,540,20,15,25,17,26,22,84,1,89,1,13.5
2026-04-18 12:11:15 PM,KXATPCHALLENGERMATCH-26APR18DANHYU-HYU,7,8,6,112,5,744,4,823,3,540,19,100,20,15,25,17,26,22,84,1,13.0
2026-04-18 12:11:15 PM,KXATPCHALLENGERMATCH-26APR18DANHYU-HYU,7,8,6,112,5,744,4,823,3,540,19,100,25,17,26,22,84,1,89,1,13.0
2026-04-18 12:11:15 PM,KXATPCHALLENGERMATCH-26APR18DANHYU-HYU,7,8,6,112,5,744,4,823,3,540,18,14,19,100,25,17,26,22,84,1,12.5
2026-04-18 12:11:15 PM,KXATPCHALLENGERMATCH-26APR18DANHYU-HYU,7,8,6,112,5,744,4,823,3,540,17,100,18,14,19,100,25,17,26,22,12.0
2026-04-18 12:11:15 PM,KXATPCHALLENGERMATCH-26APR18DANHYU-HYU,7,8,6,112,5,744,4,823,3,540,17,100,18,14,25,17,26,22,84,1,12.0
2026-04-18 12:11:15 PM,KXATPCHALLENGERMATCH-26APR18DANHYU-HYU,7,8,6,112,5,744,4,823,3,540,17,100,25,17,26,22,84,1,89,1,12.0
2026-04-18 12:11:15 PM,KXATPCHALLENGERMATCH-26APR18DANHYU-HYU,7,8,6,112,5,744,4,823,3,540,16,14,17,100,25,17,26,22,84,1,11.5
2026-04-18 12:11:16 PM,KXATPCHALLENGERMATCH-26APR18DANHYU-HYU,7,8,6,112,5,744,4,823,3,540,15,99,16,14,17,100,25,17,26,22,11.0
2026-04-18 12:11:16 PM,KXATPCHALLENGERMATCH-26APR18DANHYU-HYU,7,8,6,112,5,744,4,823,3,540,15,99,16,14,25,17,26,22,84,1,11.0
2026-04-18 12:11:16 PM,KXATPCHALLENGERMATCH-26APR18DANHYU-HYU,7,8,6,112,5,744,4,823,3,540,15,99,25,17,26,22,84,1,89,1,11.0
2026-04-18 12:11:16 PM,KXATPCHALLENGERMATCH-26APR18DANHYU-HYU,7,8,6,112,5,744,4,823,3,540,14,13,15,99,25,17,26,22,84,1,10.5
2026-04-18 12:11:16 PM,KXATPCHALLENGERMATCH-26APR18DANHYU-HYU,7,8,6,112,5,744,4,823,3,540,14,13,25,17,26,22,84,1,89,1,10.5
2026-04-18 12:11:16 PM,KXATPCHALLENGERMATCH-26APR18DANHYU-HYU,7,8,6,112,5,744,4,823,3,540,14,13,26,22,84,1,89,1,91,135,10.5
2026-04-18 12:11:16 PM,KXATPCHALLENGERMATCH-26APR18DANHYU-HYU,7,8,6,112,5,744,4,823,3,540,13,63,14,13,26,22,84,1,89,1,10.0
2026-04-18 12:11:16 PM,KXATPCHALLENGERMATCH-26APR18DANHYU-HYU,7,8,6,112,5,744,4,823,3,540,13,63,14,31,26,22,84,1,89,1,10.0
2026-04-18 12:11:16 PM,KXATPCHALLENGERMATCH-26APR18DANHYU-HYU,7,8,6,112,5,744,4,823,3,540,13,63,14,18,26,22,84,1,89,1,10.0
2026-04-18 12:11:16 PM,KXATPCHALLENGERMATCH-26APR18DANHYU-HYU,7,8,6,112,5,744,4,823,3,540,12,13,13,63,14,18,26,22,84,1,9.5
2026-04-18 12:11:17 PM,KXATPCHALLENGERMATCH-26APR18DANHYU-HYU,7,8,6,112,5,744,4,823,3,540,12,13,14,18,26,22,84,1,89,1,9.5
2026-04-18 12:11:17 PM,KXATPCHALLENGERMATCH-26APR18DANHYU-HYU,7,8,6,112,5,744,4,823,3,540,12,13,26,22,84,1,89,1,91,135,9.5
2026-04-18 12:11:17 PM,KXATPCHALLENGERMATCH-26APR18DANHYU-HYU,7,8,6,112,5,744,4,823,3,540,11,27,12,13,26,22,84,1,89,1,9.0
2026-04-18 12:11:17 PM,KXATPCHALLENGERMATCH-26APR18DANHYU-HYU,7,8,6,112,5,744,4,823,3,540,11,27,12,13,25,90,26,22,84,1,9.0
2026-04-18 12:11:17 PM,KXATPCHALLENGERMATCH-26APR18DANHYU-HYU,7,8,6,112,5,744,4,823,3,540,11,27,25,90,26,22,84,1,89,1,9.0
2026-04-18 12:11:17 PM,KXATPCHALLENGERMATCH-26APR18DANHYU-HYU,7,8,6,112,5,744,4,823,3,540,25,90,26,22,84,1,89,1,91,135,16.0
2026-04-18 12:11:17 PM,KXATPCHALLENGERMATCH-26APR18DANHYU-HYU,7,8,6,112,5,744,4,823,3,540,10,9,25,90,26,22,84,1,89,1,8.5
2026-04-18 12:11:18 PM,KXATPCHALLENGERMATCH-26APR18DANHYU-HYU,7,8,6,112,5,744,4,823,3,540,10,9,25,90,26,22,83,17,84,1,8.5
2026-04-18 12:11:18 PM,KXATPCHALLENGERMATCH-26APR18DANHYU-HYU,7,8,6,112,5,744,4,823,3,540,25,90,26,22,83,17,84,1,89,1,16.0
2026-04-18 12:11:18 PM,KXATPCHALLENGERMATCH-26APR18DANHYU-HYU,7,8,6,112,5,744,4,823,3,540,24,15,25,90,26,22,83,17,84,1,15.5
2026-04-18 12:11:18 PM,KXATPCHALLENGERMATCH-26APR18DANHYU-HYU,7,8,6,112,5,744,4,823,3,540,24,15,25,90,26,22,74,1,83,17,15.5
2026-04-18 12:11:18 PM,KXATPCHALLENGERMATCH-26APR18DANHYU-HYU,7,8,6,112,5,744,4,823,3,540,24,15,25,90,26,22,74,1,84,1,15.5
2026-04-18 12:11:18 PM,KXATPCHALLENGERMATCH-26APR18DANHYU-HYU,7,8,6,112,5,744,4,823,3,540,24,15,26,22,74,1,84,1,88,55,15.5
2026-04-18 12:11:18 PM,KXATPCHALLENGERMATCH-26APR18DANHYU-HYU,7,8,6,112,5,744,4,823,3,540,23,100,24,15,26,22,74,1,84,1,15.0
2026-04-18 12:11:18 PM,KXATPCHALLENGERMATCH-26APR18DANHYU-HYU,7,8,6,112,5,744,4,823,3,540,23,100,26,22,74,1,84,1,88,55,15.0
2026-04-18 12:11:18 PM,KXATPCHALLENGERMATCH-26APR18DANHYU-HYU,7,8,6,112,5,744,4,823,3,540,22,15,23,100,26,22,74,1,84,1,14.5
2026-04-18 12:11:19 PM,KXATPCHALLENGERMATCH-26APR18DANHYU-HYU,7,8,6,112,5,744,4,823,3,540,21,100,22,15,23,100,26,22,74,1,14.0
2026-04-18 12:11:19 PM,KXATPCHALLENGERMATCH-26APR18DANHYU-HYU,7,8,6,112,5,744,4,823,3,540,21,100,22,15,23,100,25,17,26,22,14.0
2026-04-18 12:11:19 PM,KXATPCHALLENGERMATCH-26APR18DANHYU-HYU,7,8,6,112,5,744,4,823,3,540,21,100,22,15,25,17,26,22,74,1,14.0
2026-04-18 12:11:19 PM,KXATPCHALLENGERMATCH-26APR18DANHYU-HYU,7,8,6,112,5,744,4,823,3,540,21,100,25,17,26,22,74,1,84,1,14.0
2026-04-18 12:11:19 PM,KXATPCHALLENGERMATCH-26APR18DANHYU-HYU,7,8,6,112,5,744,4,823,3,540,20,15,21,100,25,17,26,22,74,1,13.5
2026-04-18 12:11:19 PM,KXATPCHALLENGERMATCH-26APR18DANHYU-HYU,7,8,6,112,5,744,4,823,3,540,20,15,25,17,26,22,74,1,84,1,13.5
2026-04-18 12:11:19 PM,KXATPCHALLENGERMATCH-26APR18DANHYU-HYU,7,8,6,112,5,744,4,823,3,540,19,100,20,15,25,17,26,22,74,1,13.0
2026-04-18 12:11:19 PM,KXATPCHALLENGERMATCH-26APR18DANHYU-HYU,7,8,6,112,5,744,4,823,3,540,19,100,25,17,26,22,74,1,84,1,13.0
2026-04-18 12:11:19 PM,KXATPCHALLENGERMATCH-26APR18DANHYU-HYU,7,8,6,112,5,744,4,823,3,540,18,14,19,100,25,17,26,22,74,1,12.5
2026-04-18 12:11:20 PM,KXATPCHALLENGERMATCH-26APR18DANHYU-HYU,7,8,6,112,5,744,4,823,3,540,17,100,18,14,19,100,25,17,26,22,12.0
2026-04-18 12:11:20 PM,KXATPCHALLENGERMATCH-26APR18DANHYU-HYU,7,8,6,112,5,744,4,823,3,540,17,100,18,14,25,17,26,22,74,1,12.0
2026-04-18 12:11:20 PM,KXATPCHALLENGERMATCH-26APR18DANHYU-HYU,7,8,6,112,5,744,4,823,3,540,17,100,25,17,26,22,74,1,84,1,12.0
2026-04-18 12:11:20 PM,KXATPCHALLENGERMATCH-26APR18DANHYU-HYU,7,8,6,112,5,744,4,823,3,540,16,14,17,100,25,17,26,22,74,1,11.5
2026-04-18 12:11:20 PM,KXATPCHALLENGERMATCH-26APR18DANHYU-HYU,7,8,6,112,5,744,4,823,3,540,16,14,25,17,26,22,74,1,84,1,11.5
2026-04-18 12:11:20 PM,KXATPCHALLENGERMATCH-26APR18DANHYU-HYU,7,8,6,112,5,744,4,823,3,540,15,99,16,14,25,17,26,22,74,1,11.0
2026-04-18 12:11:20 PM,KXATPCHALLENGERMATCH-26APR18DANHYU-HYU,7,8,6,112,5,744,4,823,3,540,15,99,25,17,26,22,74,1,84,1,11.0
2026-04-18 12:11:20 PM,KXATPCHALLENGERMATCH-26APR18DANHYU-HYU,7,8,6,112,5,744,4,823,3,540,14,13,15,99,25,17,26,22,74,1,10.5
2026-04-18 12:11:21 PM,KXATPCHALLENGERMATCH-26APR18DANHYU-HYU,7,8,6,112,5,744,4,823,3,540,13,63,14,13,15,99,25,17,26,22,10.0
2026-04-18 12:11:21 PM,KXATPCHALLENGERMATCH-26APR18DANHYU-HYU,7,8,6,112,5,744,4,823,3,540,13,63,14,13,15,99,25,54,26,22,10.0
2026-04-18 12:11:21 PM,KXATPCHALLENGERMATCH-26APR18DANHYU-HYU,7,8,6,112,5,744,4,823,3,540,13,63,14,13,25,54,26,22,74,1,10.0
2026-04-18 12:11:21 PM,KXATPCHALLENGERMATCH-26APR18DANHYU-HYU,7,8,6,112,5,744,4,823,3,540,13,63,25,54,26,22,74,1,84,1,10.0
2026-04-18 12:11:21 PM,KXATPCHALLENGERMATCH-26APR18DANHYU-HYU,7,8,6,112,5,744,4,823,3,540,12,13,13,63,25,54,26,22,74,1,9.5
2026-04-18 12:11:21 PM,KXATPCHALLENGERMATCH-26APR18DANHYU-HYU,7,8,6,112,5,744,4,823,3,540,12,13,25,54,26,22,74,1,84,1,9.5
2026-04-18 12:11:21 PM,KXATPCHALLENGERMATCH-26APR18DANHYU-HYU,7,8,6,112,5,744,4,823,3,540,12,13,25,37,26,22,74,1,84,1,9.5
2026-04-18 12:11:21 PM,KXATPCHALLENGERMATCH-26APR18DANHYU-HYU,7,8,6,112,5,744,4,823,3,540,12,13,26,22,74,1,84,1,88,55,9.5
2026-04-18 12:11:21 PM,KXATPCHALLENGERMATCH-26APR18DANHYU-HYU,7,8,6,112,5,744,4,823,3,540,11,27,12,13,26,22,74,1,84,1,9.0
2026-04-18 12:11:21 PM,KXATPCHALLENGERMATCH-26APR18DANHYU-HYU,7,8,6,112,5,744,4,823,3,540,11,27,12,31,26,22,74,1,84,1,9.0
2026-04-18 12:11:21 PM,KXATPCHALLENGERMATCH-26APR18DANHYU-HYU,7,8,6,112,5,744,4,823,3,540,11,27,12,18,26,22,74,1,84,1,9.0
2026-04-18 12:11:22 PM,KXATPCHALLENGERMATCH-26APR18DANHYU-HYU,7,8,6,112,5,744,4,823,3,540,12,18,26,22,74,1,84,1,88,55,9.5
2026-04-18 12:11:22 PM,KXATPCHALLENGERMATCH-26APR18DANHYU-HYU,7,8,6,112,5,744,4,823,3,540,26,22,74,1,84,1,88,55,89,1,16.5
2026-04-18 12:11:22 PM,KXATPCHALLENGERMATCH-26APR18DANHYU-HYU,7,8,6,112,5,744,4,823,3,540,10,9,26,22,74,1,84,1,88,55,8.5
2026-04-18 12:11:22 PM,KXATPCHALLENGERMATCH-26APR18DANHYU-HYU,7,8,6,112,5,744,4,823,3,540,10,9,11,18,26,22,74,1,84,1,8.5
2026-04-18 12:11:22 PM,KXATPCHALLENGERMATCH-26APR18DANHYU-HYU,7,8,6,112,5,744,4,823,3,540,11,18,26,22,74,1,84,1,88,55,9.0
2026-04-18 12:11:22 PM,KXATPCHALLENGERMATCH-26APR18DANHYU-HYU,7,8,6,112,5,744,4,823,3,540,26,22,74,1,84,1,88,55,89,1,16.5
2026-04-18 12:11:22 PM,KXATPCHALLENGERMATCH-26APR18DANHYU-HYU,7,8,6,112,5,744,4,823,3,540,25,100,26,22,74,1,84,1,88,55,16.0
2026-04-18 12:11:22 PM,KXATPCHALLENGERMATCH-26APR18DANHYU-HYU,7,8,6,112,5,744,4,823,3,540,25,100,26,22,73,17,74,1,84,1,16.0
2026-04-18 12:11:22 PM,KXATPCHALLENGERMATCH-26APR18DANHYU-HYU,7,8,6,112,5,744,4,823,3,540,24,15,25,100,26,22,73,17,74,1,15.5
2026-04-18 12:11:23 PM,KXATPCHALLENGERMATCH-26APR18DANHYU-HYU,7,8,6,112,5,744,4,823,3,540,24,15,25,100,26,22,74,1,84,1,15.5
2026-04-18 12:11:23 PM,KXATPCHALLENGERMATCH-26APR18DANHYU-HYU,7,8,6,112,5,744,4,823,3,540,24,15,26,22,74,1,84,1,88,55,15.5
2026-04-18 12:11:23 PM,KXATPCHALLENGERMATCH-26APR18DANHYU-HYU,7,8,6,112,5,744,4,823,3,540,23,100,24,15,26,22,74,1,84,1,15.0
2026-04-18 12:11:23 PM,KXATPCHALLENGERMATCH-26APR18DANHYU-HYU,7,8,6,112,5,744,4,823,3,540,23,100,24,32,26,22,74,1,84,1,15.0
2026-04-18 12:11:23 PM,KXATPCHALLENGERMATCH-26APR18DANHYU-HYU,7,8,6,112,5,744,4,823,3,540,23,100,24,17,26,22,74,1,84,1,15.0
2026-04-18 12:11:23 PM,KXATPCHALLENGERMATCH-26APR18DANHYU-HYU,7,8,6,112,5,744,4,823,3,540,22,15,23,100,24,17,26,22,74,1,14.5
2026-04-18 12:11:23 PM,KXATPCHALLENGERMATCH-26APR18DANHYU-HYU,7,8,6,112,5,744,4,823,3,540,22,15,24,17,26,22,74,1,84,1,14.5
2026-04-18 12:11:23 PM,KXATPCHALLENGERMATCH-26APR18DANHYU-HYU,7,8,6,112,5,744,4,823,3,540,22,15,26,22,74,1,84,1,88,55,14.5
2026-04-18 12:11:23 PM,KXATPCHALLENGERMATCH-26APR18DANHYU-HYU,7,8,6,112,5,744,4,823,3,540,22,15,25,17,26,22,74,1,84,1,14.5
2026-04-18 12:11:24 PM,KXATPCHALLENGERMATCH-26APR18DANHYU-HYU,7,8,6,112,5,744,4,823,3,540,21,100,22,15,25,17,26,22,74,1,14.0
2026-04-18 12:11:24 PM,KXATPCHALLENGERMATCH-26APR18DANHYU-HYU,7,8,6,112,5,744,4,823,3,540,21,100,25,17,26,22,74,1,84,1,14.0
2026-04-18 12:11:24 PM,KXATPCHALLENGERMATCH-26APR18DANHYU-HYU,7,8,6,112,5,744,4,823,3,540,20,15,21,100,25,17,26,22,74,1,13.5
2026-04-18 12:11:24 PM,KXATPCHALLENGERMATCH-26APR18DANHYU-HYU,7,8,6,112,5,744,4,823,3,540,19,100,20,15,21,100,25,17,26,22,13.0
2026-04-18 12:11:24 PM,KXATPCHALLENGERMATCH-26APR18DANHYU-HYU,7,8,6,112,5,744,4,823,3,540,19,100,21,100,25,17,26,22,74,1,13.0
2026-04-18 12:11:24 PM,KXATPCHALLENGERMATCH-26APR18DANHYU-HYU,7,8,6,112,5,744,4,823,3,540,18,14,19,100,21,100,25,17,26,22,12.5
2026-04-18 12:11:24 PM,KXATPCHALLENGERMATCH-26APR18DANHYU-HYU,7,8,6,112,5,744,4,823,3,540,18,14,19,100,25,17,26,22,74,1,12.5
2026-04-18 12:11:25 PM,KXATPCHALLENGERMATCH-26APR18DANHYU-HYU,7,8,6,112,5,744,4,823,3,540,18,14,25,17,26,22,74,1,84,1,12.5
2026-04-18 12:11:25 PM,KXATPCHALLENGERMATCH-26APR18DANHYU-HYU,7,8,6,112,5,744,4,823,3,540,17,100,18,14,25,17,26,22,74,1,12.0
2026-04-18 12:11:25 PM,KXATPCHALLENGERMATCH-26APR18DANHYU-HYU,7,8,6,112,5,744,4,823,3,540,17,100,25,17,26,22,74,1,84,1,12.0
2026-04-18 12:11:25 PM,KXATPCHALLENGERMATCH-26APR18DANHYU-HYU,7,8,6,112,5,744,4,823,3,540,16,14,17,100,25,17,26,22,74,1,11.5
2026-04-18 12:11:25 PM,KXATPCHALLENGERMATCH-26APR18DANHYU-HYU,7,8,6,112,5,744,4,823,3,540,16,14,25,17,26,22,74,1,84,1,11.5
2026-04-18 12:11:25 PM,KXATPCHALLENGERMATCH-26APR18DANHYU-HYU,7,8,6,112,5,744,4,823,3,540,15,99,16,14,25,17,26,22,74,1,11.0
2026-04-18 12:11:26 PM,KXATPCHALLENGERMATCH-26APR18DANHYU-HYU,7,8,6,112,5,744,4,823,3,540,15,99,25,17,26,22,74,1,84,1,11.0
2026-04-18 12:11:26 PM,KXATPCHALLENGERMATCH-26APR18DANHYU-HYU,7,8,6,112,5,744,4,823,3,540,14,13,15,99,25,17,26,22,74,1,10.5
2026-04-18 12:11:26 PM,KXATPCHALLENGERMATCH-26APR18DANHYU-HYU,7,8,6,112,5,744,4,823,3,540,14,13,25,17,26,22,74,1,84,1,10.5
2026-04-18 12:11:26 PM,KXATPCHALLENGERMATCH-26APR18DANHYU-HYU,7,8,6,112,5,744,4,823,3,540,13,63,14,13,25,17,26,22,74,1,10.0
2026-04-18 12:11:26 PM,KXATPCHALLENGERMATCH-26APR18DANHYU-HYU,7,8,6,112,5,744,4,823,3,540,13,63,14,13,25,54,26,22,74,1,10.0
2026-04-18 12:11:26 PM,KXATPCHALLENGERMATCH-26APR18DANHYU-HYU,7,8,6,112,5,744,4,823,3,540,13,63,25,54,26,22,74,1,84,1,10.0
2026-04-18 12:11:26 PM,KXATPCHALLENGERMATCH-26APR18DANHYU-HYU,7,8,6,112,5,744,4,823,3,540,12,13,13,63,25,54,26,22,74,1,9.5
2026-04-18 12:11:26 PM,KXATPCHALLENGERMATCH-26APR18DANHYU-HYU,7,8,6,112,5,744,4,823,3,540,12,13,25,54,26,22,74,1,84,1,9.5
2026-04-18 12:11:26 PM,KXATPCHALLENGERMATCH-26APR18DANHYU-HYU,7,8,6,112,5,744,4,823,3,540,12,13,25,37,26,22,74,1,84,1,9.5
2026-04-18 12:11:26 PM,KXATPCHALLENGERMATCH-26APR18DANHYU-HYU,7,8,6,112,5,744,4,823,3,540,11,27,12,13,25,37,26,22,74,1,9.0
2026-04-18 12:11:26 PM,KXATPCHALLENGERMATCH-26APR18DANHYU-HYU,7,8,6,112,5,744,4,823,3,540,11,27,12,13,26,22,74,1,84,1,9.0
2026-04-18 12:11:26 PM,KXATPCHALLENGERMATCH-26APR18DANHYU-HYU,7,8,6,112,5,744,4,823,3,540,11,27,12,31,26,22,74,1,84,1,9.0
2026-04-18 12:11:26 PM,KXATPCHALLENGERMATCH-26APR18DANHYU-HYU,7,8,6,112,5,744,4,823,3,540,11,27,12,18,26,22,74,1,84,1,9.0
2026-04-18 12:11:27 PM,KXATPCHALLENGERMATCH-26APR18DANHYU-HYU,7,8,6,112,5,744,4,823,3,540,11,27,12,18,25,100,26,22,74,1,9.0
2026-04-18 12:11:27 PM,KXATPCHALLENGERMATCH-26APR18DANHYU-HYU,7,8,6,112,5,744,4,823,3,540,12,18,25,100,26,22,74,1,84,1,9.5
2026-04-18 12:11:27 PM,KXATPCHALLENGERMATCH-26APR18DANHYU-HYU,7,8,6,112,5,744,4,823,3,540,25,100,26,22,74,1,84,1,89,1,16.0
2026-04-18 12:11:27 PM,KXATPCHALLENGERMATCH-26APR18DANHYU-HYU,7,8,6,112,5,744,4,823,3,540,25,100,26,22,74,1,84,1,89,59,16.0
2026-04-18 12:11:27 PM,KXATPCHALLENGERMATCH-26APR18DANHYU-HYU,7,8,6,112,5,744,4,823,3,540,24,15,25,100,26,22,74,1,84,1,15.5
2026-04-18 12:11:27 PM,KXATPCHALLENGERMATCH-26APR18DANHYU-HYU,7,8,6,112,5,744,4,823,3,540,23,100,24,15,25,100,26,22,74,1,15.0
2026-04-18 12:11:27 PM,KXATPCHALLENGERMATCH-26APR18DANHYU-HYU,7,8,6,112,5,744,4,823,3,540,23,100,24,15,26,22,74,1,84,1,15.0
2026-04-18 12:11:27 PM,KXATPCHALLENGERMATCH-26APR18DANHYU-HYU,7,8,6,112,5,744,4,823,3,540,23,100,26,22,74,1,84,1,89,59,15.0
2026-04-18 12:11:27 PM,KXATPCHALLENGERMATCH-26APR18DANHYU-HYU,7,8,6,112,5,744,4,823,3,540,22,15,23,100,26,22,74,1,84,1,14.5
2026-04-18 12:11:28 PM,KXATPCHALLENGERMATCH-26APR18DANHYU-HYU,7,8,6,112,5,744,4,823,3,540,21,100,22,15,23,100,26,22,74,1,14.0
2026-04-18 12:11:28 PM,KXATPCHALLENGERMATCH-26APR18DANHYU-HYU,7,8,6,112,5,744,4,823,3,540,21,100,22,15,26,22,74,1,84,1,14.0
2026-04-18 12:11:28 PM,KXATPCHALLENGERMATCH-26APR18DANHYU-HYU,7,8,6,112,5,744,4,823,3,540,21,100,22,15,25,17,26,22,74,1,14.0
2026-04-18 12:11:28 PM,KXATPCHALLENGERMATCH-26APR18DANHYU-HYU,7,8,6,112,5,744,4,823,3,540,21,100,25,17,26,22,74,1,84,1,14.0
2026-04-18 12:11:28 PM,KXATPCHALLENGERMATCH-26APR18DANHYU-HYU,7,8,6,112,5,744,4,823,3,540,20,15,21,100,25,17,26,22,74,1,13.5
2026-04-18 12:11:28 PM,KXATPCHALLENGERMATCH-26APR18DANHYU-HYU,7,8,6,112,5,744,4,823,3,540,19,100,20,15,21,100,25,17,26,22,13.0
2026-04-18 12:11:28 PM,KXATPCHALLENGERMATCH-26APR18DANHYU-HYU,7,8,6,112,5,744,4,823,3,540,19,100,20,15,25,17,26,22,74,1,13.0
2026-04-18 12:11:28 PM,KXATPCHALLENGERMATCH-26APR18DANHYU-HYU,7,8,6,112,5,744,4,823,3,540,19,100,25,17,26,22,74,1,84,1,13.0
2026-04-18 12:11:28 PM,KXATPCHALLENGERMATCH-26APR18DANHYU-HYU,7,8,6,112,5,744,4,823,3,540,18,14,19,100,25,17,26,22,74,1,12.5
2026-04-18 12:11:29 PM,KXATPCHALLENGERMATCH-26APR18DANHYU-HYU,7,8,6,112,5,744,4,823,3,540,18,14,25,17,26,22,74,1,84,1,12.5
2026-04-18 12:11:29 PM,KXATPCHALLENGERMATCH-26APR18DANHYU-HYU,7,8,6,112,5,744,4,823,3,540,18,14,26,22,74,1,84,1,89,59,12.5
2026-04-18 12:11:29 PM,KXATPCHALLENGERMATCH-26APR18DANHYU-HYU,7,8,6,112,5,744,4,823,3,540,17,100,18,14,26,22,74,1,84,1,12.0
2026-04-18 12:11:29 PM,KXATPCHALLENGERMATCH-26APR18DANHYU-HYU,7,8,6,112,5,744,4,823,3,540,17,100,18,31,26,22,74,1,84,1,12.0
2026-04-18 12:11:29 PM,KXATPCHALLENGERMATCH-26APR18DANHYU-HYU,7,8,6,112,5,744,4,823,3,540,17,100,18,31,26,22,74,1,83,77,12.0
2026-04-18 12:11:29 PM,KXATPCHALLENGERMATCH-26APR18DANHYU-HYU,7,8,6,112,5,744,4,823,3,540,17,100,18,17,26,22,74,1,83,77,12.0
2026-04-18 12:11:29 PM,KXATPCHALLENGERMATCH-26APR18DANHYU-HYU,7,8,6,112,5,744,4,823,3,540,16,14,17,100,18,17,26,22,74,1,11.5
2026-04-18 12:11:29 PM,KXATPCHALLENGERMATCH-26APR18DANHYU-HYU,7,8,6,112,5,744,4,823,3,540,16,14,18,17,26,22,74,1,83,77,11.5
2026-04-18 12:11:29 PM,KXATPCHALLENGERMATCH-26APR18DANHYU-HYU,7,8,6,112,5,744,4,823,3,540,16,14,26,22,74,1,83,77,84,1,11.5
2026-04-18 12:11:29 PM,KXATPCHALLENGERMATCH-26APR18DANHYU-HYU,7,8,6,112,5,744,4,823,3,540,15,99,16,14,26,22,74,1,83,77,11.0
2026-04-18 12:11:29 PM,KXATPCHALLENGERMATCH-26APR18DANHYU-HYU,7,8,6,112,5,744,4,823,3,540,15,99,16,14,25,18,26,22,74,1,11.0
2026-04-18 12:11:29 PM,KXATPCHALLENGERMATCH-26APR18DANHYU-HYU,7,8,6,112,5,744,4,823,3,540,15,99,25,18,26,22,74,1,83,77,11.0
2026-04-18 12:11:29 PM,KXATPCHALLENGERMATCH-26APR18DANHYU-HYU,7,8,6,112,5,744,4,823,3,540,14,13,15,99,25,18,26,22,74,1,10.5
2026-04-18 12:11:30 PM,KXATPCHALLENGERMATCH-26APR18DANHYU-HYU,7,8,6,112,5,744,4,823,3,540,13,63,14,13,15,99,25,18,26,22,10.0
2026-04-18 12:11:30 PM,KXATPCHALLENGERMATCH-26APR18DANHYU-HYU,7,8,6,112,5,744,4,823,3,540,13,63,14,13,15,99,25,54,26,22,10.0
2026-04-18 12:11:30 PM,KXATPCHALLENGERMATCH-26APR18DANHYU-HYU,7,8,6,112,5,744,4,823,3,540,13,63,14,13,25,54,26,22,74,1,10.0
2026-04-18 12:11:30 PM,KXATPCHALLENGERMATCH-26APR18DANHYU-HYU,7,8,6,112,5,744,4,823,3,540,13,63,25,54,26,22,74,1,83,77,10.0
2026-04-18 12:11:30 PM,KXATPCHALLENGERMATCH-26APR18DANHYU-HYU,7,8,6,112,5,744,4,823,3,540,12,13,13,63,25,54,26,22,74,1,9.5
2026-04-18 12:11:30 PM,KXATPCHALLENGERMATCH-26APR18DANHYU-HYU,7,8,6,112,5,744,4,823,3,540,11,27,12,13,13,63,25,54,26,22,9.0
2026-04-18 12:11:30 PM,KXATPCHALLENGERMATCH-26APR18DANHYU-HYU,7,8,6,112,5,744,4,823,3,540,11,27,12,13,13,63,25,90,26,22,9.0
2026-04-18 12:11:30 PM,KXATPCHALLENGERMATCH-26APR18DANHYU-HYU,7,8,6,112,5,744,4,823,3,540,11,27,12,13,25,90,26,22,74,1,9.0
2026-04-18 12:11:30 PM,KXATPCHALLENGERMATCH-26APR18DANHYU-HYU,7,8,6,112,5,744,4,823,3,540,11,27,25,90,26,22,74,1,83,77,9.0
2026-04-18 12:11:31 PM,KXATPCHALLENGERMATCH-26APR18DANHYU-HYU,7,8,6,112,5,744,4,823,3,540,11,27,25,90,26,22,73,17,74,1,9.0
2026-04-18 12:11:31 PM,KXATPCHALLENGERMATCH-26APR18DANHYU-HYU,7,8,6,112,5,744,4,823,3,540,25,90,26,22,73,17,74,1,83,77,16.0
2026-04-18 12:11:31 PM,KXATPCHALLENGERMATCH-26APR18DANHYU-HYU,7,8,6,112,5,744,4,823,3,540,24,15,25,90,26,22,73,17,74,1,15.5
2026-04-18 12:11:31 PM,KXATPCHALLENGERMATCH-26APR18DANHYU-HYU,7,8,6,112,5,744,4,823,3,540,24,15,25,90,26,22,74,1,83,77,15.5
2026-04-18 12:11:31 PM,KXATPCHALLENGERMATCH-26APR18DANHYU-HYU,7,8,6,112,5,744,4,823,3,540,24,15,25,72,26,22,74,1,83,77,15.5
2026-04-18 12:11:31 PM,KXATPCHALLENGERMATCH-26APR18DANHYU-HYU,7,8,6,112,5,744,4,823,3,540,24,15,25,36,26,22,74,1,83,77,15.5
2026-04-18 12:11:31 PM,KXATPCHALLENGERMATCH-26APR18DANHYU-HYU,7,8,6,112,5,744,4,823,3,540,24,15,26,22,74,1,83,77,84,1,15.5
2026-04-18 12:11:31 PM,KXATPCHALLENGERMATCH-26APR18DANHYU-HYU,7,8,6,112,5,744,4,823,3,540,23,100,24,15,26,22,74,1,83,77,15.0
2026-04-18 12:11:31 PM,KXATPCHALLENGERMATCH-26APR18DANHYU-HYU,7,8,6,112,5,744,4,823,3,540,23,100,24,32,26,22,74,1,83,77,15.0
2026-04-18 12:11:32 PM,KXATPCHALLENGERMATCH-26APR18DANHYU-HYU,7,8,6,112,5,744,4,823,3,540,23,100,24,17,26,22,74,1,83,77,15.0
2026-04-18 12:11:32 PM,KXATPCHALLENGERMATCH-26APR18DANHYU-HYU,7,8,6,112,5,744,4,823,3,540,22,15,23,100,24,17,26,22,74,1,14.5
2026-04-18 12:11:32 PM,KXATPCHALLENGERMATCH-26APR18DANHYU-HYU,7,8,6,112,5,744,4,823,3,540,21,100,22,15,23,100,24,17,26,22,14.0
2026-04-18 12:11:32 PM,KXATPCHALLENGERMATCH-26APR18DANHYU-HYU,7,8,6,112,5,744,4,823,3,540,21,100,22,15,23,100,24,17,25,17,14.0
2026-04-18 12:11:32 PM,KXATPCHALLENGERMATCH-26APR18DANHYU-HYU,7,8,6,112,5,744,4,823,3,540,21,100,22,15,24,17,25,17,26,22,14.0
2026-04-18 12:11:32 PM,KXATPCHALLENGERMATCH-26APR18DANHYU-HYU,7,8,6,112,5,744,4,823,3,540,21,100,22,15,25,17,26,22,74,1,14.0
2026-04-18 12:11:32 PM,KXATPCHALLENGERMATCH-26APR18DANHYU-HYU,7,8,6,112,5,744,4,823,3,540,21,100,25,17,26,22,74,1,83,77,14.0
2026-04-18 12:11:32 PM,KXATPCHALLENGERMATCH-26APR18DANHYU-HYU,7,8,6,112,5,744,4,823,3,540,20,15,21,100,25,17,26,22,74,1,13.5
2026-04-18 12:11:32 PM,KXATPCHALLENGERMATCH-26APR18DANHYU-HYU,7,8,6,112,5,744,4,823,3,540,19,100,20,15,21,100,25,17,26,22,13.0
2026-04-18 12:11:32 PM,KXATPCHALLENGERMATCH-26APR18DANHYU-HYU,7,8,6,112,5,744,4,823,3,540,19,100,20,15,25,17,26,22,74,1,13.0
2026-04-18 12:11:32 PM,KXATPCHALLENGERMATCH-26APR18DANHYU-HYU,7,8,6,112,5,744,4,823,3,540,19,100,25,17,26,22,74,1,83,77,13.0
2026-04-18 12:11:32 PM,KXATPCHALLENGERMATCH-26APR18DANHYU-HYU,7,8,6,112,5,744,4,823,3,540,18,14,19,100,25,17,26,22,74,1,12.5
2026-04-18 12:11:33 PM,KXATPCHALLENGERMATCH-26APR18DANHYU-HYU,7,8,6,112,5,744,4,823,3,540,18,14,25,17,26,22,74,1,83,77,12.5
2026-04-18 12:11:33 PM,KXATPCHALLENGERMATCH-26APR18DANHYU-HYU,7,8,6,112,5,744,4,823,3,540,17,100,18,14,25,17,26,22,74,1,12.0
2026-04-18 12:11:33 PM,KXATPCHALLENGERMATCH-26APR18DANHYU-HYU,7,8,6,112,5,744,4,823,3,540,17,100,25,17,26,22,74,1,83,77,12.0
2026-04-18 12:11:33 PM,KXATPCHALLENGERMATCH-26APR18DANHYU-HYU,7,8,6,112,5,744,4,823,3,540,16,14,17,100,25,17,26,22,74,1,11.5
2026-04-18 12:11:33 PM,KXATPCHALLENGERMATCH-26APR18DANHYU-HYU,7,8,6,112,5,744,4,823,3,540,15,99,16,14,17,100,25,17,26,22,11.0
2026-04-18 12:11:33 PM,KXATPCHALLENGERMATCH-26APR18DANHYU-HYU,7,8,6,112,5,744,4,823,3,540,15,99,16,14,25,17,26,22,74,1,11.0
2026-04-18 12:11:33 PM,KXATPCHALLENGERMATCH-26APR18DANHYU-HYU,7,8,6,112,5,744,4,823,3,540,15,99,25,17,26,22,74,1,83,77,11.0
2026-04-18 12:11:33 PM,KXATPCHALLENGERMATCH-26APR18DANHYU-HYU,7,8,6,112,5,744,4,823,3,540,14,13,15,99,25,17,26,22,74,1,10.5
2026-04-18 12:11:34 PM,KXATPCHALLENGERMATCH-26APR18DANHYU-HYU,7,8,6,112,5,744,4,823,3,540,14,13,25,17,26,22,74,1,83,77,10.5
2026-04-18 12:11:34 PM,KXATPCHALLENGERMATCH-26APR18DANHYU-HYU,7,8,6,112,5,744,4,823,3,540,13,63,14,13,25,17,26,22,74,1,10.0
2026-04-18 12:11:34 PM,KXATPCHALLENGERMATCH-26APR18DANHYU-HYU,7,8,6,112,5,744,4,823,3,540,13,63,14,13,25,54,26,22,74,1,10.0
2026-04-18 12:11:34 PM,KXATPCHALLENGERMATCH-26APR18DANHYU-HYU,7,8,6,112,5,744,4,823,3,540,13,63,25,54,26,22,74,1,83,77,10.0
2026-04-18 12:11:34 PM,KXATPCHALLENGERMATCH-26APR18DANHYU-HYU,7,8,6,112,5,744,4,823,3,540,12,13,13,63,25,54,26,22,74,1,9.5
2026-04-18 12:11:34 PM,KXATPCHALLENGERMATCH-26APR18DANHYU-HYU,7,8,6,112,5,744,4,823,3,540,11,27,12,13,13,63,25,54,26,22,9.0
2026-04-18 12:11:34 PM,KXATPCHALLENGERMATCH-26APR18DANHYU-HYU,7,8,6,112,5,744,4,823,3,540,11,27,12,13,13,63,25,90,26,22,9.0
2026-04-18 12:11:34 PM,KXATPCHALLENGERMATCH-26APR18DANHYU-HYU,7,8,6,112,5,744,4,823,3,540,11,27,12,13,25,90,26,22,74,1,9.0
2026-04-18 12:11:34 PM,KXATPCHALLENGERMATCH-26APR18DANHYU-HYU,7,8,6,112,5,744,4,823,3,540,11,27,25,90,26,22,74,1,83,77,9.0
2026-04-18 12:11:35 PM,KXATPCHALLENGERMATCH-26APR18DANHYU-HYU,7,8,6,112,5,744,4,823,3,540,11,27,25,90,26,22,73,17,74,1,9.0
2026-04-18 12:11:35 PM,KXATPCHALLENGERMATCH-26APR18DANHYU-HYU,7,8,6,112,5,744,4,823,3,540,25,90,26,22,73,17,74,1,83,77,16.0
2026-04-18 12:11:35 PM,KXATPCHALLENGERMATCH-26APR18DANHYU-HYU,7,8,6,112,5,744,4,823,3,540,24,15,25,90,26,22,73,17,74,1,15.5
2026-04-18 12:11:35 PM,KXATPCHALLENGERMATCH-26APR18DANHYU-HYU,7,8,6,112,5,744,4,823,3,540,24,15,25,90,26,22,74,1,83,77,15.5
2026-04-18 12:11:35 PM,KXATPCHALLENGERMATCH-26APR18DANHYU-HYU,7,8,6,112,5,744,4,823,3,540,23,100,24,15,25,90,26,22,74,1,15.0
2026-04-18 12:11:35 PM,KXATPCHALLENGERMATCH-26APR18DANHYU-HYU,7,8,6,112,5,744,4,823,3,540,23,100,24,15,25,73,26,22,74,1,15.0
2026-04-18 12:11:35 PM,KXATPCHALLENGERMATCH-26APR18DANHYU-HYU,7,8,6,112,5,744,4,823,3,540,23,100,24,15,25,36,26,22,74,1,15.0
2026-04-18 12:11:35 PM,KXATPCHALLENGERMATCH-26APR18DANHYU-HYU,7,8,6,112,5,744,4,823,3,540,23,100,24,15,26,22,74,1,83,77,15.0
2026-04-18 12:11:36 PM,KXATPCHALLENGERMATCH-26APR18DANHYU-HYU,7,8,6,112,5,744,4,823,3,540,23,100,26,22,74,1,83,77,84,1,15.0
2026-04-18 12:11:36 PM,KXATPCHALLENGERMATCH-26APR18DANHYU-HYU,7,8,6,112,5,744,4,823,3,540,22,15,23,100,26,22,74,1,83,77,14.5
2026-04-18 12:11:36 PM,KXATPCHALLENGERMATCH-26APR18DANHYU-HYU,7,8,6,112,5,744,4,823,3,540,22,15,26,22,74,1,83,77,84,1,14.5
2026-04-18 12:11:36 PM,KXATPCHALLENGERMATCH-26APR18DANHYU-HYU,7,8,6,112,5,744,4,823,3,540,21,100,22,15,26,22,74,1,83,77,14.0
2026-04-18 12:11:36 PM,KXATPCHALLENGERMATCH-26APR18DANHYU-HYU,7,8,6,112,5,744,4,823,3,540,21,100,22,15,25,17,26,22,74,1,14.0
2026-04-18 12:11:36 PM,KXATPCHALLENGERMATCH-26APR18DANHYU-HYU,7,8,6,112,5,744,4,823,3,540,21,100,25,17,26,22,74,1,83,77,14.0
2026-04-18 12:11:36 PM,KXATPCHALLENGERMATCH-26APR18DANHYU-HYU,7,8,6,112,5,744,4,823,3,540,20,15,21,100,25,17,26,22,74,1,13.5
2026-04-18 12:11:36 PM,KXATPCHALLENGERMATCH-26APR18DANHYU-HYU,7,8,6,112,5,744,4,823,3,540,20,15,25,17,26,22,74,1,83,77,13.5
2026-04-18 12:11:36 PM,KXATPCHALLENGERMATCH-26APR18DANHYU-HYU,7,8,6,112,5,744,4,823,3,540,19,100,20,15,25,17,26,22,74,1,13.0
2026-04-18 12:11:36 PM,KXATPCHALLENGERMATCH-26APR18DANHYU-HYU,7,8,6,112,5,744,4,823,3,540,19,100,20,32,25,17,26,22,74,1,13.0
2026-04-18 12:11:36 PM,KXATPCHALLENGERMATCH-26APR18DANHYU-HYU,7,8,6,112,5,744,4,823,3,540,19,100,20,32,26,22,74,1,83,77,13.0
2026-04-18 12:11:37 PM,KXATPCHALLENGERMATCH-26APR18DANHYU-HYU,7,8,6,112,5,744,4,823,3,540,19,100,20,17,26,22,74,1,83,77,13.0
2026-04-18 12:11:37 PM,KXATPCHALLENGERMATCH-26APR18DANHYU-HYU,7,8,6,112,5,744,4,823,3,540,18,14,19,100,20,17,26,22,74,1,12.5
2026-04-18 12:11:37 PM,KXATPCHALLENGERMATCH-26APR18DANHYU-HYU,7,8,6,112,5,744,4,823,3,540,18,14,20,17,26,22,74,1,83,77,12.5
2026-04-18 12:11:37 PM,KXATPCHALLENGERMATCH-26APR18DANHYU-HYU,7,8,6,112,5,744,4,823,3,540,18,14,26,22,74,1,83,77,84,1,12.5
2026-04-18 12:11:37 PM,KXATPCHALLENGERMATCH-26APR18DANHYU-HYU,7,8,6,112,5,744,4,823,3,540,17,100,18,14,26,22,74,1,83,77,12.0
2026-04-18 12:11:37 PM,KXATPCHALLENGERMATCH-26APR18DANHYU-HYU,7,8,6,112,5,744,4,823,3,540,17,100,26,22,74,1,83,77,84,1,12.0
2026-04-18 12:11:37 PM,KXATPCHALLENGERMATCH-26APR18DANHYU-HYU,7,8,6,112,5,744,4,823,3,540,16,14,17,100,26,22,74,1,83,77,11.5
2026-04-18 12:11:37 PM,KXATPCHALLENGERMATCH-26APR18DANHYU-HYU,7,8,6,112,5,744,4,823,3,540,15,99,16,14,17,100,26,22,74,1,11.0
2026-04-18 12:11:37 PM,KXATPCHALLENGERMATCH-26APR18DANHYU-HYU,7,8,6,112,5,744,4,823,3,540,15,99,16,14,17,100,25,18,26,22,11.0
2026-04-18 12:11:37 PM,KXATPCHALLENGERMATCH-26APR18DANHYU-HYU,7,8,6,112,5,744,4,823,3,540,15,99,16,14,25,18,26,22,74,1,11.0
2026-04-18 12:11:37 PM,KXATPCHALLENGERMATCH-26APR18DANHYU-HYU,7,8,6,112,5,744,4,823,3,540,15,99,25,18,26,22,74,1,83,77,11.0
2026-04-18 12:11:37 PM,KXATPCHALLENGERMATCH-26APR18DANHYU-HYU,7,8,6,112,5,744,4,823,3,540,14,13,15,99,25,18,26,22,74,1,10.5
2026-04-18 12:11:38 PM,KXATPCHALLENGERMATCH-26APR18DANHYU-HYU,7,8,6,112,5,744,4,823,3,540,13,63,14,13,15,99,25,18,26,22,10.0
2026-04-18 12:11:38 PM,KXATPCHALLENGERMATCH-26APR18DANHYU-HYU,7,8,6,112,5,744,4,823,3,540,13,63,14,13,15,99,25,54,26,22,10.0
2026-04-18 12:11:38 PM,KXATPCHALLENGERMATCH-26APR18DANHYU-HYU,7,8,6,112,5,744,4,823,3,540,13,63,14,13,25,54,26,22,74,1,10.0
2026-04-18 12:11:38 PM,KXATPCHALLENGERMATCH-26APR18DANHYU-HYU,7,8,6,112,5,744,4,823,3,540,13,63,25,54,26,22,74,1,83,77,10.0
2026-04-18 12:11:38 PM,KXATPCHALLENGERMATCH-26APR18DANHYU-HYU,7,8,6,112,5,744,4,823,3,540,12,13,13,63,25,54,26,22,74,1,9.5
2026-04-18 12:11:38 PM,KXATPCHALLENGERMATCH-26APR18DANHYU-HYU,7,8,6,112,5,744,4,823,3,540,12,13,25,54,26,22,74,1,83,77,9.5
2026-04-18 12:11:38 PM,KXATPCHALLENGERMATCH-26APR18DANHYU-HYU,7,8,6,112,5,744,4,823,3,540,11,27,12,13,25,54,26,22,74,1,9.0
2026-04-18 12:11:38 PM,KXATPCHALLENGERMATCH-26APR18DANHYU-HYU,7,8,6,112,5,744,4,823,3,540,11,27,25,54,26,22,74,1,83,77,9.0
2026-04-18 12:11:39 PM,KXATPCHALLENGERMATCH-26APR18DANHYU-HYU,7,8,6,112,5,744,4,823,3,540,11,27,25,100,26,22,74,1,83,77,9.0
2026-04-18 12:11:39 PM,KXATPCHALLENGERMATCH-26APR18DANHYU-HYU,7,8,6,112,5,744,4,823,3,540,11,27,25,100,26,22,73,17,74,1,9.0
2026-04-18 12:11:39 PM,KXATPCHALLENGERMATCH-26APR18DANHYU-HYU,7,8,6,112,5,744,4,823,3,540,25,100,26,22,73,17,74,1,83,77,16.0
2026-04-18 12:11:39 PM,KXATPCHALLENGERMATCH-26APR18DANHYU-HYU,7,8,6,112,5,744,4,823,3,540,24,15,25,100,26,22,73,17,74,1,15.5
2026-04-18 12:11:39 PM,KXATPCHALLENGERMATCH-26APR18DANHYU-HYU,7,8,6,112,5,744,4,823,3,540,23,100,24,15,25,100,26,22,73,17,15.0
2026-04-18 12:11:39 PM,KXATPCHALLENGERMATCH-26APR18DANHYU-HYU,7,8,6,112,5,744,4,823,3,540,23,100,24,15,25,100,26,22,74,1,15.0
2026-04-18 12:11:39 PM,KXATPCHALLENGERMATCH-26APR18DANHYU-HYU,7,8,6,112,5,744,4,823,3,540,23,100,24,15,25,82,26,22,74,1,15.0
2026-04-18 12:11:39 PM,KXATPCHALLENGERMATCH-26APR18DANHYU-HYU,7,8,6,112,5,744,4,823,3,540,23,100,24,15,25,46,26,22,74,1,15.0
2026-04-18 12:11:39 PM,KXATPCHALLENGERMATCH-26APR18DANHYU-HYU,7,8,6,112,5,744,4,823,3,540,23,100,24,15,26,22,74,1,83,77,15.0
2026-04-18 12:11:40 PM,KXATPCHALLENGERMATCH-26APR18DANHYU-HYU,7,8,6,112,5,744,4,823,3,540,23,100,26,22,74,1,83,77,84,66,15.0
2026-04-18 12:11:40 PM,KXATPCHALLENGERMATCH-26APR18DANHYU-HYU,7,8,6,112,5,744,4,823,3,540,22,15,23,100,26,22,74,1,83,77,14.5
2026-04-18 12:11:40 PM,KXATPCHALLENGERMATCH-26APR18DANHYU-HYU,7,8,6,112,5,744,4,823,3,540,22,15,26,22,74,1,83,77,84,66,14.5
2026-04-18 12:11:40 PM,KXATPCHALLENGERMATCH-26APR18DANHYU-HYU,7,8,6,112,5,744,4,823,3,540,21,100,22,15,26,22,74,1,83,77,14.0
2026-04-18 12:11:40 PM,KXATPCHALLENGERMATCH-26APR18DANHYU-HYU,7,8,6,112,5,744,4,823,3,540,21,100,22,15,25,17,26,22,74,1,14.0
2026-04-18 12:11:40 PM,KXATPCHALLENGERMATCH-26APR18DANHYU-HYU,7,8,6,112,5,744,4,823,3,540,21,100,25,17,26,22,74,1,83,77,14.0
2026-04-18 12:11:40 PM,KXATPCHALLENGERMATCH-26APR18DANHYU-HYU,7,8,6,112,5,744,4,823,3,540,20,15,21,100,25,17,26,22,74,1,13.5
2026-04-18 12:11:40 PM,KXATPCHALLENGERMATCH-26APR18DANHYU-HYU,7,8,6,112,5,744,4,823,3,540,20,15,25,17,26,22,74,1,83,77,13.5
2026-04-18 12:11:40 PM,KXATPCHALLENGERMATCH-26APR18DANHYU-HYU,7,8,6,112,5,744,4,823,3,540,19,100,20,15,25,17,26,22,74,1,13.0
2026-04-18 12:11:40 PM,KXATPCHALLENGERMATCH-26APR18DANHYU-HYU,7,8,6,112,5,744,4,823,3,540,19,100,25,17,26,22,74,1,82,59,13.0
2026-04-18 12:11:40 PM,KXATPCHALLENGERMATCH-26APR18DANHYU-HYU,7,8,6,112,5,744,4,823,3,540,18,14,19,100,25,17,26,22,74,1,12.5
2026-04-18 12:11:41 PM,KXATPCHALLENGERMATCH-26APR18DANHYU-HYU,7,8,6,112,5,744,4,823,3,540,17,100,18,14,19,100,25,17,26,22,12.0
2026-04-18 12:11:41 PM,KXATPCHALLENGERMATCH-26APR18DANHYU-HYU,7,8,6,112,5,744,4,823,3,540,17,100,18,14,25,17,26,22,74,1,12.0
2026-04-18 12:11:41 PM,KXATPCHALLENGERMATCH-26APR18DANHYU-HYU,7,8,6,112,5,744,4,823,3,540,17,100,25,17,26,22,74,1,82,59,12.0
2026-04-18 12:11:41 PM,KXATPCHALLENGERMATCH-26APR18DANHYU-HYU,7,8,6,112,5,744,4,823,3,540,16,14,17,100,25,17,26,22,74,1,11.5
2026-04-18 12:11:41 PM,KXATPCHALLENGERMATCH-26APR18DANHYU-HYU,7,8,6,112,5,744,4,823,3,540,16,14,25,17,26,22,74,1,82,59,11.5
2026-04-18 12:11:41 PM,KXATPCHALLENGERMATCH-26APR18DANHYU-HYU,7,8,6,112,5,744,4,823,3,540,15,99,16,14,25,17,26,22,74,1,11.0
2026-04-18 12:11:41 PM,KXATPCHALLENGERMATCH-26APR18DANHYU-HYU,7,8,6,112,5,744,4,823,3,540,15,99,25,17,26,22,74,1,82,59,11.0
2026-04-18 12:11:41 PM,KXATPCHALLENGERMATCH-26APR18DANHYU-HYU,7,8,6,112,5,744,4,823,3,540,14,13,15,99,25,17,26,22,74,1,10.5
2026-04-18 12:11:42 PM,KXATPCHALLENGERMATCH-26APR18DANHYU-HYU,7,8,6,112,5,744,4,823,3,540,13,63,14,13,15,99,25,17,26,22,10.0
2026-04-18 12:11:42 PM,KXATPCHALLENGERMATCH-26APR18DANHYU-HYU,7,8,6,112,5,744,4,823,3,540,13,63,14,13,15,99,25,54,26,22,10.0
2026-04-18 12:11:42 PM,KXATPCHALLENGERMATCH-26APR18DANHYU-HYU,7,8,6,112,5,744,4,823,3,540,13,63,14,13,25,54,26,22,74,1,10.0
2026-04-18 12:11:42 PM,KXATPCHALLENGERMATCH-26APR18DANHYU-HYU,7,8,6,112,5,744,4,823,3,540,13,63,25,54,26,22,74,1,82,59,10.0
2026-04-18 12:11:42 PM,KXATPCHALLENGERMATCH-26APR18DANHYU-HYU,7,8,6,112,5,744,4,823,3,540,12,13,13,63,25,54,26,22,74,1,9.5
2026-04-18 12:11:42 PM,KXATPCHALLENGERMATCH-26APR18DANHYU-HYU,7,8,6,112,5,744,4,823,3,540,11,27,12,13,13,63,25,54,26,22,9.0
2026-04-18 12:11:42 PM,KXATPCHALLENGERMATCH-26APR18DANHYU-HYU,7,8,6,112,5,744,4,823,3,540,11,27,12,13,25,54,26,22,74,1,9.0
2026-04-18 12:11:42 PM,KXATPCHALLENGERMATCH-26APR18DANHYU-HYU,7,8,6,112,5,744,4,823,3,540,11,27,12,13,25,90,26,22,74,1,9.0
2026-04-18 12:11:42 PM,KXATPCHALLENGERMATCH-26APR18DANHYU-HYU,7,8,6,112,5,744,4,823,3,540,11,27,25,90,26,22,74,1,82,59,9.0
2026-04-18 12:11:43 PM,KXATPCHALLENGERMATCH-26APR18DANHYU-HYU,7,8,6,112,5,744,4,823,3,540,25,90,26,22,74,1,82,59,84,66,16.0
2026-04-18 12:11:43 PM,KXATPCHALLENGERMATCH-26APR18DANHYU-HYU,7,8,6,112,5,744,4,823,3,540,25,90,26,22,73,17,74,1,82,59,16.0
2026-04-18 12:11:43 PM,KXATPCHALLENGERMATCH-26APR18DANHYU-HYU,7,8,6,112,5,744,4,823,3,540,24,15,25,90,26,22,73,17,74,1,15.5
2026-04-18 12:11:43 PM,KXATPCHALLENGERMATCH-26APR18DANHYU-HYU,7,8,6,112,5,744,4,823,3,540,24,15,25,90,26,22,74,1,82,59,15.5
2026-04-18 12:11:43 PM,KXATPCHALLENGERMATCH-26APR18DANHYU-HYU,7,8,6,112,5,744,4,823,3,540,24,15,25,73,26,22,74,1,82,59,15.5
2026-04-18 12:11:43 PM,KXATPCHALLENGERMATCH-26APR18DANHYU-HYU,7,8,6,112,5,744,4,823,3,540,24,15,25,36,26,22,74,1,82,59,15.5
2026-04-18 12:11:43 PM,KXATPCHALLENGERMATCH-26APR18DANHYU-HYU,7,8,6,112,5,744,4,823,3,540,24,15,26,22,74,1,82,59,84,66,15.5
2026-04-18 12:11:43 PM,KXATPCHALLENGERMATCH-26APR18DANHYU-HYU,7,8,6,112,5,744,4,823,3,540,23,100,24,15,26,22,74,1,82,59,15.0
2026-04-18 12:11:43 PM,KXATPCHALLENGERMATCH-26APR18DANHYU-HYU,7,8,6,112,5,744,4,823,3,540,23,100,26,22,74,1,82,59,84,66,15.0
2026-04-18 12:11:43 PM,KXATPCHALLENGERMATCH-26APR18DANHYU-HYU,7,8,6,112,5,744,4,823,3,540,22,15,23,100,26,22,74,1,82,59,14.5
2026-04-18 12:11:44 PM,KXATPCHALLENGERMATCH-26APR18DANHYU-HYU,7,8,6,112,5,744,4,823,3,540,21,100,22,15,23,100,26,22,74,1,14.0
2026-04-18 12:11:44 PM,KXATPCHALLENGERMATCH-26APR18DANHYU-HYU,7,8,6,112,5,744,4,823,3,540,21,100,22,15,23,100,25,17,26,22,14.0
2026-04-18 12:11:44 PM,KXATPCHALLENGERMATCH-26APR18DANHYU-HYU,7,8,6,112,5,744,4,823,3,540,21,100,22,15,25,17,26,22,74,1,14.0
2026-04-18 12:11:44 PM,KXATPCHALLENGERMATCH-26APR18DANHYU-HYU,7,8,6,112,5,744,4,823,3,540,21,100,25,17,26,22,74,1,82,59,14.0
2026-04-18 12:11:44 PM,KXATPCHALLENGERMATCH-26APR18DANHYU-HYU,7,8,6,112,5,744,4,823,3,540,20,15,21,100,25,17,26,22,74,1,13.5
2026-04-18 12:11:44 PM,KXATPCHALLENGERMATCH-26APR18DANHYU-HYU,7,8,6,112,5,744,4,823,3,540,19,100,20,15,21,100,25,17,26,22,13.0
2026-04-18 12:11:44 PM,KXATPCHALLENGERMATCH-26APR18DANHYU-HYU,7,8,6,112,5,744,4,823,3,540,19,100,20,15,25,17,26,22,74,1,13.0
2026-04-18 12:11:45 PM,KXATPCHALLENGERMATCH-26APR18DANHYU-HYU,7,8,6,112,5,744,4,823,3,540,19,100,25,17,26,22,74,1,82,59,13.0
2026-04-18 12:11:45 PM,KXATPCHALLENGERMATCH-26APR18DANHYU-HYU,7,8,6,112,5,744,4,823,3,540,18,14,19,100,25,17,26,22,74,1,12.5
2026-04-18 12:11:45 PM,KXATPCHALLENGERMATCH-26APR18DANHYU-HYU,7,8,6,112,5,744,4,823,3,540,17,100,18,14,19,100,25,17,26,22,12.0
2026-04-18 12:11:45 PM,KXATPCHALLENGERMATCH-26APR18DANHYU-HYU,7,8,6,112,5,744,4,823,3,540,17,100,18,14,25,17,26,22,74,1,12.0
2026-04-18 12:11:45 PM,KXATPCHALLENGERMATCH-26APR18DANHYU-HYU,7,8,6,112,5,744,4,823,3,540,17,100,25,17,26,22,74,1,82,59,12.0
2026-04-18 12:11:45 PM,KXATPCHALLENGERMATCH-26APR18DANHYU-HYU,7,8,6,112,5,744,4,823,3,540,16,14,17,100,25,17,26,22,74,1,11.5
2026-04-18 12:11:45 PM,KXATPCHALLENGERMATCH-26APR18DANHYU-HYU,7,8,6,112,5,744,4,823,3,540,16,14,25,17,26,22,74,1,82,59,11.5
2026-04-18 12:11:45 PM,KXATPCHALLENGERMATCH-26APR18DANHYU-HYU,7,8,6,112,5,744,4,823,3,540,15,99,16,14,25,17,26,22,74,1,11.0
2026-04-18 12:11:46 PM,KXATPCHALLENGERMATCH-26APR18DANHYU-HYU,7,8,6,112,5,744,4,823,3,540,15,99,25,17,26,22,74,1,82,59,11.0
2026-04-18 12:11:46 PM,KXATPCHALLENGERMATCH-26APR18DANHYU-HYU,7,8,6,112,5,744,4,823,3,540,14,13,15,99,25,17,26,22,74,1,10.5
2026-04-18 12:11:46 PM,KXATPCHALLENGERMATCH-26APR18DANHYU-HYU,7,8,6,112,5,744,4,823,3,540,13,63,14,13,15,99,25,17,26,22,10.0
2026-04-18 12:11:46 PM,KXATPCHALLENGERMATCH-26APR18DANHYU-HYU,7,8,6,112,5,744,4,823,3,540,13,63,14,13,15,99,25,54,26,22,10.0
2026-04-18 12:11:46 PM,KXATPCHALLENGERMATCH-26APR18DANHYU-HYU,7,8,6,112,5,744,4,823,3,540,13,63,14,13,25,54,26,22,74,1,10.0
2026-04-18 12:11:46 PM,KXATPCHALLENGERMATCH-26APR18DANHYU-HYU,7,8,6,112,5,744,4,823,3,540,13,63,25,54,26,22,74,1,82,59,10.0
2026-04-18 12:11:46 PM,KXATPCHALLENGERMATCH-26APR18DANHYU-HYU,7,8,6,112,5,744,4,823,3,540,12,13,13,63,25,54,26,22,74,1,9.5
2026-04-18 12:11:46 PM,KXATPCHALLENGERMATCH-26APR18DANHYU-HYU,7,8,6,112,5,744,4,823,3,540,11,27,12,13,13,63,25,54,26,22,9.0
2026-04-18 12:11:46 PM,KXATPCHALLENGERMATCH-26APR18DANHYU-HYU,7,8,6,112,5,744,4,823,3,540,11,27,12,13,13,63,25,90,26,22,9.0
2026-04-18 12:11:46 PM,KXATPCHALLENGERMATCH-26APR18DANHYU-HYU,7,8,6,112,5,744,4,823,3,540,11,27,12,13,25,90,26,22,74,1,9.0
2026-04-18 12:11:46 PM,KXATPCHALLENGERMATCH-26APR18DANHYU-HYU,7,8,6,112,5,744,4,823,3,540,11,27,25,90,26,22,74,1,82,59,9.0
2026-04-18 12:11:47 PM,KXATPCHALLENGERMATCH-26APR18DANHYU-HYU,7,8,6,112,5,744,4,823,3,540,25,90,26,22,74,1,82,59,84,66,16.0
2026-04-18 12:11:47 PM,KXATPCHALLENGERMATCH-26APR18DANHYU-HYU,7,8,6,112,5,744,4,823,3,540,25,90,26,22,73,17,74,1,82,59,16.0
2026-04-18 12:11:47 PM,KXATPCHALLENGERMATCH-26APR18DANHYU-HYU,7,8,6,112,5,744,4,823,3,540,24,15,25,90,26,22,73,17,74,1,15.5
2026-04-18 12:11:47 PM,KXATPCHALLENGERMATCH-26APR18DANHYU-HYU,7,8,6,112,5,744,4,823,3,540,23,100,24,15,25,90,26,22,73,17,15.0
2026-04-18 12:11:47 PM,KXATPCHALLENGERMATCH-26APR18DANHYU-HYU,7,8,6,112,5,744,4,823,3,540,23,100,24,15,25,90,26,22,74,1,15.0
2026-04-18 12:11:47 PM,KXATPCHALLENGERMATCH-26APR18DANHYU-HYU,7,8,6,112,5,744,4,823,3,540,23,100,24,15,25,73,26,22,74,1,15.0
2026-04-18 12:11:47 PM,KXATPCHALLENGERMATCH-26APR18DANHYU-HYU,7,8,6,112,5,744,4,823,3,540,23,100,24,15,25,36,26,22,74,1,15.0
2026-04-18 12:11:47 PM,KXATPCHALLENGERMATCH-26APR18DANHYU-HYU,7,8,6,112,5,744,4,823,3,540,23,100,24,15,26,22,74,1,82,59,15.0
2026-04-18 12:11:47 PM,KXATPCHALLENGERMATCH-26APR18DANHYU-HYU,7,8,6,112,5,744,4,823,3,540,23,100,26,22,74,1,82,59,84,66,15.0
2026-04-18 12:11:47 PM,KXATPCHALLENGERMATCH-26APR18DANHYU-HYU,7,8,6,112,5,744,4,823,3,540,22,15,23,100,26,22,74,1,82,59,14.5
2026-04-18 12:11:48 PM,KXATPCHALLENGERMATCH-26APR18DANHYU-HYU,7,8,6,112,5,744,4,823,3,540,21,100,22,15,23,100,26,22,74,1,14.0
2026-04-18 12:11:48 PM,KXATPCHALLENGERMATCH-26APR18DANHYU-HYU,7,8,6,112,5,744,4,823,3,540,21,100,22,15,23,100,25,17,26,22,14.0
2026-04-18 12:11:48 PM,KXATPCHALLENGERMATCH-26APR18DANHYU-HYU,7,8,6,112,5,744,4,823,3,540,21,100,22,15,25,17,26,22,74,1,14.0
2026-04-18 12:11:48 PM,KXATPCHALLENGERMATCH-26APR18DANHYU-HYU,7,8,6,112,5,744,4,823,3,540,21,100,25,17,26,22,74,1,82,59,14.0
2026-04-18 12:11:48 PM,KXATPCHALLENGERMATCH-26APR18DANHYU-HYU,7,8,6,112,5,744,4,823,3,540,20,15,21,100,25,17,26,22,74,1,13.5
2026-04-18 12:11:48 PM,KXATPCHALLENGERMATCH-26APR18DANHYU-HYU,7,8,6,112,5,744,4,823,3,540,19,100,20,15,21,100,25,17,26,22,13.0
2026-04-18 12:11:48 PM,KXATPCHALLENGERMATCH-26APR18DANHYU-HYU,7,8,6,112,5,744,4,823,3,540,19,100,20,15,25,17,26,22,74,1,13.0
2026-04-18 12:11:49 PM,KXATPCHALLENGERMATCH-26APR18DANHYU-HYU,7,8,6,112,5,744,4,823,3,540,19,100,25,17,26,22,74,1,82,59,13.0
2026-04-18 12:11:49 PM,KXATPCHALLENGERMATCH-26APR18DANHYU-HYU,7,8,6,112,5,744,4,823,3,540,18,14,19,100,25,17,26,22,74,1,12.5
2026-04-18 12:11:49 PM,KXATPCHALLENGERMATCH-26APR18DANHYU-HYU,7,8,6,112,5,744,4,823,3,540,18,14,25,17,26,22,74,1,82,59,12.5
2026-04-18 12:11:49 PM,KXATPCHALLENGERMATCH-26APR18DANHYU-HYU,7,8,6,112,5,744,4,823,3,540,17,100,18,14,25,17,26,22,74,1,12.0
2026-04-18 12:11:49 PM,KXATPCHALLENGERMATCH-26APR18DANHYU-HYU,7,8,6,112,5,744,4,823,3,540,17,100,25,17,26,22,74,1,82,59,12.0
2026-04-18 12:11:49 PM,KXATPCHALLENGERMATCH-26APR18DANHYU-HYU,7,8,6,112,5,744,4,823,3,540,16,14,17,100,25,17,26,22,74,1,11.5
2026-04-18 12:11:49 PM,KXATPCHALLENGERMATCH-26APR18DANHYU-HYU,7,8,6,112,5,744,4,823,3,540,16,14,25,17,26,22,74,1,82,59,11.5
2026-04-18 12:11:49 PM,KXATPCHALLENGERMATCH-26APR18DANHYU-HYU,7,8,6,112,5,744,4,823,3,540,16,14,26,22,74,1,82,59,84,66,11.5
2026-04-18 12:11:49 PM,KXATPCHALLENGERMATCH-26APR18DANHYU-HYU,7,8,6,112,5,744,4,823,3,540,15,99,16,14,26,22,74,1,82,59,11.0
2026-04-18 12:11:49 PM,KXATPCHALLENGERMATCH-26APR18DANHYU-HYU,7,8,6,112,5,744,4,823,3,540,15,99,16,32,26,22,74,1,82,59,11.0
2026-04-18 12:11:50 PM,KXATPCHALLENGERMATCH-26APR18DANHYU-HYU,7,8,6,112,5,744,4,823,3,540,15,99,16,18,26,22,74,1,82,59,11.0
2026-04-18 12:11:50 PM,KXATPCHALLENGERMATCH-26APR18DANHYU-HYU,7,8,6,112,5,744,4,823,3,540,14,13,15,99,16,18,26,22,74,1,10.5
2026-04-18 12:11:50 PM,KXATPCHALLENGERMATCH-26APR18DANHYU-HYU,7,8,6,112,5,744,4,823,3,540,13,63,14,13,15,99,16,18,26,22,10.0
2026-04-18 12:11:50 PM,KXATPCHALLENGERMATCH-26APR18DANHYU-HYU,7,8,6,112,5,744,4,823,3,540,13,63,14,13,15,99,16,18,25,54,10.0
2026-04-18 12:11:50 PM,KXATPCHALLENGERMATCH-26APR18DANHYU-HYU,7,8,6,112,5,744,4,823,3,540,13,63,14,13,16,18,25,54,26,22,10.0
2026-04-18 12:11:50 PM,KXATPCHALLENGERMATCH-26APR18DANHYU-HYU,7,8,6,112,5,744,4,823,3,540,13,63,14,13,25,54,26,22,74,1,10.0
2026-04-18 12:11:50 PM,KXATPCHALLENGERMATCH-26APR18DANHYU-HYU,7,8,6,112,5,744,4,823,3,540,13,63,25,54,26,22,74,1,82,59,10.0
2026-04-18 12:11:50 PM,KXATPCHALLENGERMATCH-26APR18DANHYU-HYU,7,8,6,112,5,744,4,823,3,540,12,13,13,63,25,54,26,22,74,1,9.5
2026-04-18 12:11:50 PM,KXATPCHALLENGERMATCH-26APR18DANHYU-HYU,7,8,6,112,5,744,4,823,3,540,11,27,12,13,13,63,25,54,26,22,9.0
2026-04-18 12:11:50 PM,KXATPCHALLENGERMATCH-26APR18DANHYU-HYU,7,8,6,112,5,744,4,823,3,540,11,27,12,13,25,54,26,22,74,1,9.0
2026-04-18 12:11:50 PM,KXATPCHALLENGERMATCH-26APR18DANHYU-HYU,7,8,6,112,5,744,4,823,3,540,11,27,12,13,25,90,26,22,74,1,9.0
2026-04-18 12:11:51 PM,KXATPCHALLENGERMATCH-26APR18DANHYU-HYU,7,8,6,112,5,744,4,823,3,540,11,27,25,90,26,22,74,1,82,59,9.0
2026-04-18 12:11:51 PM,KXATPCHALLENGERMATCH-26APR18DANHYU-HYU,7,8,6,112,5,744,4,823,3,540,11,27,25,90,26,22,73,17,74,1,9.0
2026-04-18 12:11:51 PM,KXATPCHALLENGERMATCH-26APR18DANHYU-HYU,7,8,6,112,5,744,4,823,3,540,25,90,26,22,73,17,74,1,82,59,16.0
2026-04-18 12:11:51 PM,KXATPCHALLENGERMATCH-26APR18DANHYU-HYU,7,8,6,112,5,744,4,823,3,540,25,90,26,22,73,17,74,1,84,1,16.0
2026-04-18 12:11:51 PM,KXATPCHALLENGERMATCH-26APR18DANHYU-HYU,7,8,6,112,5,744,4,823,3,540,24,15,25,90,26,22,73,17,74,1,15.5
2026-04-18 12:11:51 PM,KXATPCHALLENGERMATCH-26APR18DANHYU-HYU,7,8,6,112,5,744,4,823,3,540,23,100,24,15,25,90,26,22,73,17,15.0
2026-04-18 12:11:51 PM,KXATPCHALLENGERMATCH-26APR18DANHYU-HYU,7,8,6,112,5,744,4,823,3,540,23,100,24,15,25,90,26,22,74,1,15.0
2026-04-18 12:11:51 PM,KXATPCHALLENGERMATCH-26APR18DANHYU-HYU,7,8,6,112,5,744,4,823,3,540,23,100,24,15,25,36,26,22,74,1,15.0
2026-04-18 12:11:51 PM,KXATPCHALLENGERMATCH-26APR18DANHYU-HYU,7,8,6,112,5,744,4,823,3,540,23,100,24,15,26,22,74,1,84,1,15.0
2026-04-18 12:11:52 PM,KXATPCHALLENGERMATCH-26APR18DANHYU-HYU,7,8,6,112,5,744,4,823,3,540,23,100,26,22,74,1,84,1,89,110,15.0
2026-04-18 12:11:52 PM,KXATPCHALLENGERMATCH-26APR18DANHYU-HYU,7,8,6,112,5,744,4,823,3,540,22,15,23,100,26,22,74,1,84,1,14.5
2026-04-18 12:11:52 PM,KXATPCHALLENGERMATCH-26APR18DANHYU-HYU,7,8,6,112,5,744,4,823,3,540,21,100,22,15,23,100,26,22,74,1,14.0
2026-04-18 12:11:52 PM,KXATPCHALLENGERMATCH-26APR18DANHYU-HYU,7,8,6,112,5,744,4,823,3,540,21,100,22,15,23,100,25,17,26,22,14.0
2026-04-18 12:11:52 PM,KXATPCHALLENGERMATCH-26APR18DANHYU-HYU,7,8,6,112,5,744,4,823,3,540,21,100,22,15,25,17,26,22,74,1,14.0
2026-04-18 12:11:52 PM,KXATPCHALLENGERMATCH-26APR18DANHYU-HYU,7,8,6,112,5,744,4,823,3,540,21,100,25,17,26,22,74,1,84,1,14.0
2026-04-18 12:11:52 PM,KXATPCHALLENGERMATCH-26APR18DANHYU-HYU,7,8,6,112,5,744,4,823,3,540,20,15,21,100,25,17,26,22,74,1,13.5
2026-04-18 12:11:52 PM,KXATPCHALLENGERMATCH-26APR18DANHYU-HYU,7,8,6,112,5,744,4,823,3,540,20,15,25,17,26,22,74,1,84,1,13.5
2026-04-18 12:11:53 PM,KXATPCHALLENGERMATCH-26APR18DANHYU-HYU,7,8,6,112,5,744,4,823,3,540,20,15,26,22,74,1,84,1,89,110,13.5
2026-04-18 12:11:53 PM,KXATPCHALLENGERMATCH-26APR18DANHYU-HYU,7,8,6,112,5,744,4,823,3,540,19,100,20,15,26,22,74,1,84,1,13.0
2026-04-18 12:11:53 PM,KXATPCHALLENGERMATCH-26APR18DANHYU-HYU,7,8,6,112,5,744,4,823,3,540,19,100,20,32,26,22,74,1,84,1,13.0
2026-04-18 12:11:53 PM,KXATPCHALLENGERMATCH-26APR18DANHYU-HYU,7,8,6,112,5,744,4,823,3,540,19,100,20,17,26,22,74,1,84,1,13.0
2026-04-18 12:11:53 PM,KXATPCHALLENGERMATCH-26APR18DANHYU-HYU,7,8,6,112,5,744,4,823,3,540,18,14,19,100,20,17,26,22,74,1,12.5
2026-04-18 12:11:53 PM,KXATPCHALLENGERMATCH-26APR18DANHYU-HYU,7,8,6,112,5,744,4,823,3,540,17,100,18,14,19,100,20,17,26,22,12.0
2026-04-18 12:11:53 PM,KXATPCHALLENGERMATCH-26APR18DANHYU-HYU,7,8,6,112,5,744,4,823,3,540,17,100,18,14,20,17,26,22,74,1,12.0
2026-04-18 12:11:53 PM,KXATPCHALLENGERMATCH-26APR18DANHYU-HYU,7,8,6,112,5,744,4,823,3,540,17,100,18,14,26,22,74,1,84,1,12.0
2026-04-18 12:11:53 PM,KXATPCHALLENGERMATCH-26APR18DANHYU-HYU,7,8,6,112,5,744,4,823,3,540,17,100,26,22,74,1,84,1,88,162,12.0
2026-04-18 12:11:53 PM,KXATPCHALLENGERMATCH-26APR18DANHYU-HYU,7,8,6,112,5,744,4,823,3,540,16,14,17,100,26,22,74,1,84,1,11.5
2026-04-18 12:11:53 PM,KXATPCHALLENGERMATCH-26APR18DANHYU-HYU,7,8,6,112,5,744,4,823,3,540,16,14,26,22,74,1,84,1,88,162,11.5
2026-04-18 12:11:53 PM,KXATPCHALLENGERMATCH-26APR18DANHYU-HYU,7,8,6,112,5,744,4,823,3,540,15,99,16,14,26,22,74,1,84,1,11.0
2026-04-18 12:11:53 PM,KXATPCHALLENGERMATCH-26APR18DANHYU-HYU,7,8,6,112,5,744,4,823,3,540,15,99,16,14,25,18,26,22,74,1,11.0
2026-04-18 12:11:54 PM,KXATPCHALLENGERMATCH-26APR18DANHYU-HYU,7,8,6,112,5,744,4,823,3,540,15,99,25,18,26,22,74,1,84,1,11.0
2026-04-18 12:11:54 PM,KXATPCHALLENGERMATCH-26APR18DANHYU-HYU,7,8,6,112,5,744,4,823,3,540,14,13,15,99,25,18,26,22,74,1,10.5
2026-04-18 12:11:54 PM,KXATPCHALLENGERMATCH-26APR18DANHYU-HYU,7,8,6,112,5,744,4,823,3,540,13,63,14,13,15,99,25,18,26,22,10.0
2026-04-18 12:11:54 PM,KXATPCHALLENGERMATCH-26APR18DANHYU-HYU,7,8,6,112,5,744,4,823,3,540,13,63,14,13,25,18,26,22,74,1,10.0
2026-04-18 12:11:54 PM,KXATPCHALLENGERMATCH-26APR18DANHYU-HYU,7,8,6,112,5,744,4,823,3,540,13,63,14,13,25,54,26,22,74,1,10.0
2026-04-18 12:11:54 PM,KXATPCHALLENGERMATCH-26APR18DANHYU-HYU,7,8,6,112,5,744,4,823,3,540,13,63,25,54,26,22,74,1,84,1,10.0
2026-04-18 12:11:54 PM,KXATPCHALLENGERMATCH-26APR18DANHYU-HYU,7,8,6,112,5,744,4,823,3,540,12,13,13,63,25,54,26,22,74,1,9.5
2026-04-18 12:11:54 PM,KXATPCHALLENGERMATCH-26APR18DANHYU-HYU,7,8,6,112,5,744,4,823,3,540,12,13,25,54,26,22,74,1,84,1,9.5
2026-04-18 12:11:54 PM,KXATPCHALLENGERMATCH-26APR18DANHYU-HYU,7,8,6,112,5,744,4,823,3,540,11,27,12,13,25,54,26,22,74,1,9.0
2026-04-18 12:11:54 PM,KXATPCHALLENGERMATCH-26APR18DANHYU-HYU,7,8,6,112,5,744,4,823,3,540,11,27,12,13,25,90,26,22,74,1,9.0
2026-04-18 12:11:55 PM,KXATPCHALLENGERMATCH-26APR18DANHYU-HYU,7,8,6,112,5,744,4,823,3,540,11,27,25,90,26,22,74,1,84,1,9.0
2026-04-18 12:11:55 PM,KXATPCHALLENGERMATCH-26APR18DANHYU-HYU,7,8,6,112,5,744,4,823,3,540,11,27,25,90,26,22,73,17,74,1,9.0
2026-04-18 12:11:55 PM,KXATPCHALLENGERMATCH-26APR18DANHYU-HYU,7,8,6,112,5,744,4,823,3,540,25,90,26,22,73,17,74,1,84,1,16.0
2026-04-18 12:11:55 PM,KXATPCHALLENGERMATCH-26APR18DANHYU-HYU,7,8,6,112,5,744,4,823,3,540,24,15,25,90,26,22,73,17,74,1,15.5
2026-04-18 12:11:55 PM,KXATPCHALLENGERMATCH-26APR18DANHYU-HYU,7,8,6,112,5,744,4,823,3,540,24,15,25,90,26,22,74,1,84,1,15.5
2026-04-18 12:11:55 PM,KXATPCHALLENGERMATCH-26APR18DANHYU-HYU,7,8,6,112,5,744,4,823,3,540,24,15,25,72,26,22,74,1,84,1,15.5
2026-04-18 12:11:55 PM,KXATPCHALLENGERMATCH-26APR18DANHYU-HYU,7,8,6,112,5,744,4,823,3,540,24,15,25,36,26,22,74,1,84,1,15.5
2026-04-18 12:11:55 PM,KXATPCHALLENGERMATCH-26APR18DANHYU-HYU,7,8,6,112,5,744,4,823,3,540,24,15,26,22,74,1,84,1,88,162,15.5
2026-04-18 12:11:55 PM,KXATPCHALLENGERMATCH-26APR18DANHYU-HYU,7,8,6,112,5,744,4,823,3,540,23,100,24,15,26,22,74,1,84,1,15.0
2026-04-18 12:11:56 PM,KXATPCHALLENGERMATCH-26APR18DANHYU-HYU,7,8,6,112,5,744,4,823,3,540,23,100,26,22,74,1,84,1,88,162,15.0
2026-04-18 12:11:56 PM,KXATPCHALLENGERMATCH-26APR18DANHYU-HYU,7,8,6,112,5,744,4,823,3,540,22,15,23,100,26,22,74,1,84,1,14.5
2026-04-18 12:11:56 PM,KXATPCHALLENGERMATCH-26APR18DANHYU-HYU,7,8,6,112,5,744,4,823,3,540,21,100,22,15,23,100,26,22,74,1,14.0
2026-04-18 12:11:56 PM,KXATPCHALLENGERMATCH-26APR18DANHYU-HYU,7,8,6,112,5,744,4,823,3,540,21,100,22,15,26,22,74,1,84,1,14.0
2026-04-18 12:11:56 PM,KXATPCHALLENGERMATCH-26APR18DANHYU-HYU,7,8,6,112,5,744,4,823,3,540,21,100,22,15,25,17,26,22,74,1,14.0
2026-04-18 12:11:56 PM,KXATPCHALLENGERMATCH-26APR18DANHYU-HYU,7,8,6,112,5,744,4,823,3,540,21,100,25,17,26,22,74,1,84,1,14.0
2026-04-18 12:11:56 PM,KXATPCHALLENGERMATCH-26APR18DANHYU-HYU,7,8,6,112,5,744,4,823,3,540,20,15,21,100,25,17,26,22,74,1,13.5
2026-04-18 12:11:56 PM,KXATPCHALLENGERMATCH-26APR18DANHYU-HYU,7,8,6,112,5,744,4,823,3,540,19,100,20,15,21,100,25,17,26,22,13.0
2026-04-18 12:11:56 PM,KXATPCHALLENGERMATCH-26APR18DANHYU-HYU,7,8,6,112,5,744,4,823,3,540,19,100,20,15,25,17,26,22,74,1,13.0
2026-04-18 12:11:57 PM,KXATPCHALLENGERMATCH-26APR18DANHYU-HYU,7,8,6,112,5,744,4,823,3,540,19,100,25,17,26,22,74,1,84,1,13.0
2026-04-18 12:11:57 PM,KXATPCHALLENGERMATCH-26APR18DANHYU-HYU,7,8,6,112,5,744,4,823,3,540,18,14,19,100,25,17,26,22,74,1,12.5
2026-04-18 12:11:57 PM,KXATPCHALLENGERMATCH-26APR18DANHYU-HYU,7,8,6,112,5,744,4,823,3,540,17,100,18,14,19,100,25,17,26,22,12.0
2026-04-18 12:11:57 PM,KXATPCHALLENGERMATCH-26APR18DANHYU-HYU,7,8,6,112,5,744,4,823,3,540,17,100,18,14,25,17,26,22,74,1,12.0
2026-04-18 12:11:57 PM,KXATPCHALLENGERMATCH-26APR18DANHYU-HYU,7,8,6,112,5,744,4,823,3,540,17,100,25,17,26,22,74,1,84,1,12.0
2026-04-18 12:11:57 PM,KXATPCHALLENGERMATCH-26APR18DANHYU-HYU,7,8,6,112,5,744,4,823,3,540,16,14,17,100,25,17,26,22,74,1,11.5
2026-04-18 12:11:57 PM,KXATPCHALLENGERMATCH-26APR18DANHYU-HYU,7,8,6,112,5,744,4,823,3,540,16,14,25,17,26,22,74,1,84,1,11.5
2026-04-18 12:11:57 PM,KXATPCHALLENGERMATCH-26APR18DANHYU-HYU,7,8,6,112,5,744,4,823,3,540,15,99,16,14,25,17,26,22,74,1,11.0
2026-04-18 12:11:58 PM,KXATPCHALLENGERMATCH-26APR18DANHYU-HYU,7,8,6,112,5,744,4,823,3,540,15,99,25,17,26,22,74,1,84,1,11.0
2026-04-18 12:11:58 PM,KXATPCHALLENGERMATCH-26APR18DANHYU-HYU,7,8,6,112,5,744,4,823,3,540,14,13,15,99,25,17,26,22,74,1,10.5
2026-04-18 12:11:58 PM,KXATPCHALLENGERMATCH-26APR18DANHYU-HYU,7,8,6,112,5,744,4,823,3,540,13,63,14,13,15,99,25,17,26,22,10.0
2026-04-18 12:11:58 PM,KXATPCHALLENGERMATCH-26APR18DANHYU-HYU,7,8,6,112,5,744,4,823,3,540,13,63,14,13,15,99,25,54,26,22,10.0
2026-04-18 12:11:58 PM,KXATPCHALLENGERMATCH-26APR18DANHYU-HYU,7,8,6,112,5,744,4,823,3,540,13,63,14,13,25,54,26,22,74,1,10.0
2026-04-18 12:11:58 PM,KXATPCHALLENGERMATCH-26APR18DANHYU-HYU,7,8,6,112,5,744,4,823,3,540,13,63,25,54,26,22,74,1,84,1,10.0
2026-04-18 12:11:58 PM,KXATPCHALLENGERMATCH-26APR18DANHYU-HYU,7,8,6,112,5,744,4,823,3,540,12,13,13,63,25,54,26,22,74,1,9.5
2026-04-18 12:11:58 PM,KXATPCHALLENGERMATCH-26APR18DANHYU-HYU,7,8,6,112,5,744,4,823,3,540,11,27,12,13,13,63,25,54,26,22,9.0
2026-04-18 12:11:58 PM,KXATPCHALLENGERMATCH-26APR18DANHYU-HYU,7,8,6,112,5,744,4,823,3,540,11,27,12,13,25,54,26,22,74,1,9.0
2026-04-18 12:11:59 PM,KXATPCHALLENGERMATCH-26APR18DANHYU-HYU,7,8,6,112,5,744,4,823,3,540,11,27,25,54,26,22,74,1,84,1,9.0
2026-04-18 12:11:59 PM,KXATPCHALLENGERMATCH-26APR18DANHYU-HYU,7,8,6,112,5,744,4,823,3,540,11,27,25,100,26,22,74,1,84,1,9.0
2026-04-18 12:11:59 PM,KXATPCHALLENGERMATCH-26APR18DANHYU-HYU,7,8,6,112,5,744,4,823,3,540,25,100,26,22,74,1,84,1,88,162,16.0
2026-04-18 12:11:59 PM,KXATPCHALLENGERMATCH-26APR18DANHYU-HYU,7,8,6,112,5,744,4,823,3,540,24,15,25,100,26,22,74,1,84,1,15.5
2026-04-18 12:11:59 PM,KXATPCHALLENGERMATCH-26APR18DANHYU-HYU,7,8,6,112,5,744,4,823,3,540,23,100,24,15,25,100,26,22,74,1,15.0
2026-04-18 12:11:59 PM,KXATPCHALLENGERMATCH-26APR18DANHYU-HYU,7,8,6,112,5,744,4,823,3,540,23,100,24,15,25,83,26,22,74,1,15.0
2026-04-18 12:12:00 PM,KXATPCHALLENGERMATCH-26APR18DANHYU-HYU,7,8,6,112,5,744,4,823,3,540,23,100,24,15,25,46,26,22,74,1,15.0
2026-04-18 12:12:00 PM,KXATPCHALLENGERMATCH-26APR18DANHYU-HYU,7,8,6,112,5,744,4,823,3,540,23,100,24,15,26,22,74,1,84,1,15.0
2026-04-18 12:12:00 PM,KXATPCHALLENGERMATCH-26APR18DANHYU-HYU,7,8,6,112,5,744,4,823,3,540,23,100,26,22,74,1,84,1,88,162,15.0
2026-04-18 12:12:00 PM,KXATPCHALLENGERMATCH-26APR18DANHYU-HYU,7,8,6,112,5,744,4,823,3,540,22,15,23,100,26,22,74,1,84,1,14.5
2026-04-18 12:12:00 PM,KXATPCHALLENGERMATCH-26APR18DANHYU-HYU,7,8,6,112,5,744,4,823,3,540,21,100,22,15,23,100,26,22,74,1,14.0
2026-04-18 12:12:00 PM,KXATPCHALLENGERMATCH-26APR18DANHYU-HYU,7,8,6,112,5,744,4,823,3,540,21,100,22,15,23,100,25,17,26,22,14.0
2026-04-18 12:12:00 PM,KXATPCHALLENGERMATCH-26APR18DANHYU-HYU,7,8,6,112,5,744,4,823,3,540,21,100,22,15,25,17,26,22,74,1,14.0
2026-04-18 12:12:00 PM,KXATPCHALLENGERMATCH-26APR18DANHYU-HYU,7,8,6,112,5,744,4,823,3,540,21,100,25,17,26,22,74,1,84,1,14.0
2026-04-18 12:12:00 PM,KXATPCHALLENGERMATCH-26APR18DANHYU-HYU,7,8,6,112,5,744,4,823,3,540,20,15,21,100,25,17,26,22,74,1,13.5
2026-04-18 12:12:00 PM,KXATPCHALLENGERMATCH-26APR18DANHYU-HYU,7,8,6,112,5,744,4,823,3,540,20,15,25,17,26,22,74,1,84,1,13.5
2026-04-18 12:12:00 PM,KXATPCHALLENGERMATCH-26APR18DANHYU-HYU,7,8,6,112,5,744,4,823,3,540,19,100,20,15,25,17,26,22,74,1,13.0
2026-04-18 12:12:01 PM,KXATPCHALLENGERMATCH-26APR18DANHYU-HYU,7,8,6,112,5,744,4,823,3,540,19,100,25,17,26,22,74,1,84,1,13.0
2026-04-18 12:12:01 PM,KXATPCHALLENGERMATCH-26APR18DANHYU-HYU,7,8,6,112,5,744,4,823,3,540,18,14,19,100,25,17,26,22,74,1,12.5
2026-04-18 12:12:01 PM,KXATPCHALLENGERMATCH-26APR18DANHYU-HYU,7,8,6,112,5,744,4,823,3,540,18,14,25,17,26,22,74,1,84,1,12.5
2026-04-18 12:12:01 PM,KXATPCHALLENGERMATCH-26APR18DANHYU-HYU,7,8,6,112,5,744,4,823,3,540,18,14,26,22,74,1,84,1,88,162,12.5
2026-04-18 12:12:01 PM,KXATPCHALLENGERMATCH-26APR18DANHYU-HYU,7,8,6,112,5,744,4,823,3,540,17,100,18,14,26,22,74,1,84,1,12.0
2026-04-18 12:12:01 PM,KXATPCHALLENGERMATCH-26APR18DANHYU-HYU,7,8,6,112,5,744,4,823,3,540,17,100,26,22,74,1,84,1,88,162,12.0
2026-04-18 12:12:01 PM,KXATPCHALLENGERMATCH-26APR18DANHYU-HYU,7,8,6,112,5,744,4,823,3,540,16,14,17,100,26,22,74,1,84,1,11.5
2026-04-18 12:12:02 PM,KXATPCHALLENGERMATCH-26APR18DANHYU-HYU,7,8,6,112,5,744,4,823,3,540,15,99,16,14,17,100,26,22,74,1,11.0
2026-04-18 12:12:02 PM,KXATPCHALLENGERMATCH-26APR18DANHYU-HYU,7,8,6,112,5,744,4,823,3,540,15,99,16,14,26,22,74,1,84,1,11.0
2026-04-18 12:12:02 PM,KXATPCHALLENGERMATCH-26APR18DANHYU-HYU,7,8,6,112,5,744,4,823,3,540,15,99,26,22,74,1,84,1,88,162,11.0
2026-04-18 12:12:02 PM,KXATPCHALLENGERMATCH-26APR18DANHYU-HYU,7,8,6,112,5,744,4,823,3,540,14,13,15,99,26,22,74,1,84,1,10.5
2026-04-18 12:12:02 PM,KXATPCHALLENGERMATCH-26APR18DANHYU-HYU,7,8,6,112,5,744,4,823,3,540,13,63,14,13,15,99,26,22,74,1,10.0
2026-04-18 12:12:02 PM,KXATPCHALLENGERMATCH-26APR18DANHYU-HYU,7,8,6,112,5,744,4,823,3,540,13,63,14,13,15,99,25,54,26,22,10.0
2026-04-18 12:12:02 PM,KXATPCHALLENGERMATCH-26APR18DANHYU-HYU,7,8,6,112,5,744,4,823,3,540,13,63,14,13,25,54,26,22,74,1,10.0
2026-04-18 12:12:02 PM,KXATPCHALLENGERMATCH-26APR18DANHYU-HYU,7,8,6,112,5,744,4,823,3,540,13,63,25,54,26,22,74,1,84,1,10.0
2026-04-18 12:12:02 PM,KXATPCHALLENGERMATCH-26APR18DANHYU-HYU,7,8,6,112,5,744,4,823,3,540,12,13,13,63,25,54,26,22,74,1,9.5
2026-04-18 12:12:03 PM,KXATPCHALLENGERMATCH-26APR18DANHYU-HYU,7,8,6,112,5,744,4,823,3,540,11,27,12,13,13,63,25,54,26,22,9.0
2026-04-18 12:12:03 PM,KXATPCHALLENGERMATCH-26APR18DANHYU-HYU,7,8,6,112,5,744,4,823,3,540,11,27,12,13,13,63,25,90,26,22,9.0
2026-04-18 12:12:03 PM,KXATPCHALLENGERMATCH-26APR18DANHYU-HYU,7,8,6,112,5,744,4,823,3,540,11,27,13,63,25,90,26,22,74,1,9.0
2026-04-18 12:12:03 PM,KXATPCHALLENGERMATCH-26APR18DANHYU-HYU,7,8,6,112,5,744,4,823,3,540,11,27,25,90,26,22,74,1,84,1,9.0
2026-04-18 12:12:03 PM,KXATPCHALLENGERMATCH-26APR18DANHYU-HYU,7,8,6,112,5,744,4,823,3,540,25,90,26,22,74,1,84,1,88,162,16.0
2026-04-18 12:12:03 PM,KXATPCHALLENGERMATCH-26APR18DANHYU-HYU,7,8,6,112,5,744,4,823,3,540,25,36,26,22,74,1,84,1,88,162,16.0
2026-04-18 12:12:03 PM,KXATPCHALLENGERMATCH-26APR18DANHYU-HYU,7,8,6,112,5,744,4,823,3,540,10,9,25,36,26,22,74,1,84,1,8.5
2026-04-18 12:12:03 PM,KXATPCHALLENGERMATCH-26APR18DANHYU-HYU,7,8,6,112,5,744,4,823,3,540,10,9,26,22,74,1,84,1,88,162,8.5
2026-04-18 12:12:03 PM,KXATPCHALLENGERMATCH-26APR18DANHYU-HYU,7,8,6,112,5,744,4,823,3,540,10,9,12,36,26,22,74,1,84,1,8.5
2026-04-18 12:12:03 PM,KXATPCHALLENGERMATCH-26APR18DANHYU-HYU,7,8,6,112,5,744,4,823,3,540,10,9,12,36,24,15,26,22,74,1,8.5
2026-04-18 12:12:03 PM,KXATPCHALLENGERMATCH-26APR18DANHYU-HYU,7,8,6,112,5,744,4,823,3,540,10,9,12,36,26,22,74,1,84,1,8.5
2026-04-18 12:12:04 PM,KXATPCHALLENGERMATCH-26APR18DANHYU-HYU,7,8,6,112,5,744,4,823,3,540,12,36,26,22,74,1,84,1,89,1,9.5
2026-04-18 12:12:04 PM,KXATPCHALLENGERMATCH-26APR18DANHYU-HYU,7,8,6,112,5,744,4,823,3,540,26,22,74,1,84,1,89,1,94,365,16.5
2026-04-18 12:12:04 PM,KXATPCHALLENGERMATCH-26APR18DANHYU-HYU,7,8,6,112,5,744,4,823,3,540,25,100,26,22,74,1,84,1,89,1,16.0
2026-04-18 12:12:04 PM,KXATPCHALLENGERMATCH-26APR18DANHYU-HYU,7,8,6,112,5,744,4,823,3,540,25,100,26,22,73,17,74,1,84,1,16.0
2026-04-18 12:12:04 PM,KXATPCHALLENGERMATCH-26APR18DANHYU-HYU,7,8,6,112,5,744,4,823,3,540,24,15,25,100,26,22,73,17,74,1,15.5
2026-04-18 12:12:04 PM,KXATPCHALLENGERMATCH-26APR18DANHYU-HYU,7,8,6,112,5,744,4,823,3,540,23,100,24,15,25,100,26,22,73,17,15.0
2026-04-18 12:12:04 PM,KXATPCHALLENGERMATCH-26APR18DANHYU-HYU,7,8,6,112,5,744,4,823,3,540,23,100,24,15,25,100,26,22,74,1,15.0
2026-04-18 12:12:04 PM,KXATPCHALLENGERMATCH-26APR18DANHYU-HYU,7,8,6,112,5,744,4,823,3,540,23,100,24,15,26,22,74,1,83,57,15.0
2026-04-18 12:12:04 PM,KXATPCHALLENGERMATCH-26APR18DANHYU-HYU,7,8,6,112,5,744,4,823,3,540,23,100,26,22,74,1,83,57,84,1,15.0
2026-04-18 12:12:04 PM,KXATPCHALLENGERMATCH-26APR18DANHYU-HYU,7,8,6,112,5,744,4,823,3,540,22,15,23,100,26,22,74,1,83,57,14.5
2026-04-18 12:12:05 PM,KXATPCHALLENGERMATCH-26APR18DANHYU-HYU,7,8,6,112,5,744,4,823,3,540,21,100,22,15,23,100,26,22,74,1,14.0
2026-04-18 12:12:05 PM,KXATPCHALLENGERMATCH-26APR18DANHYU-HYU,7,8,6,112,5,744,4,823,3,540,21,100,22,15,23,100,25,17,26,22,14.0
2026-04-18 12:12:05 PM,KXATPCHALLENGERMATCH-26APR18DANHYU-HYU,7,8,6,112,5,744,4,823,3,540,21,100,22,15,25,17,26,22,74,1,14.0
2026-04-18 12:12:05 PM,KXATPCHALLENGERMATCH-26APR18DANHYU-HYU,7,8,6,112,5,744,4,823,3,540,21,100,25,17,26,22,74,1,83,57,14.0
2026-04-18 12:12:05 PM,KXATPCHALLENGERMATCH-26APR18DANHYU-HYU,7,8,6,112,5,744,4,823,3,540,20,15,21,100,25,17,26,22,74,1,13.5
2026-04-18 12:12:05 PM,KXATPCHALLENGERMATCH-26APR18DANHYU-HYU,7,8,6,112,5,744,4,823,3,540,19,100,20,15,21,100,25,17,26,22,13.0
2026-04-18 12:12:05 PM,KXATPCHALLENGERMATCH-26APR18DANHYU-HYU,7,8,6,112,5,744,4,823,3,540,19,100,20,15,25,17,26,22,74,1,13.0
2026-04-18 12:12:05 PM,KXATPCHALLENGERMATCH-26APR18DANHYU-HYU,7,8,6,112,5,744,4,823,3,540,19,100,25,17,26,22,74,1,83,57,13.0
2026-04-18 12:12:05 PM,KXATPCHALLENGERMATCH-26APR18DANHYU-HYU,7,8,6,112,5,744,4,823,3,540,18,14,19,100,25,17,26,22,74,1,12.5
2026-04-18 12:12:06 PM,KXATPCHALLENGERMATCH-26APR18DANHYU-HYU,7,8,6,112,5,744,4,823,3,540,18,14,25,17,26,22,74,1,83,57,12.5
2026-04-18 12:12:06 PM,KXATPCHALLENGERMATCH-26APR18DANHYU-HYU,7,8,6,112,5,744,4,823,3,540,17,100,18,14,25,17,26,22,74,1,12.0
2026-04-18 12:12:06 PM,KXATPCHALLENGERMATCH-26APR18DANHYU-HYU,7,8,6,112,5,744,4,823,3,540,17,100,25,17,26,22,74,1,83,57,12.0
2026-04-18 12:12:06 PM,KXATPCHALLENGERMATCH-26APR18DANHYU-HYU,7,8,6,112,5,744,4,823,3,540,16,14,17,100,25,17,26,22,74,1,11.5
2026-04-18 12:12:06 PM,KXATPCHALLENGERMATCH-26APR18DANHYU-HYU,7,8,6,112,5,744,4,823,3,540,15,99,16,14,17,100,25,17,26,22,11.0
2026-04-18 12:12:06 PM,KXATPCHALLENGERMATCH-26APR18DANHYU-HYU,7,8,6,112,5,744,4,823,3,540,15,99,16,14,25,17,26,22,74,1,11.0
2026-04-18 12:12:06 PM,KXATPCHALLENGERMATCH-26APR18DANHYU-HYU,7,8,6,112,5,744,4,823,3,540,15,99,25,17,26,22,74,1,83,57,11.0
2026-04-18 12:12:06 PM,KXATPCHALLENGERMATCH-26APR18DANHYU-HYU,7,8,6,112,5,744,4,823,3,540,14,13,15,99,25,17,26,22,74,1,10.5
2026-04-18 12:12:07 PM,KXATPCHALLENGERMATCH-26APR18DANHYU-HYU,7,8,6,112,5,744,4,823,3,540,14,13,25,17,26,22,74,1,83,57,10.5
2026-04-18 12:12:07 PM,KXATPCHALLENGERMATCH-26APR18DANHYU-HYU,7,8,6,112,5,744,4,823,3,540,13,63,14,13,25,17,26,22,74,1,10.0
2026-04-18 12:12:07 PM,KXATPCHALLENGERMATCH-26APR18DANHYU-HYU,7,8,6,112,5,744,4,823,3,540,13,63,25,17,26,22,74,1,83,57,10.0
2026-04-18 12:12:07 PM,KXATPCHALLENGERMATCH-26APR18DANHYU-HYU,7,8,6,112,5,744,4,823,3,540,12,13,13,63,25,17,26,22,74,1,9.5
2026-04-18 12:12:07 PM,KXATPCHALLENGERMATCH-26APR18DANHYU-HYU,7,8,6,112,5,744,4,823,3,540,12,13,25,17,26,22,74,1,83,57,9.5
2026-04-18 12:12:07 PM,KXATPCHALLENGERMATCH-26APR18DANHYU-HYU,7,8,6,112,5,744,4,823,3,540,11,27,12,13,25,17,26,22,74,1,9.0
