ts_et,ticker,bid_1,bid_1_sz,bid_2,bid_2_sz,bid_3,bid_3_sz,bid_4,bid_4_sz,bid_5,bid_5_sz,ask_1,ask_1_sz,ask_2,ask_2_sz,ask_3,ask_3_sz,ask_4,ask_4_sz,ask_5,ask_5_sz,mid
2026-04-17 09:43:06 PM,KXATPCHALLENGERMATCH-26APR17HOLBRO-HOL,15,12352,14,10194,13,2700,12,19826,11,4060,16,53,17,2491,18,68584,19,2275,20,2173,15.5
2026-04-17 09:44:01 PM,KXATPCHALLENGERMATCH-26APR17HOLBRO-HOL,15,12329,14,10194,13,2700,12,19826,11,4060,16,53,17,2491,18,68584,19,2275,20,2173,15.5
2026-04-17 09:44:05 PM,KXATPCHALLENGERMATCH-26APR17HOLBRO-HOL,15,12257,14,10194,13,2700,12,19826,11,4060,16,53,17,2491,18,68584,19,2275,20,2173,15.5
2026-04-17 09:44:14 PM,KXATPCHALLENGERMATCH-26APR17HOLBRO-HOL,15,12257,14,10194,13,2700,12,19826,11,4060,16,179,17,2491,18,68584,19,2275,20,2173,15.5
2026-04-17 09:44:14 PM,KXATPCHALLENGERMATCH-26APR17HOLBRO-HOL,15,12282,14,10194,13,2700,12,19826,11,4060,16,179,17,2491,18,68584,19,2275,20,2173,15.5
2026-04-17 09:44:16 PM,KXATPCHALLENGERMATCH-26APR17HOLBRO-HOL,15,12282,14,10194,13,2700,12,19826,11,4060,16,179,17,2320,18,68584,19,2275,20,2173,15.5
2026-04-17 09:44:16 PM,KXATPCHALLENGERMATCH-26APR17HOLBRO-HOL,15,12282,14,8143,13,2700,12,19826,11,4060,16,179,17,2320,18,68584,19,2275,20,2173,15.5
2026-04-17 09:44:20 PM,KXATPCHALLENGERMATCH-26APR17HOLBRO-HOL,15,12282,14,10072,13,2700,12,19826,11,4060,16,179,17,2320,18,68584,19,2275,20,2173,15.5
2026-04-17 09:44:23 PM,KXATPCHALLENGERMATCH-26APR17HOLBRO-HOL,15,12282,14,10072,13,2700,12,19826,11,4060,16,179,17,2493,18,68584,19,2275,20,2173,15.5
2026-04-17 09:44:50 PM,KXATPCHALLENGERMATCH-26APR17HOLBRO-HOL,15,12282,14,10072,13,2700,12,19826,11,4060,16,179,17,2493,18,68465,19,2275,20,2173,15.5
2026-04-17 09:45:01 PM,KXATPCHALLENGERMATCH-26APR17HOLBRO-HOL,15,12282,14,10072,13,3700,12,19826,11,4060,16,179,17,2493,18,68465,19,2275,20,2173,15.5
2026-04-17 09:45:01 PM,KXATPCHALLENGERMATCH-26APR17HOLBRO-HOL,15,12282,14,10072,13,3700,12,20826,11,4060,16,179,17,2493,18,68465,19,2275,20,2173,15.5
2026-04-17 09:45:33 PM,KXATPCHALLENGERMATCH-26APR17HOLBRO-HOL,15,12282,14,10072,13,3700,12,20826,11,4060,16,161,17,2493,18,68465,19,2275,20,2173,15.5
2026-04-17 09:45:33 PM,KXATPCHALLENGERMATCH-26APR17HOLBRO-HOL,15,12282,14,10072,13,3700,12,20826,11,4060,16,126,17,2493,18,68465,19,2275,20,2173,15.5
2026-04-17 09:45:33 PM,KXATPCHALLENGERMATCH-26APR17HOLBRO-HOL,15,12282,14,10072,13,3700,12,20826,11,4060,17,2493,18,68465,19,2275,20,2173,21,1662,16.0
2026-04-17 09:45:33 PM,KXATPCHALLENGERMATCH-26APR17HOLBRO-HOL,15,12282,14,10072,13,3700,12,20826,11,4060,17,2329,18,68465,19,2275,20,2173,21,1662,16.0
2026-04-17 09:45:33 PM,KXATPCHALLENGERMATCH-26APR17HOLBRO-HOL,15,12282,14,10072,13,3700,12,20826,11,4060,17,2329,18,68465,19,2275,20,2137,21,1662,16.0
2026-04-17 09:45:33 PM,KXATPCHALLENGERMATCH-26APR17HOLBRO-HOL,15,12257,14,10072,13,3700,12,20826,11,4060,17,2329,18,68465,19,2275,20,2137,21,1662,16.0
2026-04-17 09:45:33 PM,KXATPCHALLENGERMATCH-26APR17HOLBRO-HOL,15,12257,14,10072,13,3700,12,20826,11,4060,17,2329,18,68465,19,2275,20,2137,21,1699,16.0
2026-04-17 09:45:33 PM,KXATPCHALLENGERMATCH-26APR17HOLBRO-HOL,15,12292,14,10072,13,3700,12,20826,11,4060,17,2329,18,68465,19,2275,20,2137,21,1699,16.0
2026-04-17 09:45:46 PM,KXATPCHALLENGERMATCH-26APR17HOLBRO-HOL,15,12292,14,10072,13,3700,12,20826,11,4060,17,2274,18,68465,19,2275,20,2137,21,1699,16.0
2026-04-17 09:46:27 PM,KXATPCHALLENGERMATCH-26APR17HOLBRO-HOL,15,12292,14,10072,13,3700,12,20826,11,4060,17,2247,18,68465,19,2275,20,2137,21,1699,16.0
2026-04-17 09:46:43 PM,KXATPCHALLENGERMATCH-26APR17HOLBRO-HOL,15,12292,14,10072,13,3700,12,20826,11,4060,17,2375,18,68465,19,2275,20,2137,21,1699,16.0
2026-04-17 09:46:48 PM,KXATPCHALLENGERMATCH-26APR17HOLBRO-HOL,15,12279,14,10072,13,3700,12,20826,11,4060,17,2375,18,68465,19,2275,20,2137,21,1699,16.0
2026-04-17 09:47:02 PM,KXATPCHALLENGERMATCH-26APR17HOLBRO-HOL,15,11174,14,10072,13,3700,12,20826,11,4060,17,2375,18,68465,19,2275,20,2137,21,1699,16.0
2026-04-17 09:47:07 PM,KXATPCHALLENGERMATCH-26APR17HOLBRO-HOL,15,12100,14,10072,13,3700,12,20826,11,4060,17,2375,18,68465,19,2275,20,2137,21,1699,16.0
2026-04-17 09:47:07 PM,KXATPCHALLENGERMATCH-26APR17HOLBRO-HOL,15,12100,14,10072,13,3700,12,20826,11,4060,17,2496,18,68465,19,2275,20,2137,21,1699,16.0
2026-04-17 09:47:31 PM,KXATPCHALLENGERMATCH-26APR17HOLBRO-HOL,15,12125,14,10072,13,3700,12,20826,11,4060,17,2496,18,68465,19,2275,20,2137,21,1699,16.0
2026-04-17 09:47:33 PM,KXATPCHALLENGERMATCH-26APR17HOLBRO-HOL,15,12125,14,10072,13,3700,12,20826,11,4060,17,2485,18,68465,19,2275,20,2137,21,1699,16.0
2026-04-17 09:47:33 PM,KXATPCHALLENGERMATCH-26APR17HOLBRO-HOL,15,12381,14,10072,13,3700,12,20826,11,4060,17,2485,18,68465,19,2275,20,2137,21,1699,16.0
2026-04-17 09:47:33 PM,KXATPCHALLENGERMATCH-26APR17HOLBRO-HOL,15,12356,14,10072,13,3700,12,20826,11,4060,17,2485,18,68465,19,2275,20,2137,21,1699,16.0
2026-04-17 09:47:45 PM,KXATPCHALLENGERMATCH-26APR17HOLBRO-HOL,15,11174,14,10072,13,3700,12,20826,11,4060,17,2485,18,68465,19,2275,20,2137,21,1699,16.0
2026-04-17 09:47:49 PM,KXATPCHALLENGERMATCH-26APR17HOLBRO-HOL,15,12067,14,10072,13,3700,12,20826,11,4060,17,2485,18,68465,19,2275,20,2137,21,1699,16.0
2026-04-17 09:48:14 PM,KXATPCHALLENGERMATCH-26APR17HOLBRO-HOL,15,12067,14,10072,13,3700,12,20826,11,4060,17,2063,18,68465,19,2275,20,2137,21,1699,16.0
2026-04-17 09:48:20 PM,KXATPCHALLENGERMATCH-26APR17HOLBRO-HOL,15,12067,14,10072,13,3700,12,20826,11,4060,16,2,17,2063,18,68465,19,2275,20,2137,15.5
2026-04-17 09:48:29 PM,KXATPCHALLENGERMATCH-26APR17HOLBRO-HOL,15,12067,14,10072,13,3700,12,20826,11,4060,17,2063,18,68465,19,2275,20,2137,21,1699,16.0
2026-04-17 09:49:19 PM,KXATPCHALLENGERMATCH-26APR17HOLBRO-HOL,15,12067,14,10072,13,3700,12,20826,11,4060,17,2429,18,68465,19,2275,20,2137,21,1699,16.0
2026-04-17 09:49:19 PM,KXATPCHALLENGERMATCH-26APR17HOLBRO-HOL,15,12067,14,8143,13,3700,12,20826,11,4060,17,2429,18,68465,19,2275,20,2137,21,1699,16.0
2026-04-17 09:49:25 PM,KXATPCHALLENGERMATCH-26APR17HOLBRO-HOL,15,12067,14,8143,13,3700,12,20826,11,4060,17,2324,18,68465,19,2275,20,2137,21,1699,16.0
2026-04-17 09:49:25 PM,KXATPCHALLENGERMATCH-26APR17HOLBRO-HOL,15,12067,14,8143,13,3700,12,20826,11,4060,17,2445,18,68465,19,2275,20,2137,21,1699,16.0
2026-04-17 09:49:25 PM,KXATPCHALLENGERMATCH-26APR17HOLBRO-HOL,15,12067,14,9993,13,3700,12,20826,11,4060,17,2445,18,68465,19,2275,20,2137,21,1699,16.0
2026-04-17 09:49:25 PM,KXATPCHALLENGERMATCH-26APR17HOLBRO-HOL,15,12455,14,9993,13,3700,12,20826,11,4060,17,2445,18,68465,19,2275,20,2137,21,1699,16.0
2026-04-17 09:49:25 PM,KXATPCHALLENGERMATCH-26APR17HOLBRO-HOL,16,25,15,12455,14,9993,13,3700,12,20826,17,2445,18,68465,19,2275,20,2137,21,1699,16.5
2026-04-17 09:49:25 PM,KXATPCHALLENGERMATCH-26APR17HOLBRO-HOL,16,25,15,12455,14,9993,13,3700,12,20826,17,2444,18,68465,19,2275,20,2137,21,1699,16.5
2026-04-17 09:49:25 PM,KXATPCHALLENGERMATCH-26APR17HOLBRO-HOL,16,25,15,12455,14,9993,13,3700,12,20826,17,2444,18,68466,19,2275,20,2137,21,1699,16.5
2026-04-17 09:49:27 PM,KXATPCHALLENGERMATCH-26APR17HOLBRO-HOL,15,12455,14,9993,13,3700,12,20826,11,4060,17,2444,18,68466,19,2275,20,2137,21,1699,16.0
2026-04-17 09:49:53 PM,KXATPCHALLENGERMATCH-26APR17HOLBRO-HOL,15,12371,14,9993,13,3700,12,20826,11,4060,17,2444,18,68466,19,2275,20,2137,21,1699,16.0
2026-04-17 09:49:53 PM,KXATPCHALLENGERMATCH-26APR17HOLBRO-HOL,16,25,15,12371,14,9993,13,3700,12,20826,17,2444,18,68466,19,2275,20,2137,21,1699,16.5
2026-04-17 09:49:53 PM,KXATPCHALLENGERMATCH-26APR17HOLBRO-HOL,15,12371,14,9993,13,3700,12,20826,11,4060,17,2444,18,68466,19,2275,20,2137,21,1699,16.0
2026-04-17 09:50:27 PM,KXATPCHALLENGERMATCH-26APR17HOLBRO-HOL,15,12396,14,9993,13,3700,12,20826,11,4060,17,2444,18,68466,19,2275,20,2137,21,1699,16.0
2026-04-17 09:51:15 PM,KXATPCHALLENGERMATCH-26APR17HOLBRO-HOL,15,12396,14,9993,13,3700,12,20826,11,4060,17,2444,18,68465,19,2275,20,2137,21,1699,16.0
2026-04-17 09:51:15 PM,KXATPCHALLENGERMATCH-26APR17HOLBRO-HOL,15,12396,14,9993,13,3700,12,20826,11,4060,17,2445,18,68465,19,2275,20,2137,21,1699,16.0
2026-04-17 09:51:28 PM,KXATPCHALLENGERMATCH-26APR17HOLBRO-HOL,15,12190,14,9993,13,3700,12,20826,11,4060,17,2445,18,68465,19,2275,20,2137,21,1699,16.0
2026-04-17 09:52:49 PM,KXATPCHALLENGERMATCH-26APR17HOLBRO-HOL,15,12190,14,9993,13,3700,12,20826,11,4060,17,2445,18,68465,19,1801,20,2137,21,1699,16.0
2026-04-17 09:53:03 PM,KXATPCHALLENGERMATCH-26APR17HOLBRO-HOL,15,12190,14,9993,13,3700,12,20826,11,4060,17,2444,18,68465,19,1801,20,2137,21,1699,16.0
2026-04-17 09:53:03 PM,KXATPCHALLENGERMATCH-26APR17HOLBRO-HOL,15,12190,14,9993,13,3700,12,20826,11,4060,17,2444,18,68466,19,1801,20,2137,21,1699,16.0
2026-04-17 09:53:13 PM,KXATPCHALLENGERMATCH-26APR17HOLBRO-HOL,15,12185,14,9993,13,3700,12,20826,11,4060,17,2444,18,68466,19,1801,20,2137,21,1699,16.0
2026-04-17 09:53:28 PM,KXATPCHALLENGERMATCH-26APR17HOLBRO-HOL,15,12185,14,9993,13,3700,12,20826,11,4060,17,2439,18,68466,19,1801,20,2137,21,1699,16.0
2026-04-17 09:53:28 PM,KXATPCHALLENGERMATCH-26APR17HOLBRO-HOL,15,10904,14,9993,13,3700,12,20826,11,4060,17,2439,18,68466,19,1801,20,2137,21,1699,16.0
2026-04-17 09:53:28 PM,KXATPCHALLENGERMATCH-26APR17HOLBRO-HOL,15,10904,14,9993,13,3700,12,20826,11,4060,17,2439,18,68556,19,1801,20,2137,21,1699,16.0
2026-04-17 09:53:32 PM,KXATPCHALLENGERMATCH-26APR17HOLBRO-HOL,15,12109,14,9993,13,3700,12,20826,11,4060,17,2439,18,68556,19,1801,20,2137,21,1699,16.0
2026-04-17 09:53:34 PM,KXATPCHALLENGERMATCH-26APR17HOLBRO-HOL,15,12109,14,9993,13,3700,12,20826,11,4060,17,2091,18,68556,19,1801,20,2137,21,1699,16.0
2026-04-17 09:53:34 PM,KXATPCHALLENGERMATCH-26APR17HOLBRO-HOL,15,12109,14,9993,13,3700,12,20826,11,4060,17,591,18,68556,19,1801,20,2137,21,1699,16.0
2026-04-17 09:53:34 PM,KXATPCHALLENGERMATCH-26APR17HOLBRO-HOL,15,12109,14,9993,13,3700,12,20826,11,4060,17,489,18,68556,19,1801,20,2137,21,1699,16.0
2026-04-17 09:53:34 PM,KXATPCHALLENGERMATCH-26APR17HOLBRO-HOL,15,12109,14,9993,13,3700,12,20826,11,4060,17,2,18,68556,19,1801,20,2137,21,1699,16.0
2026-04-17 09:53:34 PM,KXATPCHALLENGERMATCH-26APR17HOLBRO-HOL,15,12109,14,9993,13,3700,12,20826,11,4060,17,2,18,68233,19,1801,20,2137,21,1699,16.0
2026-04-17 09:53:34 PM,KXATPCHALLENGERMATCH-26APR17HOLBRO-HOL,15,12109,14,10143,13,3700,12,20826,11,4060,17,2,18,68233,19,1801,20,2137,21,1699,16.0
2026-04-17 09:53:34 PM,KXATPCHALLENGERMATCH-26APR17HOLBRO-HOL,15,12109,14,10143,13,3700,12,20826,11,4060,17,2,18,68273,19,1801,20,2137,21,1699,16.0
2026-04-17 09:53:34 PM,KXATPCHALLENGERMATCH-26APR17HOLBRO-HOL,15,12616,14,10143,13,3700,12,20826,11,4060,17,2,18,68273,19,1801,20,2137,21,1699,16.0
2026-04-17 09:53:34 PM,KXATPCHALLENGERMATCH-26APR17HOLBRO-HOL,15,12591,14,10143,13,3700,12,20826,11,4060,17,2,18,68273,19,1801,20,2137,21,1699,16.0
2026-04-17 09:53:38 PM,KXATPCHALLENGERMATCH-26APR17HOLBRO-HOL,15,12591,14,10143,13,3700,12,20826,11,4060,17,2,18,68247,19,1801,20,2137,21,1699,16.0
2026-04-17 09:53:38 PM,KXATPCHALLENGERMATCH-26APR17HOLBRO-HOL,15,12591,14,10143,13,3700,12,20826,11,4060,17,2,18,69747,19,1801,20,2137,21,1699,16.0
2026-04-17 09:53:42 PM,KXATPCHALLENGERMATCH-26APR17HOLBRO-HOL,15,12591,14,10143,13,3700,12,20826,11,4060,17,2,18,69747,19,2259,20,2137,21,1699,16.0
2026-04-17 09:53:42 PM,KXATPCHALLENGERMATCH-26APR17HOLBRO-HOL,15,12591,14,10143,13,3700,12,20826,11,4060,17,2,18,69428,19,2259,20,2137,21,1699,16.0
2026-04-17 09:53:42 PM,KXATPCHALLENGERMATCH-26APR17HOLBRO-HOL,15,12591,14,10143,13,3700,12,20826,11,4060,17,2,18,69338,19,2259,20,2137,21,1699,16.0
2026-04-17 09:53:42 PM,KXATPCHALLENGERMATCH-26APR17HOLBRO-HOL,15,12591,14,10143,13,3700,12,20826,11,4060,17,2,18,69248,19,2259,20,2137,21,1699,16.0
2026-04-17 09:53:47 PM,KXATPCHALLENGERMATCH-26APR17HOLBRO-HOL,15,12591,14,10143,13,3700,12,20826,11,4000,17,2,18,69248,19,2259,20,2137,21,1699,16.0
2026-04-17 09:54:18 PM,KXATPCHALLENGERMATCH-26APR17HOLBRO-HOL,15,12591,14,10143,13,3700,12,20826,11,4000,17,2,18,69247,19,2259,20,2137,21,1699,16.0
2026-04-17 09:54:18 PM,KXATPCHALLENGERMATCH-26APR17HOLBRO-HOL,15,12591,14,10143,13,3700,12,20826,11,4000,17,3,18,69247,19,2259,20,2137,21,1699,16.0
2026-04-17 09:54:32 PM,KXATPCHALLENGERMATCH-26APR17HOLBRO-HOL,15,12591,14,10143,13,3700,12,20826,11,4000,17,2,18,69247,19,2259,20,2137,21,1699,16.0
2026-04-17 09:54:32 PM,KXATPCHALLENGERMATCH-26APR17HOLBRO-HOL,15,12591,14,10143,13,3700,12,20826,11,4000,17,2,18,68723,19,2259,20,2137,21,1699,16.0
2026-04-17 09:54:36 PM,KXATPCHALLENGERMATCH-26APR17HOLBRO-HOL,15,12591,14,10143,13,3700,12,20826,11,4000,17,3,18,68723,19,2259,20,2137,21,1699,16.0
2026-04-17 09:54:36 PM,KXATPCHALLENGERMATCH-26APR17HOLBRO-HOL,15,12591,14,10143,13,3700,12,20826,11,4000,17,151,18,68723,19,2259,20,2137,21,1699,16.0
2026-04-17 09:54:36 PM,KXATPCHALLENGERMATCH-26APR17HOLBRO-HOL,15,12591,14,10143,13,3700,12,20826,11,4000,17,151,18,68723,19,1801,20,2137,21,1699,16.0
2026-04-17 09:54:36 PM,KXATPCHALLENGERMATCH-26APR17HOLBRO-HOL,15,12591,14,10143,13,3700,12,20826,11,4000,17,624,18,68723,19,1801,20,2137,21,1699,16.0
2026-04-17 09:54:36 PM,KXATPCHALLENGERMATCH-26APR17HOLBRO-HOL,15,12591,14,10143,13,3700,12,20826,11,4000,17,624,18,68683,19,1801,20,2137,21,1699,16.0
2026-04-17 09:54:36 PM,KXATPCHALLENGERMATCH-26APR17HOLBRO-HOL,15,12591,14,10143,13,3700,12,20826,11,4000,17,664,18,68683,19,1801,20,2137,21,1699,16.0
2026-04-17 09:54:46 PM,KXATPCHALLENGERMATCH-26APR17HOLBRO-HOL,15,12480,14,10143,13,3700,12,20826,11,4000,17,664,18,68683,19,1801,20,2137,21,1699,16.0
2026-04-17 09:54:46 PM,KXATPCHALLENGERMATCH-26APR17HOLBRO-HOL,15,12505,14,10143,13,3700,12,20826,11,4000,17,664,18,68683,19,1801,20,2137,21,1699,16.0
2026-04-17 09:54:46 PM,KXATPCHALLENGERMATCH-26APR17HOLBRO-HOL,15,12480,14,10143,13,3700,12,20826,11,4000,17,664,18,68683,19,1801,20,2137,21,1699,16.0
2026-04-17 09:54:46 PM,KXATPCHALLENGERMATCH-26APR17HOLBRO-HOL,16,25,15,12480,14,10143,13,3700,12,20826,17,664,18,68683,19,1801,20,2137,21,1699,16.5
2026-04-17 09:54:47 PM,KXATPCHALLENGERMATCH-26APR17HOLBRO-HOL,16,25,15,12480,14,10143,13,3700,12,20826,17,663,18,68683,19,1801,20,2137,21,1699,16.5
2026-04-17 09:54:47 PM,KXATPCHALLENGERMATCH-26APR17HOLBRO-HOL,16,25,15,12480,14,10143,13,3700,12,20826,17,663,18,68684,19,1801,20,2137,21,1699,16.5
2026-04-17 09:54:48 PM,KXATPCHALLENGERMATCH-26APR17HOLBRO-HOL,16,25,15,12480,14,10143,13,3700,12,19826,17,663,18,68684,19,1801,20,2137,21,1699,16.5
2026-04-17 09:54:48 PM,KXATPCHALLENGERMATCH-26APR17HOLBRO-HOL,15,12480,14,10143,13,3700,12,19826,11,4000,17,663,18,68684,19,1801,20,2137,21,1699,16.0
2026-04-17 09:54:50 PM,KXATPCHALLENGERMATCH-26APR17HOLBRO-HOL,15,12480,14,10143,13,3700,12,19826,11,4000,17,623,18,68684,19,1801,20,2137,21,1699,16.0
2026-04-17 09:54:50 PM,KXATPCHALLENGERMATCH-26APR17HOLBRO-HOL,15,12505,14,10143,13,3700,12,19826,11,4000,17,623,18,68684,19,1801,20,2137,21,1699,16.0
2026-04-17 09:54:54 PM,KXATPCHALLENGERMATCH-26APR17HOLBRO-HOL,15,12505,14,10143,13,3700,12,20826,11,4000,17,623,18,68684,19,1801,20,2137,21,1699,16.0
2026-04-17 09:55:13 PM,KXATPCHALLENGERMATCH-26APR17HOLBRO-HOL,15,12505,14,10143,13,3700,12,20826,11,4000,17,623,18,68683,19,1801,20,2137,21,1699,16.0
2026-04-17 09:55:13 PM,KXATPCHALLENGERMATCH-26APR17HOLBRO-HOL,15,12505,14,10143,13,3700,12,20826,11,4000,17,624,18,68683,19,1801,20,2137,21,1699,16.0
2026-04-17 09:55:24 PM,KXATPCHALLENGERMATCH-26APR17HOLBRO-HOL,15,12505,14,10143,13,3700,12,20826,11,4000,17,613,18,68683,19,1801,20,2137,21,1699,16.0
2026-04-17 09:55:24 PM,KXATPCHALLENGERMATCH-26APR17HOLBRO-HOL,15,12480,14,10143,13,3700,12,20826,11,4000,17,613,18,68683,19,1801,20,2137,21,1699,16.0
2026-04-17 09:55:24 PM,KXATPCHALLENGERMATCH-26APR17HOLBRO-HOL,16,25,15,12480,14,10143,13,3700,12,20826,17,613,18,68683,19,1801,20,2137,21,1699,16.5
2026-04-17 09:55:24 PM,KXATPCHALLENGERMATCH-26APR17HOLBRO-HOL,16,25,15,12480,14,10143,13,3700,12,20826,17,612,18,68683,19,1801,20,2137,21,1699,16.5
2026-04-17 09:55:24 PM,KXATPCHALLENGERMATCH-26APR17HOLBRO-HOL,16,25,15,12480,14,10143,13,3700,12,20826,17,612,18,68684,19,1801,20,2137,21,1699,16.5
2026-04-17 09:55:25 PM,KXATPCHALLENGERMATCH-26APR17HOLBRO-HOL,16,25,15,12480,14,10143,13,3700,12,19826,17,612,18,68684,19,1801,20,2137,21,1699,16.5
2026-04-17 09:55:25 PM,KXATPCHALLENGERMATCH-26APR17HOLBRO-HOL,15,12480,14,10143,13,3700,12,19826,11,4000,17,612,18,68684,19,1801,20,2137,21,1699,16.0
2026-04-17 09:55:31 PM,KXATPCHALLENGERMATCH-26APR17HOLBRO-HOL,15,12480,14,10143,13,3700,12,20826,11,4000,17,612,18,68684,19,1801,20,2137,21,1699,16.0
2026-04-17 09:55:34 PM,KXATPCHALLENGERMATCH-26APR17HOLBRO-HOL,15,12480,14,10143,13,3700,12,20826,11,4000,17,475,18,68684,19,1801,20,2137,21,1699,16.0
2026-04-17 09:55:34 PM,KXATPCHALLENGERMATCH-26APR17HOLBRO-HOL,15,12480,14,10143,13,3700,12,20826,11,4000,17,2,18,68684,19,1801,20,2137,21,1699,16.0
2026-04-17 09:55:34 PM,KXATPCHALLENGERMATCH-26APR17HOLBRO-HOL,15,12480,14,10143,13,3700,12,20826,11,4000,17,2,18,68684,19,2259,20,2137,21,1699,16.0
2026-04-17 09:55:48 PM,KXATPCHALLENGERMATCH-26APR17HOLBRO-HOL,15,12480,14,10143,13,3700,12,20826,11,4000,17,2,18,68396,19,2259,20,2137,21,1699,16.0
2026-04-17 09:55:50 PM,KXATPCHALLENGERMATCH-26APR17HOLBRO-HOL,15,12380,14,10143,13,3700,12,20826,11,4000,17,2,18,68396,19,2259,20,2137,21,1699,16.0
2026-04-17 09:55:56 PM,KXATPCHALLENGERMATCH-26APR17HOLBRO-HOL,15,12380,14,10143,13,3700,12,20826,11,4000,17,2,18,68377,19,2259,20,2137,21,1699,16.0
2026-04-17 09:56:21 PM,KXATPCHALLENGERMATCH-26APR17HOLBRO-HOL,15,12380,14,10143,13,3700,12,18826,11,4000,17,2,18,68377,19,2259,20,2137,21,1699,16.0
2026-04-17 09:56:21 PM,KXATPCHALLENGERMATCH-26APR17HOLBRO-HOL,15,12380,14,10143,13,3700,12,18826,11,4000,17,2,18,68376,19,2259,20,2137,21,1699,16.0
2026-04-17 09:56:21 PM,KXATPCHALLENGERMATCH-26APR17HOLBRO-HOL,15,12380,14,10143,13,3700,12,18826,11,4000,17,3,18,68376,19,2259,20,2137,21,1699,16.0
2026-04-17 09:56:21 PM,KXATPCHALLENGERMATCH-26APR17HOLBRO-HOL,15,12380,14,10143,13,3700,12,18826,11,4000,17,151,18,68376,19,2259,20,2137,21,1699,16.0
2026-04-17 09:56:21 PM,KXATPCHALLENGERMATCH-26APR17HOLBRO-HOL,15,12380,14,10143,13,3700,12,18826,11,4000,17,151,18,68376,19,1801,20,2137,21,1699,16.0
2026-04-17 09:56:21 PM,KXATPCHALLENGERMATCH-26APR17HOLBRO-HOL,15,12380,14,10143,13,3700,12,18826,11,4000,17,624,18,68376,19,1801,20,2137,21,1699,16.0
2026-04-17 09:56:21 PM,KXATPCHALLENGERMATCH-26APR17HOLBRO-HOL,15,12405,14,10143,13,3700,12,18826,11,4000,17,624,18,68376,19,1801,20,2137,21,1699,16.0
2026-04-17 09:56:21 PM,KXATPCHALLENGERMATCH-26APR17HOLBRO-HOL,15,12405,14,10143,13,3700,12,18826,11,4000,17,624,18,66376,19,1801,20,2137,21,1699,16.0
2026-04-17 09:56:21 PM,KXATPCHALLENGERMATCH-26APR17HOLBRO-HOL,15,12405,14,10143,13,1700,12,18826,11,4000,17,624,18,66376,19,1801,20,2137,21,1699,16.0
2026-04-17 09:56:29 PM,KXATPCHALLENGERMATCH-26APR17HOLBRO-HOL,15,12405,14,10143,13,1700,12,18826,11,4000,17,623,18,66376,19,1801,20,2137,21,1699,16.0
2026-04-17 09:56:29 PM,KXATPCHALLENGERMATCH-26APR17HOLBRO-HOL,15,12405,14,10143,13,1700,12,18826,11,4000,17,598,18,66376,19,1801,20,2137,21,1699,16.0
2026-04-17 09:56:29 PM,KXATPCHALLENGERMATCH-26APR17HOLBRO-HOL,15,12380,14,10143,13,1700,12,18826,11,4000,17,598,18,66376,19,1801,20,2137,21,1699,16.0
2026-04-17 09:56:31 PM,KXATPCHALLENGERMATCH-26APR17HOLBRO-HOL,15,12380,14,10143,13,1700,12,18826,11,4000,16,422,17,598,18,66376,19,1801,20,2137,15.5
2026-04-17 09:56:31 PM,KXATPCHALLENGERMATCH-26APR17HOLBRO-HOL,15,12380,14,10143,13,1700,12,18826,11,4000,16,462,17,598,18,66376,19,1801,20,2137,15.5
2026-04-17 09:56:31 PM,KXATPCHALLENGERMATCH-26APR17HOLBRO-HOL,15,12380,14,10143,13,1700,12,18826,11,4000,16,462,17,598,18,66376,19,1837,20,2137,15.5
2026-04-17 09:56:36 PM,KXATPCHALLENGERMATCH-26APR17HOLBRO-HOL,15,12380,14,10143,13,1700,12,18826,11,4000,16,462,17,599,18,66376,19,1837,20,2137,15.5
2026-04-17 09:56:44 PM,KXATPCHALLENGERMATCH-26APR17HOLBRO-HOL,15,12380,14,10143,13,1700,12,18826,11,4000,16,462,17,599,18,65903,19,1837,20,2137,15.5
2026-04-17 09:56:44 PM,KXATPCHALLENGERMATCH-26APR17HOLBRO-HOL,15,12380,14,10143,13,1700,12,18826,11,4000,16,933,17,599,18,65903,19,1837,20,2137,15.5
2026-04-17 09:56:44 PM,KXATPCHALLENGERMATCH-26APR17HOLBRO-HOL,15,12380,14,10143,13,1700,12,18826,11,4000,16,933,17,477,18,65903,19,1837,20,2137,15.5
2026-04-17 09:56:44 PM,KXATPCHALLENGERMATCH-26APR17HOLBRO-HOL,15,12380,14,10143,13,1700,12,18826,11,4000,16,1051,17,477,18,65903,19,1837,20,2137,15.5
2026-04-17 09:56:44 PM,KXATPCHALLENGERMATCH-26APR17HOLBRO-HOL,15,12380,14,10143,13,1700,12,18826,11,4000,16,1051,17,477,18,64403,19,1837,20,2137,15.5
2026-04-17 09:56:44 PM,KXATPCHALLENGERMATCH-26APR17HOLBRO-HOL,15,12380,14,10143,13,1700,12,18826,11,4000,16,2551,17,477,18,64403,19,1837,20,2137,15.5
2026-04-17 09:56:44 PM,KXATPCHALLENGERMATCH-26APR17HOLBRO-HOL,15,12380,14,10143,13,1700,12,18826,11,4000,16,2433,17,477,18,64403,19,1837,20,2137,15.5
2026-04-17 09:56:50 PM,KXATPCHALLENGERMATCH-26APR17HOLBRO-HOL,15,12378,14,10143,13,1700,12,18826,11,4000,16,2433,17,477,18,64403,19,1837,20,2137,15.5
2026-04-17 09:56:51 PM,KXATPCHALLENGERMATCH-26APR17HOLBRO-HOL,15,12378,14,10143,13,1700,12,18826,11,4000,16,2417,17,477,18,64403,19,1837,20,2137,15.5
2026-04-17 09:56:57 PM,KXATPCHALLENGERMATCH-26APR17HOLBRO-HOL,15,12378,14,10143,13,1700,12,18826,11,4000,16,1946,17,477,18,64403,19,1837,20,2137,15.5
2026-04-17 09:56:57 PM,KXATPCHALLENGERMATCH-26APR17HOLBRO-HOL,15,12378,14,10143,13,1700,12,18826,11,4000,16,1946,17,477,18,64859,19,1837,20,2137,15.5
2026-04-17 09:56:57 PM,KXATPCHALLENGERMATCH-26APR17HOLBRO-HOL,15,12377,14,10143,13,1700,12,18826,11,4000,16,1946,17,477,18,64859,19,1837,20,2137,15.5
2026-04-17 09:56:57 PM,KXATPCHALLENGERMATCH-26APR17HOLBRO-HOL,15,12377,14,10143,13,1700,12,18826,11,4000,16,446,17,477,18,64859,19,1837,20,2137,15.5
2026-04-17 09:56:57 PM,KXATPCHALLENGERMATCH-26APR17HOLBRO-HOL,15,12377,14,10143,13,1700,12,18826,11,4000,16,446,17,1977,18,64859,19,1837,20,2137,15.5
2026-04-17 09:57:00 PM,KXATPCHALLENGERMATCH-26APR17HOLBRO-HOL,15,12377,14,10143,13,1700,12,18826,11,4000,16,446,17,1750,18,64859,19,1837,20,2137,15.5
2026-04-17 09:57:17 PM,KXATPCHALLENGERMATCH-26APR17HOLBRO-HOL,15,12402,14,10143,13,1700,12,18826,11,4000,16,446,17,1750,18,64859,19,1837,20,2137,15.5
2026-04-17 09:57:24 PM,KXATPCHALLENGERMATCH-26APR17HOLBRO-HOL,15,12402,14,10143,13,1700,12,18826,11,4000,16,446,17,1750,18,64859,19,2540,20,2137,15.5
2026-04-17 09:57:48 PM,KXATPCHALLENGERMATCH-26APR17HOLBRO-HOL,15,12402,14,10143,13,1700,12,18826,11,4060,16,446,17,1750,18,64859,19,2540,20,2137,15.5
2026-04-17 09:57:52 PM,KXATPCHALLENGERMATCH-26APR17HOLBRO-HOL,15,12402,14,10143,13,1700,12,18826,11,4060,16,417,17,1750,18,64859,19,2540,20,2137,15.5
2026-04-17 09:57:52 PM,KXATPCHALLENGERMATCH-26APR17HOLBRO-HOL,15,12377,14,10143,13,1700,12,18826,11,4060,16,417,17,1750,18,64859,19,2540,20,2137,15.5
2026-04-17 09:57:54 PM,KXATPCHALLENGERMATCH-26APR17HOLBRO-HOL,15,12352,14,10143,13,1700,12,18826,11,4060,16,417,17,1750,18,64859,19,2540,20,2137,15.5
2026-04-17 09:57:57 PM,KXATPCHALLENGERMATCH-26APR17HOLBRO-HOL,15,12352,14,10143,13,1700,12,18826,11,4060,16,388,17,1750,18,64859,19,2540,20,2137,15.5
2026-04-17 09:58:00 PM,KXATPCHALLENGERMATCH-26APR17HOLBRO-HOL,15,12352,14,10143,13,1700,12,18826,11,4060,16,371,17,1750,18,64859,19,2540,20,2137,15.5
2026-04-17 09:58:05 PM,KXATPCHALLENGERMATCH-26APR17HOLBRO-HOL,15,12259,14,10143,13,1700,12,18826,11,4060,16,371,17,1750,18,64859,19,2540,20,2137,15.5
2026-04-17 09:58:05 PM,KXATPCHALLENGERMATCH-26APR17HOLBRO-HOL,15,12284,14,10143,13,1700,12,18826,11,4060,16,371,17,1750,18,64859,19,2540,20,2137,15.5
2026-04-17 09:58:09 PM,KXATPCHALLENGERMATCH-26APR17HOLBRO-HOL,15,12378,14,10143,13,1700,12,18826,11,4060,16,371,17,1750,18,64859,19,2540,20,2137,15.5
2026-04-17 09:58:10 PM,KXATPCHALLENGERMATCH-26APR17HOLBRO-HOL,15,12378,14,10143,13,1700,12,18826,11,4060,16,331,17,1750,18,64859,19,2540,20,2137,15.5
2026-04-17 09:58:36 PM,KXATPCHALLENGERMATCH-26APR17HOLBRO-HOL,15,12378,14,10143,13,1700,12,18826,11,4060,16,331,17,1750,18,64403,19,2540,20,2137,15.5
2026-04-17 09:58:36 PM,KXATPCHALLENGERMATCH-26APR17HOLBRO-HOL,15,12378,14,10143,13,1700,12,18826,11,4060,16,575,17,1750,18,64403,19,2540,20,2137,15.5
2026-04-17 09:58:36 PM,KXATPCHALLENGERMATCH-26APR17HOLBRO-HOL,15,12378,14,10143,13,1700,12,18826,11,4060,16,575,17,250,18,64403,19,2540,20,2137,15.5
2026-04-17 09:58:36 PM,KXATPCHALLENGERMATCH-26APR17HOLBRO-HOL,15,12378,14,10143,13,1700,12,18826,11,4060,16,2075,17,250,18,64403,19,2540,20,2137,15.5
2026-04-17 09:58:42 PM,KXATPCHALLENGERMATCH-26APR17HOLBRO-HOL,15,12378,14,10143,13,1700,12,18826,11,4060,16,2064,17,250,18,64403,19,2540,20,2137,15.5
2026-04-17 09:59:17 PM,KXATPCHALLENGERMATCH-26APR17HOLBRO-HOL,15,12378,14,10143,13,1700,12,18826,11,4060,16,2064,17,250,18,64403,19,1837,20,2137,15.5
2026-04-17 10:00:07 PM,KXATPCHALLENGERMATCH-26APR17HOLBRO-HOL,15,12347,14,10143,13,1700,12,18826,11,4060,16,2064,17,250,18,64403,19,1837,20,2137,15.5
2026-04-17 10:00:07 PM,KXATPCHALLENGERMATCH-26APR17HOLBRO-HOL,15,12322,14,10143,13,1700,12,18826,11,4060,16,2064,17,250,18,64403,19,1837,20,2137,15.5
2026-04-17 10:00:45 PM,KXATPCHALLENGERMATCH-26APR17HOLBRO-HOL,15,12322,14,10143,13,1700,12,18826,11,4060,16,2053,17,250,18,64403,19,1837,20,2137,15.5
2026-04-17 10:00:48 PM,KXATPCHALLENGERMATCH-26APR17HOLBRO-HOL,15,12322,14,10143,13,1700,12,18826,11,4060,16,1900,17,250,18,64403,19,1837,20,2137,15.5
2026-04-17 10:01:30 PM,KXATPCHALLENGERMATCH-26APR17HOLBRO-HOL,15,12347,14,10143,13,1700,12,18826,11,4060,16,1900,17,250,18,64403,19,1837,20,2137,15.5
2026-04-17 10:02:29 PM,KXATPCHALLENGERMATCH-26APR17HOLBRO-HOL,15,12339,14,10143,13,1700,12,18826,11,4060,16,1900,17,250,18,64403,19,1837,20,2137,15.5
2026-04-17 10:02:29 PM,KXATPCHALLENGERMATCH-26APR17HOLBRO-HOL,15,12314,14,10143,13,1700,12,18826,11,4060,16,1900,17,250,18,64403,19,1837,20,2137,15.5
2026-04-17 10:02:48 PM,KXATPCHALLENGERMATCH-26APR17HOLBRO-HOL,15,12314,14,10143,13,1700,12,18826,11,4060,16,1889,17,250,18,64403,19,1837,20,2137,15.5
2026-04-17 10:02:51 PM,KXATPCHALLENGERMATCH-26APR17HOLBRO-HOL,15,12314,14,10143,13,1700,12,18826,11,4060,16,1884,17,250,18,64403,19,1837,20,2137,15.5
2026-04-17 10:02:53 PM,KXATPCHALLENGERMATCH-26APR17HOLBRO-HOL,15,12314,14,10143,13,1700,12,18826,11,4000,16,1884,17,250,18,64403,19,1837,20,2137,15.5
2026-04-17 10:02:57 PM,KXATPCHALLENGERMATCH-26APR17HOLBRO-HOL,15,12314,14,10143,13,1700,12,18826,11,4060,16,1884,17,250,18,64403,19,1837,20,2137,15.5
2026-04-17 10:03:05 PM,KXATPCHALLENGERMATCH-26APR17HOLBRO-HOL,15,12079,14,10143,13,1700,12,18826,11,4060,16,1884,17,250,18,64403,19,1837,20,2137,15.5
2026-04-17 10:03:36 PM,KXATPCHALLENGERMATCH-26APR17HOLBRO-HOL,15,12079,14,10143,13,1700,12,18826,11,4060,16,1765,17,250,18,64403,19,1837,20,2137,15.5
2026-04-17 10:03:36 PM,KXATPCHALLENGERMATCH-26APR17HOLBRO-HOL,15,12079,14,10143,13,1700,12,18826,11,4060,16,265,17,250,18,64403,19,1837,20,2137,15.5
2026-04-17 10:03:36 PM,KXATPCHALLENGERMATCH-26APR17HOLBRO-HOL,15,12079,14,10143,13,1700,12,18826,11,4060,16,265,17,1750,18,64403,19,1837,20,2137,15.5
2026-04-17 10:03:58 PM,KXATPCHALLENGERMATCH-26APR17HOLBRO-HOL,15,11380,14,10143,13,1700,12,18826,11,4060,16,265,17,1750,18,64403,19,1837,20,2137,15.5
2026-04-17 10:03:58 PM,KXATPCHALLENGERMATCH-26APR17HOLBRO-HOL,15,10380,14,10143,13,1700,12,18826,11,4060,16,265,17,1750,18,64403,19,1837,20,2137,15.5
2026-04-17 10:03:58 PM,KXATPCHALLENGERMATCH-26APR17HOLBRO-HOL,15,8880,14,10143,13,1700,12,18826,11,4060,16,265,17,1750,18,64403,19,1837,20,2137,15.5
2026-04-17 10:03:58 PM,KXATPCHALLENGERMATCH-26APR17HOLBRO-HOL,15,7380,14,10143,13,1700,12,18826,11,4060,16,265,17,1750,18,64403,19,1837,20,2137,15.5
2026-04-17 10:03:58 PM,KXATPCHALLENGERMATCH-26APR17HOLBRO-HOL,15,7374,14,10143,13,1700,12,18826,11,4060,16,265,17,1750,18,64403,19,1837,20,2137,15.5
2026-04-17 10:03:58 PM,KXATPCHALLENGERMATCH-26APR17HOLBRO-HOL,15,7368,14,10143,13,1700,12,18826,11,4060,16,265,17,1750,18,64403,19,1837,20,2137,15.5
2026-04-17 10:03:58 PM,KXATPCHALLENGERMATCH-26APR17HOLBRO-HOL,15,7362,14,10143,13,1700,12,18826,11,4060,16,265,17,1750,18,64403,19,1837,20,2137,15.5
2026-04-17 10:03:58 PM,KXATPCHALLENGERMATCH-26APR17HOLBRO-HOL,15,7346,14,10143,13,1700,12,18826,11,4060,16,265,17,1750,18,64403,19,1837,20,2137,15.5
2026-04-17 10:03:58 PM,KXATPCHALLENGERMATCH-26APR17HOLBRO-HOL,15,7341,14,10143,13,1700,12,18826,11,4060,16,265,17,1750,18,64403,19,1837,20,2137,15.5
2026-04-17 10:03:58 PM,KXATPCHALLENGERMATCH-26APR17HOLBRO-HOL,15,7324,14,10143,13,1700,12,18826,11,4060,16,265,17,1750,18,64403,19,1837,20,2137,15.5
2026-04-17 10:03:58 PM,KXATPCHALLENGERMATCH-26APR17HOLBRO-HOL,15,7323,14,10143,13,1700,12,18826,11,4060,16,265,17,1750,18,64403,19,1837,20,2137,15.5
2026-04-17 10:03:58 PM,KXATPCHALLENGERMATCH-26APR17HOLBRO-HOL,15,7317,14,10143,13,1700,12,18826,11,4060,16,265,17,1750,18,64403,19,1837,20,2137,15.5
2026-04-17 10:03:58 PM,KXATPCHALLENGERMATCH-26APR17HOLBRO-HOL,15,7313,14,10143,13,1700,12,18826,11,4060,16,265,17,1750,18,64403,19,1837,20,2137,15.5
2026-04-17 10:03:58 PM,KXATPCHALLENGERMATCH-26APR17HOLBRO-HOL,15,7308,14,10143,13,1700,12,18826,11,4060,16,265,17,1750,18,64403,19,1837,20,2137,15.5
2026-04-17 10:03:58 PM,KXATPCHALLENGERMATCH-26APR17HOLBRO-HOL,15,7282,14,10143,13,1700,12,18826,11,4060,16,265,17,1750,18,64403,19,1837,20,2137,15.5
2026-04-17 10:03:58 PM,KXATPCHALLENGERMATCH-26APR17HOLBRO-HOL,15,7262,14,10143,13,1700,12,18826,11,4060,16,265,17,1750,18,64403,19,1837,20,2137,15.5
2026-04-17 10:03:58 PM,KXATPCHALLENGERMATCH-26APR17HOLBRO-HOL,15,7261,14,10143,13,1700,12,18826,11,4060,16,265,17,1750,18,64403,19,1837,20,2137,15.5
2026-04-17 10:03:58 PM,KXATPCHALLENGERMATCH-26APR17HOLBRO-HOL,15,7233,14,10143,13,1700,12,18826,11,4060,16,265,17,1750,18,64403,19,1837,20,2137,15.5
2026-04-17 10:03:58 PM,KXATPCHALLENGERMATCH-26APR17HOLBRO-HOL,15,7228,14,10143,13,1700,12,18826,11,4060,16,265,17,1750,18,64403,19,1837,20,2137,15.5
2026-04-17 10:03:58 PM,KXATPCHALLENGERMATCH-26APR17HOLBRO-HOL,15,7214,14,10143,13,1700,12,18826,11,4060,16,265,17,1750,18,64403,19,1837,20,2137,15.5
2026-04-17 10:03:58 PM,KXATPCHALLENGERMATCH-26APR17HOLBRO-HOL,15,7213,14,10143,13,1700,12,18826,11,4060,16,265,17,1750,18,64403,19,1837,20,2137,15.5
2026-04-17 10:03:58 PM,KXATPCHALLENGERMATCH-26APR17HOLBRO-HOL,15,7211,14,10143,13,1700,12,18826,11,4060,16,265,17,1750,18,64403,19,1837,20,2137,15.5
2026-04-17 10:03:58 PM,KXATPCHALLENGERMATCH-26APR17HOLBRO-HOL,15,7206,14,10143,13,1700,12,18826,11,4060,16,265,17,1750,18,64403,19,1837,20,2137,15.5
2026-04-17 10:03:58 PM,KXATPCHALLENGERMATCH-26APR17HOLBRO-HOL,15,7190,14,10143,13,1700,12,18826,11,4060,16,265,17,1750,18,64403,19,1837,20,2137,15.5
2026-04-17 10:03:58 PM,KXATPCHALLENGERMATCH-26APR17HOLBRO-HOL,15,7171,14,10143,13,1700,12,18826,11,4060,16,265,17,1750,18,64403,19,1837,20,2137,15.5
2026-04-17 10:03:58 PM,KXATPCHALLENGERMATCH-26APR17HOLBRO-HOL,15,7165,14,10143,13,1700,12,18826,11,4060,16,265,17,1750,18,64403,19,1837,20,2137,15.5
2026-04-17 10:03:58 PM,KXATPCHALLENGERMATCH-26APR17HOLBRO-HOL,15,7164,14,10143,13,1700,12,18826,11,4060,16,265,17,1750,18,64403,19,1837,20,2137,15.5
2026-04-17 10:03:58 PM,KXATPCHALLENGERMATCH-26APR17HOLBRO-HOL,15,7149,14,10143,13,1700,12,18826,11,4060,16,265,17,1750,18,64403,19,1837,20,2137,15.5
2026-04-17 10:03:58 PM,KXATPCHALLENGERMATCH-26APR17HOLBRO-HOL,15,7148,14,10143,13,1700,12,18826,11,4060,16,265,17,1750,18,64403,19,1837,20,2137,15.5
2026-04-17 10:03:58 PM,KXATPCHALLENGERMATCH-26APR17HOLBRO-HOL,15,7137,14,10143,13,1700,12,18826,11,4060,16,265,17,1750,18,64403,19,1837,20,2137,15.5
2026-04-17 10:03:58 PM,KXATPCHALLENGERMATCH-26APR17HOLBRO-HOL,15,7134,14,10143,13,1700,12,18826,11,4060,16,265,17,1750,18,64403,19,1837,20,2137,15.5
2026-04-17 10:03:58 PM,KXATPCHALLENGERMATCH-26APR17HOLBRO-HOL,15,7093,14,10143,13,1700,12,18826,11,4060,16,265,17,1750,18,64403,19,1837,20,2137,15.5
2026-04-17 10:03:58 PM,KXATPCHALLENGERMATCH-26APR17HOLBRO-HOL,15,7033,14,10143,13,1700,12,18826,11,4060,16,265,17,1750,18,64403,19,1837,20,2137,15.5
2026-04-17 10:03:58 PM,KXATPCHALLENGERMATCH-26APR17HOLBRO-HOL,15,6992,14,10143,13,1700,12,18826,11,4060,16,265,17,1750,18,64403,19,1837,20,2137,15.5
2026-04-17 10:03:58 PM,KXATPCHALLENGERMATCH-26APR17HOLBRO-HOL,15,6987,14,10143,13,1700,12,18826,11,4060,16,265,17,1750,18,64403,19,1837,20,2137,15.5
2026-04-17 10:03:58 PM,KXATPCHALLENGERMATCH-26APR17HOLBRO-HOL,15,6972,14,10143,13,1700,12,18826,11,4060,16,265,17,1750,18,64403,19,1837,20,2137,15.5
2026-04-17 10:03:58 PM,KXATPCHALLENGERMATCH-26APR17HOLBRO-HOL,15,6961,14,10143,13,1700,12,18826,11,4060,16,265,17,1750,18,64403,19,1837,20,2137,15.5
2026-04-17 10:03:58 PM,KXATPCHALLENGERMATCH-26APR17HOLBRO-HOL,15,6959,14,10143,13,1700,12,18826,11,4060,16,265,17,1750,18,64403,19,1837,20,2137,15.5
2026-04-17 10:03:58 PM,KXATPCHALLENGERMATCH-26APR17HOLBRO-HOL,15,6952,14,10143,13,1700,12,18826,11,4060,16,265,17,1750,18,64403,19,1837,20,2137,15.5
2026-04-17 10:03:58 PM,KXATPCHALLENGERMATCH-26APR17HOLBRO-HOL,15,6943,14,10143,13,1700,12,18826,11,4060,16,265,17,1750,18,64403,19,1837,20,2137,15.5
2026-04-17 10:03:58 PM,KXATPCHALLENGERMATCH-26APR17HOLBRO-HOL,15,6942,14,10143,13,1700,12,18826,11,4060,16,265,17,1750,18,64403,19,1837,20,2137,15.5
2026-04-17 10:03:58 PM,KXATPCHALLENGERMATCH-26APR17HOLBRO-HOL,15,6840,14,10143,13,1700,12,18826,11,4060,16,265,17,1750,18,64403,19,1837,20,2137,15.5
2026-04-17 10:03:58 PM,KXATPCHALLENGERMATCH-26APR17HOLBRO-HOL,15,6696,14,10143,13,1700,12,18826,11,4060,16,265,17,1750,18,64403,19,1837,20,2137,15.5
2026-04-17 10:03:58 PM,KXATPCHALLENGERMATCH-26APR17HOLBRO-HOL,15,5841,14,10143,13,1700,12,18826,11,4060,16,265,17,1750,18,64403,19,1837,20,2137,15.5
2026-04-17 10:03:58 PM,KXATPCHALLENGERMATCH-26APR17HOLBRO-HOL,15,5830,14,10143,13,1700,12,18826,11,4060,16,265,17,1750,18,64403,19,1837,20,2137,15.5
2026-04-17 10:03:58 PM,KXATPCHALLENGERMATCH-26APR17HOLBRO-HOL,15,5796,14,10143,13,1700,12,18826,11,4060,16,265,17,1750,18,64403,19,1837,20,2137,15.5
2026-04-17 10:03:58 PM,KXATPCHALLENGERMATCH-26APR17HOLBRO-HOL,15,5780,14,10143,13,1700,12,18826,11,4060,16,265,17,1750,18,64403,19,1837,20,2137,15.5
2026-04-17 10:03:58 PM,KXATPCHALLENGERMATCH-26APR17HOLBRO-HOL,15,5771,14,10143,13,1700,12,18826,11,4060,16,265,17,1750,18,64403,19,1837,20,2137,15.5
2026-04-17 10:03:58 PM,KXATPCHALLENGERMATCH-26APR17HOLBRO-HOL,15,5763,14,10143,13,1700,12,18826,11,4060,16,265,17,1750,18,64403,19,1837,20,2137,15.5
2026-04-17 10:03:58 PM,KXATPCHALLENGERMATCH-26APR17HOLBRO-HOL,15,5702,14,10143,13,1700,12,18826,11,4060,16,265,17,1750,18,64403,19,1837,20,2137,15.5
2026-04-17 10:03:58 PM,KXATPCHALLENGERMATCH-26APR17HOLBRO-HOL,15,5668,14,10143,13,1700,12,18826,11,4060,16,265,17,1750,18,64403,19,1837,20,2137,15.5
2026-04-17 10:03:58 PM,KXATPCHALLENGERMATCH-26APR17HOLBRO-HOL,15,5625,14,10143,13,1700,12,18826,11,4060,16,265,17,1750,18,64403,19,1837,20,2137,15.5
2026-04-17 10:03:58 PM,KXATPCHALLENGERMATCH-26APR17HOLBRO-HOL,15,5622,14,10143,13,1700,12,18826,11,4060,16,265,17,1750,18,64403,19,1837,20,2137,15.5
2026-04-17 10:03:58 PM,KXATPCHALLENGERMATCH-26APR17HOLBRO-HOL,15,5572,14,10143,13,1700,12,18826,11,4060,16,265,17,1750,18,64403,19,1837,20,2137,15.5
2026-04-17 10:03:58 PM,KXATPCHALLENGERMATCH-26APR17HOLBRO-HOL,15,5568,14,10143,13,1700,12,18826,11,4060,16,265,17,1750,18,64403,19,1837,20,2137,15.5
2026-04-17 10:03:58 PM,KXATPCHALLENGERMATCH-26APR17HOLBRO-HOL,15,5546,14,10143,13,1700,12,18826,11,4060,16,265,17,1750,18,64403,19,1837,20,2137,15.5
2026-04-17 10:03:58 PM,KXATPCHALLENGERMATCH-26APR17HOLBRO-HOL,15,5419,14,10143,13,1700,12,18826,11,4060,16,265,17,1750,18,64403,19,1837,20,2137,15.5
2026-04-17 10:03:58 PM,KXATPCHALLENGERMATCH-26APR17HOLBRO-HOL,15,5319,14,10143,13,1700,12,18826,11,4060,16,265,17,1750,18,64403,19,1837,20,2137,15.5
2026-04-17 10:03:58 PM,KXATPCHALLENGERMATCH-26APR17HOLBRO-HOL,15,4969,14,10143,13,1700,12,18826,11,4060,16,265,17,1750,18,64403,19,1837,20,2137,15.5
2026-04-17 10:03:58 PM,KXATPCHALLENGERMATCH-26APR17HOLBRO-HOL,15,4909,14,10143,13,1700,12,18826,11,4060,16,265,17,1750,18,64403,19,1837,20,2137,15.5
2026-04-17 10:03:58 PM,KXATPCHALLENGERMATCH-26APR17HOLBRO-HOL,15,4849,14,10143,13,1700,12,18826,11,4060,16,265,17,1750,18,64403,19,1837,20,2137,15.5
2026-04-17 10:03:58 PM,KXATPCHALLENGERMATCH-26APR17HOLBRO-HOL,15,1929,14,10143,13,1700,12,18826,11,4060,16,265,17,1750,18,64403,19,1837,20,2137,15.5
2026-04-17 10:03:58 PM,KXATPCHALLENGERMATCH-26APR17HOLBRO-HOL,15,1929,14,10143,13,1700,12,18826,11,4060,16,689,17,1750,18,64403,19,1837,20,2137,15.5
2026-04-17 10:03:58 PM,KXATPCHALLENGERMATCH-26APR17HOLBRO-HOL,15,2193,14,10143,13,1700,12,18826,11,4060,16,689,17,1750,18,64403,19,1837,20,2137,15.5
2026-04-17 10:03:58 PM,KXATPCHALLENGERMATCH-26APR17HOLBRO-HOL,15,2193,14,10143,13,1700,12,18826,11,4060,16,689,17,2109,18,64403,19,1837,20,2137,15.5
2026-04-17 10:03:58 PM,KXATPCHALLENGERMATCH-26APR17HOLBRO-HOL,15,2193,14,10143,13,1700,12,18826,11,4060,16,695,17,2109,18,64403,19,1837,20,2137,15.5
2026-04-17 10:03:58 PM,KXATPCHALLENGERMATCH-26APR17HOLBRO-HOL,15,2193,14,10143,13,1700,12,18826,11,4060,16,695,17,609,18,64403,19,1837,20,2137,15.5
2026-04-17 10:03:58 PM,KXATPCHALLENGERMATCH-26APR17HOLBRO-HOL,15,2193,14,10143,13,1700,12,18826,11,4060,16,2195,17,609,18,64403,19,1837,20,2137,15.5
2026-04-17 10:03:58 PM,KXATPCHALLENGERMATCH-26APR17HOLBRO-HOL,15,2193,14,10143,13,1700,12,18826,11,4060,16,2201,17,609,18,64403,19,1837,20,2137,15.5
2026-04-17 10:03:58 PM,KXATPCHALLENGERMATCH-26APR17HOLBRO-HOL,15,2193,14,10143,13,1700,12,18826,11,4060,16,2207,17,609,18,64403,19,1837,20,2137,15.5
2026-04-17 10:03:59 PM,KXATPCHALLENGERMATCH-26APR17HOLBRO-HOL,15,2193,14,10143,13,1700,12,18826,11,4060,16,2223,17,609,18,64403,19,1837,20,2137,15.5
2026-04-17 10:03:59 PM,KXATPCHALLENGERMATCH-26APR17HOLBRO-HOL,15,2193,14,10143,13,1700,12,18826,11,4060,16,2228,17,609,18,64403,19,1837,20,2137,15.5
2026-04-17 10:03:59 PM,KXATPCHALLENGERMATCH-26APR17HOLBRO-HOL,15,2193,14,10143,13,1700,12,18826,11,4060,16,2245,17,609,18,64403,19,1837,20,2137,15.5
2026-04-17 10:03:59 PM,KXATPCHALLENGERMATCH-26APR17HOLBRO-HOL,15,2193,14,10143,13,1700,12,18826,11,4060,16,2246,17,609,18,64403,19,1837,20,2137,15.5
2026-04-17 10:03:59 PM,KXATPCHALLENGERMATCH-26APR17HOLBRO-HOL,15,2193,14,10143,13,1700,12,18826,11,4060,16,2252,17,609,18,64403,19,1837,20,2137,15.5
2026-04-17 10:03:59 PM,KXATPCHALLENGERMATCH-26APR17HOLBRO-HOL,15,2193,14,10143,13,1700,12,18826,11,4060,16,2256,17,609,18,64403,19,1837,20,2137,15.5
2026-04-17 10:03:59 PM,KXATPCHALLENGERMATCH-26APR17HOLBRO-HOL,15,2193,14,10143,13,1700,12,18826,11,4060,16,2261,17,609,18,64403,19,1837,20,2137,15.5
2026-04-17 10:03:59 PM,KXATPCHALLENGERMATCH-26APR17HOLBRO-HOL,15,2193,14,10143,13,1700,12,18826,11,4060,16,2287,17,609,18,64403,19,1837,20,2137,15.5
2026-04-17 10:03:59 PM,KXATPCHALLENGERMATCH-26APR17HOLBRO-HOL,15,2193,14,10143,13,1700,12,18826,11,4060,16,2307,17,609,18,64403,19,1837,20,2137,15.5
2026-04-17 10:03:59 PM,KXATPCHALLENGERMATCH-26APR17HOLBRO-HOL,15,2193,14,10143,13,1700,12,18826,11,4060,16,2308,17,609,18,64403,19,1837,20,2137,15.5
2026-04-17 10:03:59 PM,KXATPCHALLENGERMATCH-26APR17HOLBRO-HOL,15,2193,14,10143,13,1700,12,18826,11,4060,16,2336,17,609,18,64403,19,1837,20,2137,15.5
2026-04-17 10:03:59 PM,KXATPCHALLENGERMATCH-26APR17HOLBRO-HOL,15,2193,14,10143,13,1700,12,18826,11,4060,16,2341,17,609,18,64403,19,1837,20,2137,15.5
2026-04-17 10:04:00 PM,KXATPCHALLENGERMATCH-26APR17HOLBRO-HOL,15,2193,14,10143,13,1700,12,18826,11,4060,16,2355,17,609,18,64403,19,1837,20,2137,15.5
2026-04-17 10:04:00 PM,KXATPCHALLENGERMATCH-26APR17HOLBRO-HOL,15,2193,14,10143,13,1700,12,18826,11,4060,16,2356,17,609,18,64403,19,1837,20,2137,15.5
2026-04-17 10:04:00 PM,KXATPCHALLENGERMATCH-26APR17HOLBRO-HOL,15,2193,14,10143,13,1700,12,18826,11,4060,16,2358,17,609,18,64403,19,1837,20,2137,15.5
2026-04-17 10:04:00 PM,KXATPCHALLENGERMATCH-26APR17HOLBRO-HOL,15,2193,14,10143,13,1700,12,18826,11,4060,16,2363,17,609,18,64403,19,1837,20,2137,15.5
2026-04-17 10:04:00 PM,KXATPCHALLENGERMATCH-26APR17HOLBRO-HOL,15,2193,14,10143,13,1700,12,18826,11,4060,16,2379,17,609,18,64403,19,1837,20,2137,15.5
2026-04-17 10:04:00 PM,KXATPCHALLENGERMATCH-26APR17HOLBRO-HOL,15,2193,14,10143,13,1700,12,18826,11,4060,16,2398,17,609,18,64403,19,1837,20,2137,15.5
2026-04-17 10:04:00 PM,KXATPCHALLENGERMATCH-26APR17HOLBRO-HOL,15,2193,14,10143,13,1700,12,18826,11,4060,16,2404,17,609,18,64403,19,1837,20,2137,15.5
2026-04-17 10:04:00 PM,KXATPCHALLENGERMATCH-26APR17HOLBRO-HOL,15,2193,14,10143,13,1700,12,18826,11,4060,16,2405,17,609,18,64403,19,1837,20,2137,15.5
2026-04-17 10:04:00 PM,KXATPCHALLENGERMATCH-26APR17HOLBRO-HOL,15,2193,14,10143,13,1700,12,18826,11,4060,16,2420,17,609,18,64403,19,1837,20,2137,15.5
2026-04-17 10:04:00 PM,KXATPCHALLENGERMATCH-26APR17HOLBRO-HOL,15,2193,14,10143,13,1700,12,18826,11,4060,16,2421,17,609,18,64403,19,1837,20,2137,15.5
2026-04-17 10:04:00 PM,KXATPCHALLENGERMATCH-26APR17HOLBRO-HOL,15,2193,14,10143,13,1700,12,18826,11,4060,16,2432,17,609,18,64403,19,1837,20,2137,15.5
2026-04-17 10:04:00 PM,KXATPCHALLENGERMATCH-26APR17HOLBRO-HOL,15,2193,14,10143,13,1700,12,18826,11,4060,16,2435,17,609,18,64403,19,1837,20,2137,15.5
2026-04-17 10:04:00 PM,KXATPCHALLENGERMATCH-26APR17HOLBRO-HOL,15,2193,14,10143,13,1700,12,18826,11,4060,16,2476,17,609,18,64403,19,1837,20,2137,15.5
2026-04-17 10:04:01 PM,KXATPCHALLENGERMATCH-26APR17HOLBRO-HOL,15,2193,14,10143,13,1700,12,18826,11,4060,16,2536,17,609,18,64403,19,1837,20,2137,15.5
2026-04-17 10:04:01 PM,KXATPCHALLENGERMATCH-26APR17HOLBRO-HOL,15,2193,14,10143,13,1700,12,18826,11,4060,16,2577,17,609,18,64403,19,1837,20,2137,15.5
2026-04-17 10:04:01 PM,KXATPCHALLENGERMATCH-26APR17HOLBRO-HOL,15,2193,14,10143,13,1700,12,18826,11,4060,16,2582,17,609,18,64403,19,1837,20,2137,15.5
2026-04-17 10:04:01 PM,KXATPCHALLENGERMATCH-26APR17HOLBRO-HOL,15,2193,14,10143,13,1700,12,18826,11,4060,16,2597,17,609,18,64403,19,1837,20,2137,15.5
2026-04-17 10:04:01 PM,KXATPCHALLENGERMATCH-26APR17HOLBRO-HOL,15,2193,14,10143,13,1700,12,18826,11,4060,16,2608,17,609,18,64403,19,1837,20,2137,15.5
2026-04-17 10:04:01 PM,KXATPCHALLENGERMATCH-26APR17HOLBRO-HOL,15,2193,14,10143,13,1700,12,18826,11,4060,16,2610,17,609,18,64403,19,1837,20,2137,15.5
2026-04-17 10:04:01 PM,KXATPCHALLENGERMATCH-26APR17HOLBRO-HOL,15,2193,14,10143,13,1700,12,18826,11,4060,16,2617,17,609,18,64403,19,1837,20,2137,15.5
2026-04-17 10:04:01 PM,KXATPCHALLENGERMATCH-26APR17HOLBRO-HOL,15,2293,14,10143,13,1700,12,18826,11,4060,16,2617,17,609,18,64403,19,1837,20,2137,15.5
2026-04-17 10:04:01 PM,KXATPCHALLENGERMATCH-26APR17HOLBRO-HOL,15,2293,14,10143,13,1700,12,18826,11,4060,16,2626,17,609,18,64403,19,1837,20,2137,15.5
2026-04-17 10:04:01 PM,KXATPCHALLENGERMATCH-26APR17HOLBRO-HOL,15,2293,14,10143,13,1700,12,18826,11,4060,16,2627,17,609,18,64403,19,1837,20,2137,15.5
2026-04-17 10:04:01 PM,KXATPCHALLENGERMATCH-26APR17HOLBRO-HOL,15,2293,14,10143,13,1700,12,18826,11,4060,16,2729,17,609,18,64403,19,1837,20,2137,15.5
2026-04-17 10:04:01 PM,KXATPCHALLENGERMATCH-26APR17HOLBRO-HOL,15,2517,14,10143,13,1700,12,18826,11,4060,16,2729,17,609,18,64403,19,1837,20,2137,15.5
2026-04-17 10:04:01 PM,KXATPCHALLENGERMATCH-26APR17HOLBRO-HOL,15,2517,14,10143,13,1700,12,18826,11,4060,16,2873,17,609,18,64403,19,1837,20,2137,15.5
2026-04-17 10:04:01 PM,KXATPCHALLENGERMATCH-26APR17HOLBRO-HOL,15,2517,14,10143,13,1700,12,18826,11,4060,16,2884,17,609,18,64403,19,1837,20,2137,15.5
2026-04-17 10:04:01 PM,KXATPCHALLENGERMATCH-26APR17HOLBRO-HOL,15,2517,14,10143,13,1700,12,18826,11,4060,16,2918,17,609,18,64403,19,1837,20,2137,15.5
2026-04-17 10:04:02 PM,KXATPCHALLENGERMATCH-26APR17HOLBRO-HOL,15,2517,14,10143,13,1700,12,18826,11,4060,16,2934,17,609,18,64403,19,1837,20,2137,15.5
2026-04-17 10:04:02 PM,KXATPCHALLENGERMATCH-26APR17HOLBRO-HOL,15,2517,14,10143,13,1700,12,18826,11,4060,16,2943,17,609,18,64403,19,1837,20,2137,15.5
2026-04-17 10:04:02 PM,KXATPCHALLENGERMATCH-26APR17HOLBRO-HOL,15,2517,14,10143,13,1700,12,18826,11,4060,16,2951,17,609,18,64403,19,1837,20,2137,15.5
2026-04-17 10:04:02 PM,KXATPCHALLENGERMATCH-26APR17HOLBRO-HOL,15,2517,14,10143,13,1700,12,18826,11,4060,16,3012,17,609,18,64403,19,1837,20,2137,15.5
2026-04-17 10:04:02 PM,KXATPCHALLENGERMATCH-26APR17HOLBRO-HOL,15,2517,14,10143,13,1700,12,18826,11,4060,16,3055,17,609,18,64403,19,1837,20,2137,15.5
2026-04-17 10:04:02 PM,KXATPCHALLENGERMATCH-26APR17HOLBRO-HOL,15,2517,14,10143,13,1700,12,18826,11,4060,16,3058,17,609,18,64403,19,1837,20,2137,15.5
2026-04-17 10:04:02 PM,KXATPCHALLENGERMATCH-26APR17HOLBRO-HOL,15,2517,14,10143,13,1700,12,18826,11,4060,16,3062,17,609,18,64403,19,1837,20,2137,15.5
2026-04-17 10:04:02 PM,KXATPCHALLENGERMATCH-26APR17HOLBRO-HOL,15,2517,14,10143,13,1700,12,18826,11,4060,16,3084,17,609,18,64403,19,1837,20,2137,15.5
2026-04-17 10:04:06 PM,KXATPCHALLENGERMATCH-26APR17HOLBRO-HOL,15,2517,14,10143,13,1700,12,18826,11,4060,16,3069,17,609,18,64403,19,1837,20,2137,15.5
2026-04-17 10:04:06 PM,KXATPCHALLENGERMATCH-26APR17HOLBRO-HOL,15,2517,14,10143,13,1700,12,18826,11,4060,16,3058,17,609,18,64403,19,1837,20,2137,15.5
2026-04-17 10:04:06 PM,KXATPCHALLENGERMATCH-26APR17HOLBRO-HOL,15,2915,14,10143,13,1700,12,18826,11,4060,16,3058,17,609,18,64403,19,1837,20,2137,15.5
2026-04-17 10:04:06 PM,KXATPCHALLENGERMATCH-26APR17HOLBRO-HOL,15,2915,14,10143,13,1700,12,18826,11,4060,16,3058,17,730,18,64403,19,1837,20,2137,15.5
2026-04-17 10:04:15 PM,KXATPCHALLENGERMATCH-26APR17HOLBRO-HOL,15,2915,14,10143,13,1700,12,18826,11,4060,16,3014,17,730,18,64403,19,1837,20,2137,15.5
2026-04-17 10:04:21 PM,KXATPCHALLENGERMATCH-26APR17HOLBRO-HOL,15,2915,14,10143,13,1700,12,18826,11,4060,16,3009,17,730,18,64403,19,1837,20,2137,15.5
2026-04-17 10:04:21 PM,KXATPCHALLENGERMATCH-26APR17HOLBRO-HOL,15,2915,14,10143,13,1700,12,18826,11,4060,16,3113,17,730,18,64403,19,1837,20,2137,15.5
2026-04-17 10:04:48 PM,KXATPCHALLENGERMATCH-26APR17HOLBRO-HOL,15,2915,14,10143,13,1700,12,18826,11,4060,16,5118,17,730,18,64403,19,1837,20,2137,15.5
2026-04-17 10:04:58 PM,KXATPCHALLENGERMATCH-26APR17HOLBRO-HOL,15,2915,14,10143,13,1700,12,18826,11,4060,16,4934,17,730,18,64403,19,1837,20,2137,15.5
2026-04-17 10:04:58 PM,KXATPCHALLENGERMATCH-26APR17HOLBRO-HOL,15,2915,14,10143,13,1700,12,18826,11,4060,16,4930,17,730,18,64403,19,1837,20,2137,15.5
2026-04-17 10:04:58 PM,KXATPCHALLENGERMATCH-26APR17HOLBRO-HOL,15,2915,14,10143,13,1700,12,18826,11,4060,16,4930,17,609,18,64403,19,1837,20,2137,15.5
2026-04-17 10:04:58 PM,KXATPCHALLENGERMATCH-26APR17HOLBRO-HOL,15,2915,14,10143,13,1700,12,18826,11,4060,16,4826,17,609,18,64403,19,1837,20,2137,15.5
2026-04-17 10:05:02 PM,KXATPCHALLENGERMATCH-26APR17HOLBRO-HOL,15,2915,14,10143,13,1700,12,18826,11,4060,16,5033,17,609,18,64403,19,1837,20,2137,15.5
2026-04-17 10:05:04 PM,KXATPCHALLENGERMATCH-26APR17HOLBRO-HOL,15,2915,14,10143,13,1700,12,18826,11,4060,16,4883,17,609,18,64403,19,1837,20,2137,15.5
2026-04-17 10:05:04 PM,KXATPCHALLENGERMATCH-26APR17HOLBRO-HOL,15,2915,14,10143,13,1700,12,18826,11,4060,16,4883,17,250,18,64403,19,1837,20,2137,15.5
2026-04-17 10:05:04 PM,KXATPCHALLENGERMATCH-26APR17HOLBRO-HOL,15,2915,14,10143,13,1700,12,18826,11,4060,16,4676,17,250,18,64403,19,1837,20,2137,15.5
2026-04-17 10:05:33 PM,KXATPCHALLENGERMATCH-26APR17HOLBRO-HOL,15,2915,14,10143,13,1700,12,18826,11,4060,16,5146,17,250,18,64403,19,1837,20,2137,15.5
2026-04-17 10:05:51 PM,KXATPCHALLENGERMATCH-26APR17HOLBRO-HOL,15,2836,14,10143,13,1700,12,18826,11,4060,16,5146,17,250,18,64403,19,1837,20,2137,15.5
2026-04-17 10:05:51 PM,KXATPCHALLENGERMATCH-26APR17HOLBRO-HOL,15,2801,14,10143,13,1700,12,18826,11,4060,16,5146,17,250,18,64403,19,1837,20,2137,15.5
2026-04-17 10:05:51 PM,KXATPCHALLENGERMATCH-26APR17HOLBRO-HOL,15,2798,14,10143,13,1700,12,18826,11,4060,16,5146,17,250,18,64403,19,1837,20,2137,15.5
2026-04-17 10:05:51 PM,KXATPCHALLENGERMATCH-26APR17HOLBRO-HOL,15,2798,14,10143,13,1700,12,18826,11,4060,16,5417,17,250,18,64403,19,1837,20,2137,15.5
2026-04-17 10:05:51 PM,KXATPCHALLENGERMATCH-26APR17HOLBRO-HOL,15,3101,14,10143,13,1700,12,18826,11,4060,16,5417,17,250,18,64403,19,1837,20,2137,15.5
2026-04-17 10:05:51 PM,KXATPCHALLENGERMATCH-26APR17HOLBRO-HOL,15,3101,14,10143,13,1700,12,18826,11,4060,16,5417,17,503,18,64403,19,1837,20,2137,15.5
2026-04-17 10:05:51 PM,KXATPCHALLENGERMATCH-26APR17HOLBRO-HOL,15,3101,14,10143,13,1700,12,18826,11,4060,16,5452,17,503,18,64403,19,1837,20,2137,15.5
2026-04-17 10:06:12 PM,KXATPCHALLENGERMATCH-26APR17HOLBRO-HOL,15,3101,14,10143,13,1700,12,18826,11,4060,16,5447,17,503,18,64403,19,1837,20,2137,15.5
2026-04-17 10:06:12 PM,KXATPCHALLENGERMATCH-26APR17HOLBRO-HOL,15,3101,14,10143,13,1700,12,18826,11,4060,16,5447,17,584,18,64403,19,1837,20,2137,15.5
2026-04-17 10:06:16 PM,KXATPCHALLENGERMATCH-26APR17HOLBRO-HOL,15,2400,14,10143,13,1700,12,18826,11,4060,16,5447,17,584,18,64403,19,1837,20,2137,15.5
2026-04-17 10:06:22 PM,KXATPCHALLENGERMATCH-26APR17HOLBRO-HOL,15,2311,14,10143,13,1700,12,18826,11,4060,16,5447,17,584,18,64403,19,1837,20,2137,15.5
2026-04-17 10:06:22 PM,KXATPCHALLENGERMATCH-26APR17HOLBRO-HOL,15,2692,14,10143,13,1700,12,18826,11,4060,16,5447,17,584,18,64403,19,1837,20,2137,15.5
2026-04-17 10:06:22 PM,KXATPCHALLENGERMATCH-26APR17HOLBRO-HOL,15,2692,14,10143,13,1700,12,18826,11,4060,16,5510,17,584,18,64403,19,1837,20,2137,15.5
2026-04-17 10:07:14 PM,KXATPCHALLENGERMATCH-26APR17HOLBRO-HOL,15,2692,14,10143,13,1700,12,18826,11,4060,16,5499,17,584,18,64403,19,1837,20,2137,15.5
2026-04-17 10:07:17 PM,KXATPCHALLENGERMATCH-26APR17HOLBRO-HOL,15,2980,14,10143,13,1700,12,18826,11,4060,16,5499,17,584,18,64403,19,1837,20,2137,15.5
2026-04-17 10:07:34 PM,KXATPCHALLENGERMATCH-26APR17HOLBRO-HOL,15,2980,14,10143,13,1700,12,18826,11,4060,16,5470,17,584,18,64403,19,1837,20,2137,15.5
2026-04-17 10:07:34 PM,KXATPCHALLENGERMATCH-26APR17HOLBRO-HOL,15,2980,14,10143,13,1700,12,18826,11,4060,16,5470,17,503,18,64403,19,1837,20,2137,15.5
2026-04-17 10:07:36 PM,KXATPCHALLENGERMATCH-26APR17HOLBRO-HOL,15,2980,14,10143,13,1700,12,18826,11,4060,16,5323,17,503,18,64403,19,1837,20,2137,15.5
2026-04-17 10:07:55 PM,KXATPCHALLENGERMATCH-26APR17HOLBRO-HOL,15,2980,14,10143,13,1700,12,18826,11,4060,16,5260,17,503,18,64403,19,1837,20,2137,15.5
2026-04-17 10:07:55 PM,KXATPCHALLENGERMATCH-26APR17HOLBRO-HOL,15,2980,14,10143,13,1700,12,18826,11,4060,16,5186,17,503,18,64403,19,1837,20,2137,15.5
2026-04-17 10:07:55 PM,KXATPCHALLENGERMATCH-26APR17HOLBRO-HOL,15,2980,14,10143,13,1700,12,18826,11,4060,16,5186,17,503,18,64865,19,1837,20,2137,15.5
2026-04-17 10:07:55 PM,KXATPCHALLENGERMATCH-26APR17HOLBRO-HOL,15,2980,14,10143,13,1700,12,18826,11,4060,16,4915,17,503,18,64865,19,1837,20,2137,15.5
2026-04-17 10:07:56 PM,KXATPCHALLENGERMATCH-26APR17HOLBRO-HOL,15,2980,14,10143,13,1700,12,18826,11,4060,16,4915,17,503,18,64403,19,1837,20,2137,15.5
2026-04-17 10:07:56 PM,KXATPCHALLENGERMATCH-26APR17HOLBRO-HOL,15,2980,14,10143,13,1700,12,18826,11,4060,16,5360,17,503,18,64403,19,1837,20,2137,15.5
2026-04-17 10:07:59 PM,KXATPCHALLENGERMATCH-26APR17HOLBRO-HOL,15,2980,14,10143,13,1700,12,18826,11,4060,16,5360,17,250,18,64403,19,1837,20,2137,15.5
2026-04-17 10:08:13 PM,KXATPCHALLENGERMATCH-26APR17HOLBRO-HOL,15,2969,14,10143,13,1700,12,18826,11,4060,16,5360,17,250,18,64403,19,1837,20,2137,15.5
2026-04-17 10:08:13 PM,KXATPCHALLENGERMATCH-26APR17HOLBRO-HOL,15,2969,14,10143,13,1700,12,18826,11,4060,16,5360,17,498,18,64403,19,1837,20,2137,15.5
2026-04-17 10:08:16 PM,KXATPCHALLENGERMATCH-26APR17HOLBRO-HOL,15,2956,14,10143,13,1700,12,18826,11,4060,16,5360,17,498,18,64403,19,1837,20,2137,15.5
2026-04-17 10:08:16 PM,KXATPCHALLENGERMATCH-26APR17HOLBRO-HOL,15,2956,14,10143,13,1700,12,18826,11,4060,16,5360,17,250,18,64403,19,1837,20,2137,15.5
2026-04-17 10:08:52 PM,KXATPCHALLENGERMATCH-26APR17HOLBRO-HOL,15,2956,14,10143,13,1700,12,18826,11,4060,16,5444,17,250,18,64403,19,1837,20,2137,15.5
2026-04-17 10:09:34 PM,KXATPCHALLENGERMATCH-26APR17HOLBRO-HOL,15,2956,14,10143,13,1700,12,18826,11,4060,16,5438,17,250,18,64403,19,1837,20,2137,15.5
2026-04-17 10:09:34 PM,KXATPCHALLENGERMATCH-26APR17HOLBRO-HOL,15,2956,14,10143,13,1700,12,18826,11,4060,16,5415,17,250,18,64403,19,1837,20,2137,15.5
2026-04-17 10:09:34 PM,KXATPCHALLENGERMATCH-26APR17HOLBRO-HOL,15,2962,14,10143,13,1700,12,18826,11,4060,16,5415,17,250,18,64403,19,1837,20,2137,15.5
2026-04-17 10:10:03 PM,KXATPCHALLENGERMATCH-26APR17HOLBRO-HOL,15,2962,14,10143,13,1700,12,18826,11,4060,16,5407,17,250,18,64403,19,1837,20,2137,15.5
2026-04-17 10:10:49 PM,KXATPCHALLENGERMATCH-26APR17HOLBRO-HOL,15,2947,14,10143,13,1700,12,18826,11,4060,16,5407,17,250,18,64403,19,1837,20,2137,15.5
2026-04-17 10:10:49 PM,KXATPCHALLENGERMATCH-26APR17HOLBRO-HOL,15,2947,14,10143,13,1700,12,18826,11,4060,16,5491,17,250,18,64403,19,1837,20,2137,15.5
2026-04-17 10:10:49 PM,KXATPCHALLENGERMATCH-26APR17HOLBRO-HOL,15,2947,14,10143,13,1700,12,18826,11,4060,16,5491,17,470,18,64403,19,1837,20,2137,15.5
2026-04-17 10:11:02 PM,KXATPCHALLENGERMATCH-26APR17HOLBRO-HOL,15,2934,14,10143,13,1700,12,18826,11,4060,16,5491,17,470,18,64403,19,1837,20,2137,15.5
2026-04-17 10:12:22 PM,KXATPCHALLENGERMATCH-26APR17HOLBRO-HOL,15,2934,14,10143,13,1700,12,18826,11,4060,16,4901,17,470,18,64403,19,1837,20,2137,15.5
2026-04-17 10:12:32 PM,KXATPCHALLENGERMATCH-26APR17HOLBRO-HOL,15,2934,14,10143,13,1700,12,18826,11,4060,16,4901,17,470,18,64403,19,2489,20,2137,15.5
2026-04-17 10:12:47 PM,KXATPCHALLENGERMATCH-26APR17HOLBRO-HOL,15,2344,14,10143,13,1700,12,18826,11,4060,16,4901,17,470,18,64403,19,2489,20,2137,15.5
2026-04-17 10:12:47 PM,KXATPCHALLENGERMATCH-26APR17HOLBRO-HOL,15,2344,14,10143,13,1700,12,18826,11,4060,16,5086,17,470,18,64403,19,2489,20,2137,15.5
2026-04-17 10:12:47 PM,KXATPCHALLENGERMATCH-26APR17HOLBRO-HOL,15,2698,14,10143,13,1700,12,18826,11,4060,16,5086,17,470,18,64403,19,2489,20,2137,15.5
2026-04-17 10:12:47 PM,KXATPCHALLENGERMATCH-26APR17HOLBRO-HOL,15,2698,14,10143,13,1700,12,18826,11,4060,16,5086,17,735,18,64403,19,2489,20,2137,15.5
2026-04-17 10:12:58 PM,KXATPCHALLENGERMATCH-26APR17HOLBRO-HOL,15,2698,14,10143,13,1700,12,18826,11,4060,16,4901,17,735,18,64403,19,2489,20,2137,15.5
2026-04-17 10:12:58 PM,KXATPCHALLENGERMATCH-26APR17HOLBRO-HOL,15,2969,14,10143,13,1700,12,18826,11,4060,16,4901,17,735,18,64403,19,2489,20,2137,15.5
2026-04-17 10:12:58 PM,KXATPCHALLENGERMATCH-26APR17HOLBRO-HOL,15,2969,14,10143,13,1700,12,18826,11,4060,16,4901,17,470,18,64403,19,2489,20,2137,15.5
2026-04-17 10:13:01 PM,KXATPCHALLENGERMATCH-26APR17HOLBRO-HOL,15,2969,14,10143,13,1700,12,18826,11,4060,16,4995,17,470,18,64403,19,2489,20,2137,15.5
2026-04-17 10:13:01 PM,KXATPCHALLENGERMATCH-26APR17HOLBRO-HOL,15,2969,14,10143,13,1700,12,18826,11,4060,16,4995,17,631,18,64403,19,2489,20,2137,15.5
2026-04-17 10:13:01 PM,KXATPCHALLENGERMATCH-26APR17HOLBRO-HOL,15,3004,14,10143,13,1700,12,18826,11,4060,16,4995,17,631,18,64403,19,2489,20,2137,15.5
2026-04-17 10:13:18 PM,KXATPCHALLENGERMATCH-26APR17HOLBRO-HOL,15,3004,14,10143,13,1700,12,18826,11,4060,16,4995,17,470,18,64403,19,2489,20,2137,15.5
2026-04-17 10:14:54 PM,KXATPCHALLENGERMATCH-26APR17HOLBRO-HOL,15,3004,14,10143,13,1700,12,18826,11,4060,16,4986,17,470,18,64403,19,2489,20,2137,15.5
2026-04-17 10:14:56 PM,KXATPCHALLENGERMATCH-26APR17HOLBRO-HOL,15,2327,14,10143,13,1700,12,18826,11,4060,16,4986,17,470,18,64403,19,2489,20,2137,15.5
2026-04-17 10:14:56 PM,KXATPCHALLENGERMATCH-26APR17HOLBRO-HOL,15,2327,14,10143,13,1700,12,18826,11,4060,16,5324,17,470,18,64403,19,2489,20,2137,15.5
2026-04-17 10:14:56 PM,KXATPCHALLENGERMATCH-26APR17HOLBRO-HOL,15,2596,14,10143,13,1700,12,18826,11,4060,16,5324,17,470,18,64403,19,2489,20,2137,15.5
2026-04-17 10:14:56 PM,KXATPCHALLENGERMATCH-26APR17HOLBRO-HOL,15,2596,14,10143,13,1700,12,18826,11,4060,16,5324,17,884,18,64403,19,2489,20,2137,15.5
2026-04-17 10:14:56 PM,KXATPCHALLENGERMATCH-26APR17HOLBRO-HOL,15,2561,14,10143,13,1700,12,18826,11,4060,16,5324,17,884,18,64403,19,2489,20,2137,15.5
2026-04-17 10:14:56 PM,KXATPCHALLENGERMATCH-26APR17HOLBRO-HOL,15,2561,14,10178,13,1700,12,18826,11,4060,16,5324,17,884,18,64403,19,2489,20,2137,15.5
2026-04-17 10:15:11 PM,KXATPCHALLENGERMATCH-26APR17HOLBRO-HOL,15,2561,14,10178,13,1700,12,18826,11,4060,16,4456,17,884,18,64403,19,2489,20,2137,15.5
2026-04-17 10:15:11 PM,KXATPCHALLENGERMATCH-26APR17HOLBRO-HOL,15,2561,14,10178,13,1700,12,18826,11,4060,16,4450,17,884,18,64403,19,2489,20,2137,15.5
2026-04-17 10:15:11 PM,KXATPCHALLENGERMATCH-26APR17HOLBRO-HOL,15,2561,14,10178,13,1700,12,18826,11,4060,16,4444,17,884,18,64403,19,2489,20,2137,15.5
2026-04-17 10:15:11 PM,KXATPCHALLENGERMATCH-26APR17HOLBRO-HOL,15,2561,14,10178,13,1700,12,18826,11,4060,16,4428,17,884,18,64403,19,2489,20,2137,15.5
2026-04-17 10:15:11 PM,KXATPCHALLENGERMATCH-26APR17HOLBRO-HOL,15,2561,14,10178,13,1700,12,18826,11,4060,16,4423,17,884,18,64403,19,2489,20,2137,15.5
2026-04-17 10:15:11 PM,KXATPCHALLENGERMATCH-26APR17HOLBRO-HOL,15,2561,14,10178,13,1700,12,18826,11,4060,16,4406,17,884,18,64403,19,2489,20,2137,15.5
2026-04-17 10:15:11 PM,KXATPCHALLENGERMATCH-26APR17HOLBRO-HOL,15,2561,14,10178,13,1700,12,18826,11,4060,16,4405,17,884,18,64403,19,2489,20,2137,15.5
2026-04-17 10:15:11 PM,KXATPCHALLENGERMATCH-26APR17HOLBRO-HOL,15,2561,14,10178,13,1700,12,18826,11,4060,16,4399,17,884,18,64403,19,2489,20,2137,15.5
2026-04-17 10:15:11 PM,KXATPCHALLENGERMATCH-26APR17HOLBRO-HOL,15,2561,14,10178,13,1700,12,18826,11,4060,16,4395,17,884,18,64403,19,2489,20,2137,15.5
2026-04-17 10:15:11 PM,KXATPCHALLENGERMATCH-26APR17HOLBRO-HOL,15,2561,14,10178,13,1700,12,18826,11,4060,16,4390,17,884,18,64403,19,2489,20,2137,15.5
2026-04-17 10:15:11 PM,KXATPCHALLENGERMATCH-26APR17HOLBRO-HOL,15,2561,14,10178,13,1700,12,18826,11,4060,16,4364,17,884,18,64403,19,2489,20,2137,15.5
2026-04-17 10:15:11 PM,KXATPCHALLENGERMATCH-26APR17HOLBRO-HOL,15,2561,14,10178,13,1700,12,18826,11,4060,16,4344,17,884,18,64403,19,2489,20,2137,15.5
2026-04-17 10:15:11 PM,KXATPCHALLENGERMATCH-26APR17HOLBRO-HOL,15,2561,14,10178,13,1700,12,18826,11,4060,16,4343,17,884,18,64403,19,2489,20,2137,15.5
2026-04-17 10:15:11 PM,KXATPCHALLENGERMATCH-26APR17HOLBRO-HOL,15,2561,14,10178,13,1700,12,18826,11,4060,16,4315,17,884,18,64403,19,2489,20,2137,15.5
2026-04-17 10:15:11 PM,KXATPCHALLENGERMATCH-26APR17HOLBRO-HOL,15,2561,14,10178,13,1700,12,18826,11,4060,16,4310,17,884,18,64403,19,2489,20,2137,15.5
2026-04-17 10:15:11 PM,KXATPCHALLENGERMATCH-26APR17HOLBRO-HOL,15,2561,14,10178,13,1700,12,18826,11,4060,16,4296,17,884,18,64403,19,2489,20,2137,15.5
2026-04-17 10:15:11 PM,KXATPCHALLENGERMATCH-26APR17HOLBRO-HOL,15,2561,14,10178,13,1700,12,18826,11,4060,16,4295,17,884,18,64403,19,2489,20,2137,15.5
2026-04-17 10:15:11 PM,KXATPCHALLENGERMATCH-26APR17HOLBRO-HOL,15,2561,14,10178,13,1700,12,18826,11,4060,16,4293,17,884,18,64403,19,2489,20,2137,15.5
2026-04-17 10:15:11 PM,KXATPCHALLENGERMATCH-26APR17HOLBRO-HOL,15,2561,14,10178,13,1700,12,18826,11,4060,16,4288,17,884,18,64403,19,2489,20,2137,15.5
2026-04-17 10:15:11 PM,KXATPCHALLENGERMATCH-26APR17HOLBRO-HOL,15,2561,14,10178,13,1700,12,18826,11,4060,16,4272,17,884,18,64403,19,2489,20,2137,15.5
2026-04-17 10:15:11 PM,KXATPCHALLENGERMATCH-26APR17HOLBRO-HOL,15,2561,14,10178,13,1700,12,18826,11,4060,16,4253,17,884,18,64403,19,2489,20,2137,15.5
2026-04-17 10:15:11 PM,KXATPCHALLENGERMATCH-26APR17HOLBRO-HOL,15,2561,14,10178,13,1700,12,18826,11,4060,16,4247,17,884,18,64403,19,2489,20,2137,15.5
2026-04-17 10:15:11 PM,KXATPCHALLENGERMATCH-26APR17HOLBRO-HOL,15,2561,14,10178,13,1700,12,18826,11,4060,16,4246,17,884,18,64403,19,2489,20,2137,15.5
2026-04-17 10:15:11 PM,KXATPCHALLENGERMATCH-26APR17HOLBRO-HOL,15,2561,14,10178,13,1700,12,18826,11,4060,16,4231,17,884,18,64403,19,2489,20,2137,15.5
2026-04-17 10:15:11 PM,KXATPCHALLENGERMATCH-26APR17HOLBRO-HOL,15,2561,14,10178,13,1700,12,18826,11,4060,16,4230,17,884,18,64403,19,2489,20,2137,15.5
2026-04-17 10:15:11 PM,KXATPCHALLENGERMATCH-26APR17HOLBRO-HOL,15,2561,14,10178,13,1700,12,18826,11,4060,16,4219,17,884,18,64403,19,2489,20,2137,15.5
2026-04-17 10:15:11 PM,KXATPCHALLENGERMATCH-26APR17HOLBRO-HOL,15,2561,14,10178,13,1700,12,18826,11,4060,16,4216,17,884,18,64403,19,2489,20,2137,15.5
2026-04-17 10:15:11 PM,KXATPCHALLENGERMATCH-26APR17HOLBRO-HOL,15,2561,14,10178,13,1700,12,18826,11,4060,16,4175,17,884,18,64403,19,2489,20,2137,15.5
2026-04-17 10:15:11 PM,KXATPCHALLENGERMATCH-26APR17HOLBRO-HOL,15,2561,14,10178,13,1700,12,18826,11,4060,16,4115,17,884,18,64403,19,2489,20,2137,15.5
2026-04-17 10:15:11 PM,KXATPCHALLENGERMATCH-26APR17HOLBRO-HOL,15,2561,14,10178,13,1700,12,18826,11,4060,16,4074,17,884,18,64403,19,2489,20,2137,15.5
2026-04-17 10:15:11 PM,KXATPCHALLENGERMATCH-26APR17HOLBRO-HOL,15,2561,14,10178,13,1700,12,18826,11,4060,16,4069,17,884,18,64403,19,2489,20,2137,15.5
2026-04-17 10:15:11 PM,KXATPCHALLENGERMATCH-26APR17HOLBRO-HOL,15,2561,14,10178,13,1700,12,18826,11,4060,16,4054,17,884,18,64403,19,2489,20,2137,15.5
2026-04-17 10:15:11 PM,KXATPCHALLENGERMATCH-26APR17HOLBRO-HOL,15,2561,14,10178,13,1700,12,18826,11,4060,16,4043,17,884,18,64403,19,2489,20,2137,15.5
2026-04-17 10:15:11 PM,KXATPCHALLENGERMATCH-26APR17HOLBRO-HOL,15,2561,14,10178,13,1700,12,18826,11,4060,16,4041,17,884,18,64403,19,2489,20,2137,15.5
2026-04-17 10:15:11 PM,KXATPCHALLENGERMATCH-26APR17HOLBRO-HOL,15,2561,14,10178,13,1700,12,18826,11,4060,16,4034,17,884,18,64403,19,2489,20,2137,15.5
2026-04-17 10:15:11 PM,KXATPCHALLENGERMATCH-26APR17HOLBRO-HOL,15,2561,14,10178,13,1700,12,18826,11,4060,16,4025,17,884,18,64403,19,2489,20,2137,15.5
2026-04-17 10:15:11 PM,KXATPCHALLENGERMATCH-26APR17HOLBRO-HOL,15,2561,14,10178,13,1700,12,18826,11,4060,16,4024,17,884,18,64403,19,2489,20,2137,15.5
2026-04-17 10:15:11 PM,KXATPCHALLENGERMATCH-26APR17HOLBRO-HOL,15,2561,14,10178,13,1700,12,18826,11,4060,16,3922,17,884,18,64403,19,2489,20,2137,15.5
2026-04-17 10:15:11 PM,KXATPCHALLENGERMATCH-26APR17HOLBRO-HOL,15,2561,14,10178,13,1700,12,18826,11,4060,16,3850,17,884,18,64403,19,2489,20,2137,15.5
2026-04-17 10:15:11 PM,KXATPCHALLENGERMATCH-26APR17HOLBRO-HOL,15,2561,14,10143,13,1700,12,18826,11,4060,16,3850,17,884,18,64403,19,2489,20,2137,15.5
2026-04-17 10:15:11 PM,KXATPCHALLENGERMATCH-26APR17HOLBRO-HOL,15,2561,14,10143,13,1700,12,18826,11,4060,16,5350,17,884,18,64403,19,2489,20,2137,15.5
2026-04-17 10:15:11 PM,KXATPCHALLENGERMATCH-26APR17HOLBRO-HOL,15,2567,14,10143,13,1700,12,18826,11,4060,16,5350,17,884,18,64403,19,2489,20,2137,15.5
2026-04-17 10:15:11 PM,KXATPCHALLENGERMATCH-26APR17HOLBRO-HOL,15,2573,14,10143,13,1700,12,18826,11,4060,16,5350,17,884,18,64403,19,2489,20,2137,15.5
2026-04-17 10:15:11 PM,KXATPCHALLENGERMATCH-26APR17HOLBRO-HOL,15,2589,14,10143,13,1700,12,18826,11,4060,16,5350,17,884,18,64403,19,2489,20,2137,15.5
2026-04-17 10:15:11 PM,KXATPCHALLENGERMATCH-26APR17HOLBRO-HOL,15,2594,14,10143,13,1700,12,18826,11,4060,16,5350,17,884,18,64403,19,2489,20,2137,15.5
2026-04-17 10:15:11 PM,KXATPCHALLENGERMATCH-26APR17HOLBRO-HOL,15,2611,14,10143,13,1700,12,18826,11,4060,16,5350,17,884,18,64403,19,2489,20,2137,15.5
2026-04-17 10:15:11 PM,KXATPCHALLENGERMATCH-26APR17HOLBRO-HOL,15,2612,14,10143,13,1700,12,18826,11,4060,16,5350,17,884,18,64403,19,2489,20,2137,15.5
2026-04-17 10:15:11 PM,KXATPCHALLENGERMATCH-26APR17HOLBRO-HOL,15,2618,14,10143,13,1700,12,18826,11,4060,16,5350,17,884,18,64403,19,2489,20,2137,15.5
2026-04-17 10:15:11 PM,KXATPCHALLENGERMATCH-26APR17HOLBRO-HOL,15,2622,14,10143,13,1700,12,18826,11,4060,16,5350,17,884,18,64403,19,2489,20,2137,15.5
2026-04-17 10:15:11 PM,KXATPCHALLENGERMATCH-26APR17HOLBRO-HOL,15,2627,14,10143,13,1700,12,18826,11,4060,16,5350,17,884,18,64403,19,2489,20,2137,15.5
2026-04-17 10:15:11 PM,KXATPCHALLENGERMATCH-26APR17HOLBRO-HOL,15,2653,14,10143,13,1700,12,18826,11,4060,16,5350,17,884,18,64403,19,2489,20,2137,15.5
2026-04-17 10:15:12 PM,KXATPCHALLENGERMATCH-26APR17HOLBRO-HOL,15,2673,14,10143,13,1700,12,18826,11,4060,16,5350,17,884,18,64403,19,2489,20,2137,15.5
2026-04-17 10:15:12 PM,KXATPCHALLENGERMATCH-26APR17HOLBRO-HOL,15,2674,14,10143,13,1700,12,18826,11,4060,16,5350,17,884,18,64403,19,2489,20,2137,15.5
2026-04-17 10:15:12 PM,KXATPCHALLENGERMATCH-26APR17HOLBRO-HOL,15,2702,14,10143,13,1700,12,18826,11,4060,16,5350,17,884,18,64403,19,2489,20,2137,15.5
2026-04-17 10:15:12 PM,KXATPCHALLENGERMATCH-26APR17HOLBRO-HOL,15,2707,14,10143,13,1700,12,18826,11,4060,16,5350,17,884,18,64403,19,2489,20,2137,15.5
2026-04-17 10:15:12 PM,KXATPCHALLENGERMATCH-26APR17HOLBRO-HOL,15,2721,14,10143,13,1700,12,18826,11,4060,16,5350,17,884,18,64403,19,2489,20,2137,15.5
2026-04-17 10:15:12 PM,KXATPCHALLENGERMATCH-26APR17HOLBRO-HOL,15,2722,14,10143,13,1700,12,18826,11,4060,16,5350,17,884,18,64403,19,2489,20,2137,15.5
2026-04-17 10:15:12 PM,KXATPCHALLENGERMATCH-26APR17HOLBRO-HOL,15,2724,14,10143,13,1700,12,18826,11,4060,16,5350,17,884,18,64403,19,2489,20,2137,15.5
2026-04-17 10:15:12 PM,KXATPCHALLENGERMATCH-26APR17HOLBRO-HOL,15,2729,14,10143,13,1700,12,18826,11,4060,16,5350,17,884,18,64403,19,2489,20,2137,15.5
2026-04-17 10:15:12 PM,KXATPCHALLENGERMATCH-26APR17HOLBRO-HOL,15,2745,14,10143,13,1700,12,18826,11,4060,16,5350,17,884,18,64403,19,2489,20,2137,15.5
2026-04-17 10:15:12 PM,KXATPCHALLENGERMATCH-26APR17HOLBRO-HOL,15,2764,14,10143,13,1700,12,18826,11,4060,16,5350,17,884,18,64403,19,2489,20,2137,15.5
2026-04-17 10:15:12 PM,KXATPCHALLENGERMATCH-26APR17HOLBRO-HOL,15,2770,14,10143,13,1700,12,18826,11,4060,16,5350,17,884,18,64403,19,2489,20,2137,15.5
2026-04-17 10:15:12 PM,KXATPCHALLENGERMATCH-26APR17HOLBRO-HOL,15,2771,14,10143,13,1700,12,18826,11,4060,16,5350,17,884,18,64403,19,2489,20,2137,15.5
2026-04-17 10:15:12 PM,KXATPCHALLENGERMATCH-26APR17HOLBRO-HOL,15,2786,14,10143,13,1700,12,18826,11,4060,16,5350,17,884,18,64403,19,2489,20,2137,15.5
2026-04-17 10:15:12 PM,KXATPCHALLENGERMATCH-26APR17HOLBRO-HOL,15,2787,14,10143,13,1700,12,18826,11,4060,16,5350,17,884,18,64403,19,2489,20,2137,15.5
2026-04-17 10:15:12 PM,KXATPCHALLENGERMATCH-26APR17HOLBRO-HOL,15,2798,14,10143,13,1700,12,18826,11,4060,16,5350,17,884,18,64403,19,2489,20,2137,15.5
2026-04-17 10:15:12 PM,KXATPCHALLENGERMATCH-26APR17HOLBRO-HOL,15,2801,14,10143,13,1700,12,18826,11,4060,16,5350,17,884,18,64403,19,2489,20,2137,15.5
2026-04-17 10:15:13 PM,KXATPCHALLENGERMATCH-26APR17HOLBRO-HOL,15,2842,14,10143,13,1700,12,18826,11,4060,16,5350,17,884,18,64403,19,2489,20,2137,15.5
2026-04-17 10:15:13 PM,KXATPCHALLENGERMATCH-26APR17HOLBRO-HOL,15,2902,14,10143,13,1700,12,18826,11,4060,16,5350,17,884,18,64403,19,2489,20,2137,15.5
2026-04-17 10:15:13 PM,KXATPCHALLENGERMATCH-26APR17HOLBRO-HOL,15,2907,14,10143,13,1700,12,18826,11,4060,16,5350,17,884,18,64403,19,2489,20,2137,15.5
2026-04-17 10:15:13 PM,KXATPCHALLENGERMATCH-26APR17HOLBRO-HOL,15,2918,14,10143,13,1700,12,18826,11,4060,16,5350,17,884,18,64403,19,2489,20,2137,15.5
2026-04-17 10:15:13 PM,KXATPCHALLENGERMATCH-26APR17HOLBRO-HOL,15,2920,14,10143,13,1700,12,18826,11,4060,16,5350,17,884,18,64403,19,2489,20,2137,15.5
2026-04-17 10:15:13 PM,KXATPCHALLENGERMATCH-26APR17HOLBRO-HOL,15,2927,14,10143,13,1700,12,18826,11,4060,16,5350,17,884,18,64403,19,2489,20,2137,15.5
2026-04-17 10:15:13 PM,KXATPCHALLENGERMATCH-26APR17HOLBRO-HOL,15,2936,14,10143,13,1700,12,18826,11,4060,16,5350,17,884,18,64403,19,2489,20,2137,15.5
2026-04-17 10:15:13 PM,KXATPCHALLENGERMATCH-26APR17HOLBRO-HOL,15,2937,14,10143,13,1700,12,18826,11,4060,16,5350,17,884,18,64403,19,2489,20,2137,15.5
2026-04-17 10:15:13 PM,KXATPCHALLENGERMATCH-26APR17HOLBRO-HOL,15,3039,14,10143,13,1700,12,18826,11,4060,16,5350,17,884,18,64403,19,2489,20,2137,15.5
2026-04-17 10:15:13 PM,KXATPCHALLENGERMATCH-26APR17HOLBRO-HOL,15,3111,14,10143,13,1700,12,18826,11,4060,16,5350,17,884,18,64403,19,2489,20,2137,15.5
2026-04-17 10:15:33 PM,KXATPCHALLENGERMATCH-26APR17HOLBRO-HOL,15,2812,14,10143,13,1700,12,18826,11,4060,16,5350,17,884,18,64403,19,2489,20,2137,15.5
2026-04-17 10:15:33 PM,KXATPCHALLENGERMATCH-26APR17HOLBRO-HOL,15,2758,14,10143,13,1700,12,18826,11,4060,16,5350,17,884,18,64403,19,2489,20,2137,15.5
2026-04-17 10:15:33 PM,KXATPCHALLENGERMATCH-26APR17HOLBRO-HOL,15,3069,14,10143,13,1700,12,18826,11,4060,16,5350,17,884,18,64403,19,2489,20,2137,15.5
2026-04-17 10:15:33 PM,KXATPCHALLENGERMATCH-26APR17HOLBRO-HOL,15,3069,14,10143,13,1700,12,18826,11,4060,16,5350,17,986,18,64403,19,2489,20,2137,15.5
2026-04-17 10:15:38 PM,KXATPCHALLENGERMATCH-26APR17HOLBRO-HOL,15,3030,14,10143,13,1700,12,18826,11,4060,16,5350,17,986,18,64403,19,2489,20,2137,15.5
2026-04-17 10:15:38 PM,KXATPCHALLENGERMATCH-26APR17HOLBRO-HOL,15,2766,14,10143,13,1700,12,18826,11,4060,16,5350,17,986,18,64403,19,2489,20,2137,15.5
2026-04-17 10:15:38 PM,KXATPCHALLENGERMATCH-26APR17HOLBRO-HOL,15,2666,14,10143,13,1700,12,18826,11,4060,16,5350,17,986,18,64403,19,2489,20,2137,15.5
2026-04-17 10:15:38 PM,KXATPCHALLENGERMATCH-26APR17HOLBRO-HOL,15,2442,14,10143,13,1700,12,18826,11,4060,16,5350,17,986,18,64403,19,2489,20,2137,15.5
2026-04-17 10:15:38 PM,KXATPCHALLENGERMATCH-26APR17HOLBRO-HOL,15,2436,14,10143,13,1700,12,18826,11,4060,16,5350,17,986,18,64403,19,2489,20,2137,15.5
2026-04-17 10:15:38 PM,KXATPCHALLENGERMATCH-26APR17HOLBRO-HOL,15,2430,14,10143,13,1700,12,18826,11,4060,16,5350,17,986,18,64403,19,2489,20,2137,15.5
2026-04-17 10:15:38 PM,KXATPCHALLENGERMATCH-26APR17HOLBRO-HOL,15,2424,14,10143,13,1700,12,18826,11,4060,16,5350,17,986,18,64403,19,2489,20,2137,15.5
2026-04-17 10:15:38 PM,KXATPCHALLENGERMATCH-26APR17HOLBRO-HOL,15,2408,14,10143,13,1700,12,18826,11,4060,16,5350,17,986,18,64403,19,2489,20,2137,15.5
2026-04-17 10:15:38 PM,KXATPCHALLENGERMATCH-26APR17HOLBRO-HOL,15,2403,14,10143,13,1700,12,18826,11,4060,16,5350,17,986,18,64403,19,2489,20,2137,15.5
2026-04-17 10:15:38 PM,KXATPCHALLENGERMATCH-26APR17HOLBRO-HOL,15,2386,14,10143,13,1700,12,18826,11,4060,16,5350,17,986,18,64403,19,2489,20,2137,15.5
2026-04-17 10:15:38 PM,KXATPCHALLENGERMATCH-26APR17HOLBRO-HOL,15,2385,14,10143,13,1700,12,18826,11,4060,16,5350,17,986,18,64403,19,2489,20,2137,15.5
2026-04-17 10:15:38 PM,KXATPCHALLENGERMATCH-26APR17HOLBRO-HOL,15,2379,14,10143,13,1700,12,18826,11,4060,16,5350,17,986,18,64403,19,2489,20,2137,15.5
2026-04-17 10:15:38 PM,KXATPCHALLENGERMATCH-26APR17HOLBRO-HOL,15,2375,14,10143,13,1700,12,18826,11,4060,16,5350,17,986,18,64403,19,2489,20,2137,15.5
2026-04-17 10:15:38 PM,KXATPCHALLENGERMATCH-26APR17HOLBRO-HOL,15,2370,14,10143,13,1700,12,18826,11,4060,16,5350,17,986,18,64403,19,2489,20,2137,15.5
2026-04-17 10:15:38 PM,KXATPCHALLENGERMATCH-26APR17HOLBRO-HOL,15,2344,14,10143,13,1700,12,18826,11,4060,16,5350,17,986,18,64403,19,2489,20,2137,15.5
2026-04-17 10:15:38 PM,KXATPCHALLENGERMATCH-26APR17HOLBRO-HOL,15,2324,14,10143,13,1700,12,18826,11,4060,16,5350,17,986,18,64403,19,2489,20,2137,15.5
2026-04-17 10:15:38 PM,KXATPCHALLENGERMATCH-26APR17HOLBRO-HOL,15,2323,14,10143,13,1700,12,18826,11,4060,16,5350,17,986,18,64403,19,2489,20,2137,15.5
2026-04-17 10:15:38 PM,KXATPCHALLENGERMATCH-26APR17HOLBRO-HOL,15,2295,14,10143,13,1700,12,18826,11,4060,16,5350,17,986,18,64403,19,2489,20,2137,15.5
2026-04-17 10:15:38 PM,KXATPCHALLENGERMATCH-26APR17HOLBRO-HOL,15,2290,14,10143,13,1700,12,18826,11,4060,16,5350,17,986,18,64403,19,2489,20,2137,15.5
2026-04-17 10:15:38 PM,KXATPCHALLENGERMATCH-26APR17HOLBRO-HOL,15,2276,14,10143,13,1700,12,18826,11,4060,16,5350,17,986,18,64403,19,2489,20,2137,15.5
2026-04-17 10:15:38 PM,KXATPCHALLENGERMATCH-26APR17HOLBRO-HOL,15,2275,14,10143,13,1700,12,18826,11,4060,16,5350,17,986,18,64403,19,2489,20,2137,15.5
2026-04-17 10:15:38 PM,KXATPCHALLENGERMATCH-26APR17HOLBRO-HOL,15,2273,14,10143,13,1700,12,18826,11,4060,16,5350,17,986,18,64403,19,2489,20,2137,15.5
2026-04-17 10:15:38 PM,KXATPCHALLENGERMATCH-26APR17HOLBRO-HOL,15,2268,14,10143,13,1700,12,18826,11,4060,16,5350,17,986,18,64403,19,2489,20,2137,15.5
2026-04-17 10:15:38 PM,KXATPCHALLENGERMATCH-26APR17HOLBRO-HOL,15,2252,14,10143,13,1700,12,18826,11,4060,16,5350,17,986,18,64403,19,2489,20,2137,15.5
2026-04-17 10:15:38 PM,KXATPCHALLENGERMATCH-26APR17HOLBRO-HOL,15,2233,14,10143,13,1700,12,18826,11,4060,16,5350,17,986,18,64403,19,2489,20,2137,15.5
2026-04-17 10:15:38 PM,KXATPCHALLENGERMATCH-26APR17HOLBRO-HOL,15,2227,14,10143,13,1700,12,18826,11,4060,16,5350,17,986,18,64403,19,2489,20,2137,15.5
2026-04-17 10:15:38 PM,KXATPCHALLENGERMATCH-26APR17HOLBRO-HOL,15,2226,14,10143,13,1700,12,18826,11,4060,16,5350,17,986,18,64403,19,2489,20,2137,15.5
2026-04-17 10:15:38 PM,KXATPCHALLENGERMATCH-26APR17HOLBRO-HOL,15,2211,14,10143,13,1700,12,18826,11,4060,16,5350,17,986,18,64403,19,2489,20,2137,15.5
2026-04-17 10:15:38 PM,KXATPCHALLENGERMATCH-26APR17HOLBRO-HOL,15,2210,14,10143,13,1700,12,18826,11,4060,16,5350,17,986,18,64403,19,2489,20,2137,15.5
2026-04-17 10:15:38 PM,KXATPCHALLENGERMATCH-26APR17HOLBRO-HOL,15,2199,14,10143,13,1700,12,18826,11,4060,16,5350,17,986,18,64403,19,2489,20,2137,15.5
2026-04-17 10:15:38 PM,KXATPCHALLENGERMATCH-26APR17HOLBRO-HOL,15,2196,14,10143,13,1700,12,18826,11,4060,16,5350,17,986,18,64403,19,2489,20,2137,15.5
2026-04-17 10:15:38 PM,KXATPCHALLENGERMATCH-26APR17HOLBRO-HOL,15,2155,14,10143,13,1700,12,18826,11,4060,16,5350,17,986,18,64403,19,2489,20,2137,15.5
2026-04-17 10:15:38 PM,KXATPCHALLENGERMATCH-26APR17HOLBRO-HOL,15,2095,14,10143,13,1700,12,18826,11,4060,16,5350,17,986,18,64403,19,2489,20,2137,15.5
2026-04-17 10:15:38 PM,KXATPCHALLENGERMATCH-26APR17HOLBRO-HOL,15,2090,14,10143,13,1700,12,18826,11,4060,16,5350,17,986,18,64403,19,2489,20,2137,15.5
2026-04-17 10:15:38 PM,KXATPCHALLENGERMATCH-26APR17HOLBRO-HOL,15,2079,14,10143,13,1700,12,18826,11,4060,16,5350,17,986,18,64403,19,2489,20,2137,15.5
2026-04-17 10:15:38 PM,KXATPCHALLENGERMATCH-26APR17HOLBRO-HOL,15,2077,14,10143,13,1700,12,18826,11,4060,16,5350,17,986,18,64403,19,2489,20,2137,15.5
2026-04-17 10:15:38 PM,KXATPCHALLENGERMATCH-26APR17HOLBRO-HOL,15,2070,14,10143,13,1700,12,18826,11,4060,16,5350,17,986,18,64403,19,2489,20,2137,15.5
2026-04-17 10:15:38 PM,KXATPCHALLENGERMATCH-26APR17HOLBRO-HOL,15,2061,14,10143,13,1700,12,18826,11,4060,16,5350,17,986,18,64403,19,2489,20,2137,15.5
2026-04-17 10:15:38 PM,KXATPCHALLENGERMATCH-26APR17HOLBRO-HOL,15,2060,14,10143,13,1700,12,18826,11,4060,16,5350,17,986,18,64403,19,2489,20,2137,15.5
2026-04-17 10:15:38 PM,KXATPCHALLENGERMATCH-26APR17HOLBRO-HOL,15,1958,14,10143,13,1700,12,18826,11,4060,16,5350,17,986,18,64403,19,2489,20,2137,15.5
2026-04-17 10:15:38 PM,KXATPCHALLENGERMATCH-26APR17HOLBRO-HOL,15,1890,14,10143,13,1700,12,18826,11,4060,16,5350,17,986,18,64403,19,2489,20,2137,15.5
2026-04-17 10:15:38 PM,KXATPCHALLENGERMATCH-26APR17HOLBRO-HOL,15,16,14,10143,13,1700,12,18826,11,4060,16,5350,17,986,18,64403,19,2489,20,2137,15.5
2026-04-17 10:15:39 PM,KXATPCHALLENGERMATCH-26APR17HOLBRO-HOL,15,16,14,10143,13,1700,12,18826,11,4060,16,5356,17,986,18,64403,19,2489,20,2137,15.5
2026-04-17 10:15:39 PM,KXATPCHALLENGERMATCH-26APR17HOLBRO-HOL,15,16,14,10143,13,1700,12,18826,11,4060,16,5450,17,986,18,64403,19,2489,20,2137,15.5
2026-04-17 10:15:39 PM,KXATPCHALLENGERMATCH-26APR17HOLBRO-HOL,15,16,14,10143,13,1700,12,18826,11,4060,16,5456,17,986,18,64403,19,2489,20,2137,15.5
2026-04-17 10:15:39 PM,KXATPCHALLENGERMATCH-26APR17HOLBRO-HOL,15,16,14,10143,13,1700,12,18826,11,4060,16,5462,17,986,18,64403,19,2489,20,2137,15.5
2026-04-17 10:15:39 PM,KXATPCHALLENGERMATCH-26APR17HOLBRO-HOL,15,16,14,10143,13,1700,12,18826,11,4060,16,5478,17,986,18,64403,19,2489,20,2137,15.5
2026-04-17 10:15:39 PM,KXATPCHALLENGERMATCH-26APR17HOLBRO-HOL,15,16,14,10143,13,1700,12,18826,11,4060,16,5483,17,986,18,64403,19,2489,20,2137,15.5
2026-04-17 10:15:39 PM,KXATPCHALLENGERMATCH-26APR17HOLBRO-HOL,15,16,14,10143,13,1700,12,18826,11,4060,16,5500,17,986,18,64403,19,2489,20,2137,15.5
2026-04-17 10:15:39 PM,KXATPCHALLENGERMATCH-26APR17HOLBRO-HOL,15,16,14,10143,13,1700,12,18826,11,4060,16,5501,17,986,18,64403,19,2489,20,2137,15.5
2026-04-17 10:15:39 PM,KXATPCHALLENGERMATCH-26APR17HOLBRO-HOL,15,16,14,10143,13,1700,12,18826,11,4060,16,5507,17,986,18,64403,19,2489,20,2137,15.5
2026-04-17 10:15:39 PM,KXATPCHALLENGERMATCH-26APR17HOLBRO-HOL,15,16,14,10143,13,1700,12,18826,11,4060,16,5511,17,986,18,64403,19,2489,20,2137,15.5
2026-04-17 10:15:39 PM,KXATPCHALLENGERMATCH-26APR17HOLBRO-HOL,15,16,14,10143,13,1700,12,18826,11,4060,16,5516,17,986,18,64403,19,2489,20,2137,15.5
2026-04-17 10:15:39 PM,KXATPCHALLENGERMATCH-26APR17HOLBRO-HOL,15,16,14,10143,13,1700,12,18826,11,4060,16,5542,17,986,18,64403,19,2489,20,2137,15.5
2026-04-17 10:15:39 PM,KXATPCHALLENGERMATCH-26APR17HOLBRO-HOL,15,16,14,10143,13,1700,12,18826,11,4060,16,5562,17,986,18,64403,19,2489,20,2137,15.5
2026-04-17 10:15:39 PM,KXATPCHALLENGERMATCH-26APR17HOLBRO-HOL,15,16,14,10143,13,1700,12,18826,11,4060,16,5563,17,986,18,64403,19,2489,20,2137,15.5
2026-04-17 10:15:40 PM,KXATPCHALLENGERMATCH-26APR17HOLBRO-HOL,15,16,14,10143,13,1700,12,18826,11,4060,16,5591,17,986,18,64403,19,2489,20,2137,15.5
2026-04-17 10:15:40 PM,KXATPCHALLENGERMATCH-26APR17HOLBRO-HOL,15,16,14,10143,13,1700,12,18826,11,4060,16,5596,17,986,18,64403,19,2489,20,2137,15.5
2026-04-17 10:15:40 PM,KXATPCHALLENGERMATCH-26APR17HOLBRO-HOL,15,16,14,10143,13,1700,12,18826,11,4060,16,5610,17,986,18,64403,19,2489,20,2137,15.5
2026-04-17 10:15:40 PM,KXATPCHALLENGERMATCH-26APR17HOLBRO-HOL,15,16,14,10143,13,1700,12,18826,11,4060,16,5611,17,986,18,64403,19,2489,20,2137,15.5
2026-04-17 10:15:40 PM,KXATPCHALLENGERMATCH-26APR17HOLBRO-HOL,15,16,14,10143,13,1700,12,18826,11,4060,16,5613,17,986,18,64403,19,2489,20,2137,15.5
2026-04-17 10:15:40 PM,KXATPCHALLENGERMATCH-26APR17HOLBRO-HOL,15,16,14,10143,13,1700,12,18826,11,4060,16,5618,17,986,18,64403,19,2489,20,2137,15.5
2026-04-17 10:15:40 PM,KXATPCHALLENGERMATCH-26APR17HOLBRO-HOL,15,16,14,10143,13,1700,12,18826,11,4060,16,5634,17,986,18,64403,19,2489,20,2137,15.5
2026-04-17 10:15:40 PM,KXATPCHALLENGERMATCH-26APR17HOLBRO-HOL,15,16,14,10143,13,1700,12,18826,11,4060,16,5653,17,986,18,64403,19,2489,20,2137,15.5
2026-04-17 10:15:40 PM,KXATPCHALLENGERMATCH-26APR17HOLBRO-HOL,15,16,14,10143,13,1700,12,18826,11,4060,16,5659,17,986,18,64403,19,2489,20,2137,15.5
2026-04-17 10:15:40 PM,KXATPCHALLENGERMATCH-26APR17HOLBRO-HOL,15,16,14,10143,13,1700,12,18826,11,4060,16,5660,17,986,18,64403,19,2489,20,2137,15.5
2026-04-17 10:15:40 PM,KXATPCHALLENGERMATCH-26APR17HOLBRO-HOL,15,16,14,10143,13,1700,12,18826,11,4060,16,5675,17,986,18,64403,19,2489,20,2137,15.5
2026-04-17 10:15:40 PM,KXATPCHALLENGERMATCH-26APR17HOLBRO-HOL,15,16,14,10143,13,1700,12,18826,11,4060,16,5676,17,986,18,64403,19,2489,20,2137,15.5
2026-04-17 10:15:40 PM,KXATPCHALLENGERMATCH-26APR17HOLBRO-HOL,15,16,14,10143,13,1700,12,18826,11,4060,16,5687,17,986,18,64403,19,2489,20,2137,15.5
2026-04-17 10:15:41 PM,KXATPCHALLENGERMATCH-26APR17HOLBRO-HOL,15,16,14,10143,13,1700,12,18826,11,4060,16,5690,17,986,18,64403,19,2489,20,2137,15.5
2026-04-17 10:15:41 PM,KXATPCHALLENGERMATCH-26APR17HOLBRO-HOL,15,16,14,10143,13,1700,12,18826,11,4060,16,5731,17,986,18,64403,19,2489,20,2137,15.5
2026-04-17 10:15:41 PM,KXATPCHALLENGERMATCH-26APR17HOLBRO-HOL,15,16,14,10143,13,1700,12,18826,11,4060,16,5791,17,986,18,64403,19,2489,20,2137,15.5
2026-04-17 10:15:41 PM,KXATPCHALLENGERMATCH-26APR17HOLBRO-HOL,15,16,14,10143,13,1700,12,18826,11,4060,16,5796,17,986,18,64403,19,2489,20,2137,15.5
2026-04-17 10:15:41 PM,KXATPCHALLENGERMATCH-26APR17HOLBRO-HOL,15,16,14,10143,13,1700,12,18826,11,4060,16,5807,17,986,18,64403,19,2489,20,2137,15.5
2026-04-17 10:15:41 PM,KXATPCHALLENGERMATCH-26APR17HOLBRO-HOL,15,16,14,10143,13,1700,12,18826,11,4060,16,5809,17,986,18,64403,19,2489,20,2137,15.5
2026-04-17 10:15:41 PM,KXATPCHALLENGERMATCH-26APR17HOLBRO-HOL,15,16,14,10143,13,1700,12,18826,11,4060,16,5816,17,986,18,64403,19,2489,20,2137,15.5
2026-04-17 10:15:41 PM,KXATPCHALLENGERMATCH-26APR17HOLBRO-HOL,15,16,14,10143,13,1700,12,18826,11,4060,16,5825,17,986,18,64403,19,2489,20,2137,15.5
2026-04-17 10:15:41 PM,KXATPCHALLENGERMATCH-26APR17HOLBRO-HOL,15,16,14,10143,13,1700,12,18826,11,4060,16,5826,17,986,18,64403,19,2489,20,2137,15.5
2026-04-17 10:15:41 PM,KXATPCHALLENGERMATCH-26APR17HOLBRO-HOL,15,16,14,10143,13,1700,12,18826,11,4060,16,5928,17,986,18,64403,19,2489,20,2137,15.5
2026-04-17 10:15:41 PM,KXATPCHALLENGERMATCH-26APR17HOLBRO-HOL,15,16,14,10143,13,1700,12,18826,11,4060,16,5996,17,986,18,64403,19,2489,20,2137,15.5
2026-04-17 10:15:43 PM,KXATPCHALLENGERMATCH-26APR17HOLBRO-HOL,15,16,14,10143,13,1700,12,18826,11,4060,16,5925,17,986,18,64403,19,2489,20,2137,15.5
2026-04-17 10:15:43 PM,KXATPCHALLENGERMATCH-26APR17HOLBRO-HOL,15,16,14,10143,13,1700,12,18826,11,4060,16,5914,17,986,18,64403,19,2489,20,2137,15.5
2026-04-17 10:15:43 PM,KXATPCHALLENGERMATCH-26APR17HOLBRO-HOL,15,16,14,10143,13,1700,12,18826,11,4060,16,5897,17,986,18,64403,19,2489,20,2137,15.5
2026-04-17 10:15:43 PM,KXATPCHALLENGERMATCH-26APR17HOLBRO-HOL,15,16,14,10243,13,1700,12,18826,11,4060,16,5897,17,986,18,64403,19,2489,20,2137,15.5
2026-04-17 10:15:43 PM,KXATPCHALLENGERMATCH-26APR17HOLBRO-HOL,15,87,14,10243,13,1700,12,18826,11,4060,16,5897,17,986,18,64403,19,2489,20,2137,15.5
2026-04-17 10:15:43 PM,KXATPCHALLENGERMATCH-26APR17HOLBRO-HOL,15,87,14,8243,13,1700,12,18826,11,4060,16,5897,17,986,18,64403,19,2489,20,2137,15.5
2026-04-17 10:15:43 PM,KXATPCHALLENGERMATCH-26APR17HOLBRO-HOL,15,2014,14,8243,13,1700,12,18826,11,4060,16,5897,17,986,18,64403,19,2489,20,2137,15.5
2026-04-17 10:15:43 PM,KXATPCHALLENGERMATCH-26APR17HOLBRO-HOL,15,2025,14,8243,13,1700,12,18826,11,4060,16,5897,17,986,18,64403,19,2489,20,2137,15.5
2026-04-17 10:15:43 PM,KXATPCHALLENGERMATCH-26APR17HOLBRO-HOL,15,2025,14,8143,13,1700,12,18826,11,4060,16,5897,17,986,18,64403,19,2489,20,2137,15.5
2026-04-17 10:15:43 PM,KXATPCHALLENGERMATCH-26APR17HOLBRO-HOL,15,2042,14,8143,13,1700,12,18826,11,4060,16,5897,17,986,18,64403,19,2489,20,2137,15.5
2026-04-17 10:15:44 PM,KXATPCHALLENGERMATCH-26APR17HOLBRO-HOL,15,2142,14,8143,13,1700,12,18826,11,4060,16,5897,17,986,18,64403,19,2489,20,2137,15.5
2026-04-17 10:15:44 PM,KXATPCHALLENGERMATCH-26APR17HOLBRO-HOL,15,2142,14,8143,13,1700,12,18826,11,4060,16,5886,17,986,18,64403,19,2489,20,2137,15.5
2026-04-17 10:15:44 PM,KXATPCHALLENGERMATCH-26APR17HOLBRO-HOL,15,2153,14,8143,13,1700,12,18826,11,4060,16,5886,17,986,18,64403,19,2489,20,2137,15.5
2026-04-17 10:15:51 PM,KXATPCHALLENGERMATCH-26APR17HOLBRO-HOL,15,2150,14,8143,13,1700,12,18826,11,4060,16,5886,17,986,18,64403,19,2489,20,2137,15.5
2026-04-17 10:15:51 PM,KXATPCHALLENGERMATCH-26APR17HOLBRO-HOL,15,2141,14,8143,13,1700,12,18826,11,4060,16,5886,17,986,18,64403,19,2489,20,2137,15.5
2026-04-17 10:15:51 PM,KXATPCHALLENGERMATCH-26APR17HOLBRO-HOL,15,2141,14,8143,13,1700,12,18826,11,4060,16,5889,17,986,18,64403,19,2489,20,2137,15.5
2026-04-17 10:15:51 PM,KXATPCHALLENGERMATCH-26APR17HOLBRO-HOL,15,2141,14,8143,13,1700,12,18826,11,4060,16,5898,17,986,18,64403,19,2489,20,2137,15.5
2026-04-17 10:15:52 PM,KXATPCHALLENGERMATCH-26APR17HOLBRO-HOL,15,2080,14,8143,13,1700,12,18826,11,4060,16,5898,17,986,18,64403,19,2489,20,2137,15.5
2026-04-17 10:15:52 PM,KXATPCHALLENGERMATCH-26APR17HOLBRO-HOL,15,1994,14,8143,13,1700,12,18826,11,4060,16,5898,17,986,18,64403,19,2489,20,2137,15.5
2026-04-17 10:15:53 PM,KXATPCHALLENGERMATCH-26APR17HOLBRO-HOL,15,1994,14,9937,13,1700,12,18826,11,4060,16,5898,17,986,18,64403,19,2489,20,2137,15.5
2026-04-17 10:15:53 PM,KXATPCHALLENGERMATCH-26APR17HOLBRO-HOL,15,1994,14,9937,13,1700,12,18826,11,4060,16,5959,17,986,18,64403,19,2489,20,2137,15.5
2026-04-17 10:15:54 PM,KXATPCHALLENGERMATCH-26APR17HOLBRO-HOL,15,2218,14,9937,13,1700,12,18826,11,4060,16,5959,17,986,18,64403,19,2489,20,2137,15.5
2026-04-17 10:15:54 PM,KXATPCHALLENGERMATCH-26APR17HOLBRO-HOL,15,2253,14,9937,13,1700,12,18826,11,4060,16,5959,17,986,18,64403,19,2489,20,2137,15.5
2026-04-17 10:16:00 PM,KXATPCHALLENGERMATCH-26APR17HOLBRO-HOL,15,2224,14,9937,13,1700,12,18826,11,4060,16,5959,17,986,18,64403,19,2489,20,2137,15.5
2026-04-17 10:16:00 PM,KXATPCHALLENGERMATCH-26APR17HOLBRO-HOL,15,2189,14,9937,13,1700,12,18826,11,4060,16,5959,17,986,18,64403,19,2489,20,2137,15.5
2026-04-17 10:16:16 PM,KXATPCHALLENGERMATCH-26APR17HOLBRO-HOL,15,2189,14,9937,13,1700,12,18826,11,4060,16,5955,17,986,18,64403,19,2489,20,2137,15.5
2026-04-17 10:16:16 PM,KXATPCHALLENGERMATCH-26APR17HOLBRO-HOL,15,2189,14,9937,13,1700,12,18826,11,4060,16,5939,17,986,18,64403,19,2489,20,2137,15.5
2026-04-17 10:16:16 PM,KXATPCHALLENGERMATCH-26APR17HOLBRO-HOL,15,2189,14,9937,13,1700,12,18826,11,4060,16,5930,17,986,18,64403,19,2489,20,2137,15.5
2026-04-17 10:16:16 PM,KXATPCHALLENGERMATCH-26APR17HOLBRO-HOL,15,2189,14,9937,13,1700,12,18826,11,4060,16,5922,17,986,18,64403,19,2489,20,2137,15.5
2026-04-17 10:16:16 PM,KXATPCHALLENGERMATCH-26APR17HOLBRO-HOL,15,2189,14,9937,13,1700,12,18826,11,4060,16,5910,17,986,18,64403,19,2489,20,2137,15.5
2026-04-17 10:16:16 PM,KXATPCHALLENGERMATCH-26APR17HOLBRO-HOL,15,2193,14,9937,13,1700,12,18826,11,4060,16,5910,17,986,18,64403,19,2489,20,2137,15.5
2026-04-17 10:16:16 PM,KXATPCHALLENGERMATCH-26APR17HOLBRO-HOL,15,2209,14,9937,13,1700,12,18826,11,4060,16,5910,17,986,18,64403,19,2489,20,2137,15.5
2026-04-17 10:16:16 PM,KXATPCHALLENGERMATCH-26APR17HOLBRO-HOL,15,2218,14,9937,13,1700,12,18826,11,4060,16,5910,17,986,18,64403,19,2489,20,2137,15.5
2026-04-17 10:16:16 PM,KXATPCHALLENGERMATCH-26APR17HOLBRO-HOL,15,2226,14,9937,13,1700,12,18826,11,4060,16,5910,17,986,18,64403,19,2489,20,2137,15.5
2026-04-17 10:16:16 PM,KXATPCHALLENGERMATCH-26APR17HOLBRO-HOL,15,2238,14,9937,13,1700,12,18826,11,4060,16,5910,17,986,18,64403,19,2489,20,2137,15.5
2026-04-17 10:16:32 PM,KXATPCHALLENGERMATCH-26APR17HOLBRO-HOL,15,2238,14,9937,13,1700,12,18826,11,4060,16,5862,17,986,18,64403,19,2489,20,2137,15.5
2026-04-17 10:16:32 PM,KXATPCHALLENGERMATCH-26APR17HOLBRO-HOL,15,2238,14,9937,13,1700,12,18826,11,4060,16,5861,17,986,18,64403,19,2489,20,2137,15.5
2026-04-17 10:16:32 PM,KXATPCHALLENGERMATCH-26APR17HOLBRO-HOL,15,2286,14,9937,13,1700,12,18826,11,4060,16,5861,17,986,18,64403,19,2489,20,2137,15.5
2026-04-17 10:16:32 PM,KXATPCHALLENGERMATCH-26APR17HOLBRO-HOL,15,2287,14,9937,13,1700,12,18826,11,4060,16,5861,17,986,18,64403,19,2489,20,2137,15.5
2026-04-17 10:16:46 PM,KXATPCHALLENGERMATCH-26APR17HOLBRO-HOL,15,2287,14,9937,13,1700,12,18826,11,4060,16,5820,17,986,18,64403,19,2489,20,2137,15.5
2026-04-17 10:16:46 PM,KXATPCHALLENGERMATCH-26APR17HOLBRO-HOL,15,2287,14,9937,13,1700,12,18826,11,4060,16,5817,17,986,18,64403,19,2489,20,2137,15.5
2026-04-17 10:16:46 PM,KXATPCHALLENGERMATCH-26APR17HOLBRO-HOL,15,2287,14,9937,13,1700,12,18826,11,4060,16,5813,17,986,18,64403,19,2489,20,2137,15.5
2026-04-17 10:16:46 PM,KXATPCHALLENGERMATCH-26APR17HOLBRO-HOL,15,2287,14,9937,13,1700,12,18826,11,4060,16,5808,17,986,18,64403,19,2489,20,2137,15.5
2026-04-17 10:16:46 PM,KXATPCHALLENGERMATCH-26APR17HOLBRO-HOL,15,2328,14,9937,13,1700,12,18826,11,4060,16,5808,17,986,18,64403,19,2489,20,2137,15.5
2026-04-17 10:16:46 PM,KXATPCHALLENGERMATCH-26APR17HOLBRO-HOL,15,2331,14,9937,13,1700,12,18826,11,4060,16,5808,17,986,18,64403,19,2489,20,2137,15.5
2026-04-17 10:16:46 PM,KXATPCHALLENGERMATCH-26APR17HOLBRO-HOL,15,2335,14,9937,13,1700,12,18826,11,4060,16,5808,17,986,18,64403,19,2489,20,2137,15.5
2026-04-17 10:16:46 PM,KXATPCHALLENGERMATCH-26APR17HOLBRO-HOL,15,2335,14,9972,13,1700,12,18826,11,4060,16,5808,17,986,18,64403,19,2489,20,2137,15.5
2026-04-17 10:16:46 PM,KXATPCHALLENGERMATCH-26APR17HOLBRO-HOL,15,2340,14,9972,13,1700,12,18826,11,4060,16,5808,17,986,18,64403,19,2489,20,2137,15.5
2026-04-17 10:18:19 PM,KXATPCHALLENGERMATCH-26APR17HOLBRO-HOL,15,2281,14,9972,13,1700,12,18826,11,4060,16,5808,17,986,18,64403,19,2489,20,2137,15.5
2026-04-17 10:18:19 PM,KXATPCHALLENGERMATCH-26APR17HOLBRO-HOL,15,2692,14,9972,13,1700,12,18826,11,4060,16,5808,17,986,18,64403,19,2489,20,2137,15.5
2026-04-17 10:19:08 PM,KXATPCHALLENGERMATCH-26APR17HOLBRO-HOL,15,2681,14,9972,13,1700,12,18826,11,4060,16,5808,17,986,18,64403,19,2489,20,2137,15.5
2026-04-17 10:19:26 PM,KXATPCHALLENGERMATCH-26APR17HOLBRO-HOL,15,2270,14,9972,13,1700,12,18826,11,4060,16,5808,17,986,18,64403,19,2489,20,2137,15.5
2026-04-17 10:19:26 PM,KXATPCHALLENGERMATCH-26APR17HOLBRO-HOL,15,2270,14,9937,13,1700,12,18826,11,4060,16,5808,17,986,18,64403,19,2489,20,2137,15.5
2026-04-17 10:20:21 PM,KXATPCHALLENGERMATCH-26APR17HOLBRO-HOL,15,2270,14,9937,13,1700,12,18826,11,4060,16,5792,17,986,18,64403,19,2489,20,2137,15.5
2026-04-17 10:20:21 PM,KXATPCHALLENGERMATCH-26APR17HOLBRO-HOL,15,2270,14,9937,13,1700,12,18826,11,4060,16,5679,17,986,18,64403,19,2489,20,2137,15.5
2026-04-17 10:20:21 PM,KXATPCHALLENGERMATCH-26APR17HOLBRO-HOL,15,2286,14,9937,13,1700,12,18826,11,4060,16,5679,17,986,18,64403,19,2489,20,2137,15.5
2026-04-17 10:20:39 PM,KXATPCHALLENGERMATCH-26APR17HOLBRO-HOL,15,2286,14,9937,13,1700,12,18826,11,4060,16,5679,17,1445,18,64403,19,2489,20,2137,15.5
2026-04-17 10:20:40 PM,KXATPCHALLENGERMATCH-26APR17HOLBRO-HOL,15,2286,14,9937,13,1700,12,18826,11,4060,16,5679,17,986,18,64403,19,2489,20,2137,15.5
2026-04-17 10:20:40 PM,KXATPCHALLENGERMATCH-26APR17HOLBRO-HOL,15,2286,14,9937,13,1700,12,18826,11,4060,16,6138,17,986,18,64403,19,2489,20,2137,15.5
2026-04-17 10:20:58 PM,KXATPCHALLENGERMATCH-26APR17HOLBRO-HOL,15,2286,14,9937,13,1700,12,18826,11,4060,16,6133,17,986,18,64403,19,2489,20,2137,15.5
2026-04-17 10:22:09 PM,KXATPCHALLENGERMATCH-26APR17HOLBRO-HOL,15,3286,14,9937,13,1700,12,18826,11,4060,16,6133,17,986,18,64403,19,2489,20,2137,15.5
2026-04-17 10:22:17 PM,KXATPCHALLENGERMATCH-26APR17HOLBRO-HOL,15,3286,14,9937,13,1700,12,18826,11,4060,16,6015,17,986,18,64403,19,2489,20,2137,15.5
2026-04-17 10:22:49 PM,KXATPCHALLENGERMATCH-26APR17HOLBRO-HOL,15,2047,14,9937,13,1700,12,18826,11,4060,16,6015,17,986,18,64403,19,2489,20,2137,15.5
2026-04-17 10:22:49 PM,KXATPCHALLENGERMATCH-26APR17HOLBRO-HOL,15,2999,14,9937,13,1700,12,18826,11,4060,16,6015,17,986,18,64403,19,2489,20,2137,15.5
2026-04-17 10:22:49 PM,KXATPCHALLENGERMATCH-26APR17HOLBRO-HOL,15,2999,14,8143,13,1700,12,18826,11,4060,16,6015,17,986,18,64403,19,2489,20,2137,15.5
2026-04-17 10:22:51 PM,KXATPCHALLENGERMATCH-26APR17HOLBRO-HOL,15,2775,14,8143,13,1700,12,18826,11,4060,16,6015,17,986,18,64403,19,2489,20,2137,15.5
2026-04-17 10:22:52 PM,KXATPCHALLENGERMATCH-26APR17HOLBRO-HOL,15,4275,14,8143,13,1700,12,18826,11,4060,16,6015,17,986,18,64403,19,2489,20,2137,15.5
2026-04-17 10:22:52 PM,KXATPCHALLENGERMATCH-26APR17HOLBRO-HOL,15,4275,14,8178,13,1700,12,18826,11,4060,16,6015,17,986,18,64403,19,2489,20,2137,15.5
2026-04-17 10:22:53 PM,KXATPCHALLENGERMATCH-26APR17HOLBRO-HOL,15,4275,14,8178,13,1700,12,18826,11,4060,16,7515,17,986,18,64403,19,2489,20,2137,15.5
2026-04-17 10:22:55 PM,KXATPCHALLENGERMATCH-26APR17HOLBRO-HOL,15,5775,14,8178,13,1700,12,18826,11,4060,16,7515,17,986,18,64403,19,2489,20,2137,15.5
2026-04-17 10:23:07 PM,KXATPCHALLENGERMATCH-26APR17HOLBRO-HOL,15,5775,14,8178,13,1700,12,18826,11,4060,16,7220,17,986,18,64403,19,2489,20,2137,15.5
2026-04-17 10:23:15 PM,KXATPCHALLENGERMATCH-26APR17HOLBRO-HOL,15,5528,14,8178,13,1700,12,18826,11,4060,16,7220,17,986,18,64403,19,2489,20,2137,15.5
2026-04-17 10:23:15 PM,KXATPCHALLENGERMATCH-26APR17HOLBRO-HOL,15,5528,14,9297,13,1700,12,18826,11,4060,16,7220,17,986,18,64403,19,2489,20,2137,15.5
2026-04-17 10:23:58 PM,KXATPCHALLENGERMATCH-26APR17HOLBRO-HOL,15,6528,14,9297,13,1700,12,18826,11,4060,16,7220,17,986,18,64403,19,2489,20,2137,15.5
2026-04-17 10:23:59 PM,KXATPCHALLENGERMATCH-26APR17HOLBRO-HOL,15,6528,14,9262,13,1700,12,18826,11,4060,16,7220,17,986,18,64403,19,2489,20,2137,15.5
2026-04-17 10:24:13 PM,KXATPCHALLENGERMATCH-26APR17HOLBRO-HOL,15,5528,14,9262,13,1700,12,18826,11,4060,16,7220,17,986,18,64403,19,2489,20,2137,15.5
2026-04-17 10:24:27 PM,KXATPCHALLENGERMATCH-26APR17HOLBRO-HOL,15,5527,14,9262,13,1700,12,18826,11,4060,16,7220,17,986,18,64403,19,2489,20,2137,15.5
2026-04-17 10:24:53 PM,KXATPCHALLENGERMATCH-26APR17HOLBRO-HOL,15,5527,14,9262,13,1700,12,18826,11,4060,16,7197,17,986,18,64403,19,2489,20,2137,15.5
2026-04-17 10:25:02 PM,KXATPCHALLENGERMATCH-26APR17HOLBRO-HOL,15,5527,14,9262,13,1700,12,18826,11,4060,16,7020,17,986,18,64403,19,2489,20,2137,15.5
2026-04-17 10:25:07 PM,KXATPCHALLENGERMATCH-26APR17HOLBRO-HOL,15,5425,14,9262,13,1700,12,18826,11,4060,16,7020,17,986,18,64403,19,2489,20,2137,15.5
2026-04-17 10:25:07 PM,KXATPCHALLENGERMATCH-26APR17HOLBRO-HOL,15,5425,14,8143,13,1700,12,18826,11,4060,16,7020,17,986,18,64403,19,2489,20,2137,15.5
2026-04-17 10:25:10 PM,KXATPCHALLENGERMATCH-26APR17HOLBRO-HOL,15,5425,14,9102,13,1700,12,18826,11,4060,16,7020,17,986,18,64403,19,2489,20,2137,15.5
2026-04-17 10:25:15 PM,KXATPCHALLENGERMATCH-26APR17HOLBRO-HOL,15,5420,14,9102,13,1700,12,18826,11,4060,16,7020,17,986,18,64403,19,2489,20,2137,15.5
2026-04-17 10:25:20 PM,KXATPCHALLENGERMATCH-26APR17HOLBRO-HOL,15,5420,14,9102,13,1700,12,18826,11,4060,16,6643,17,986,18,64403,19,2489,20,2137,15.5
2026-04-17 10:25:41 PM,KXATPCHALLENGERMATCH-26APR17HOLBRO-HOL,15,5420,14,9102,13,1700,12,18826,11,4060,16,6608,17,986,18,64403,19,2489,20,2137,15.5
2026-04-17 10:26:06 PM,KXATPCHALLENGERMATCH-26APR17HOLBRO-HOL,15,5420,14,9102,13,1700,12,18826,11,4060,16,6597,17,986,18,64403,19,2489,20,2137,15.5
2026-04-17 10:26:11 PM,KXATPCHALLENGERMATCH-26APR17HOLBRO-HOL,15,5596,14,9102,13,1700,12,18826,11,4060,16,6597,17,986,18,64403,19,2489,20,2137,15.5
2026-04-17 10:26:23 PM,KXATPCHALLENGERMATCH-26APR17HOLBRO-HOL,15,5596,14,9102,13,1700,12,18826,11,4060,16,6568,17,986,18,64403,19,2489,20,2137,15.5
2026-04-17 10:26:27 PM,KXATPCHALLENGERMATCH-26APR17HOLBRO-HOL,15,5510,14,9102,13,1700,12,18826,11,4060,16,6568,17,986,18,64403,19,2489,20,2137,15.5
2026-04-17 10:27:14 PM,KXATPCHALLENGERMATCH-26APR17HOLBRO-HOL,15,5487,14,9102,13,1700,12,18826,11,4060,16,6568,17,986,18,64403,19,2489,20,2137,15.5
2026-04-17 10:27:18 PM,KXATPCHALLENGERMATCH-26APR17HOLBRO-HOL,15,5311,14,9102,13,1700,12,18826,11,4060,16,6568,17,986,18,64403,19,2489,20,2137,15.5
2026-04-17 10:27:23 PM,KXATPCHALLENGERMATCH-26APR17HOLBRO-HOL,15,5311,14,9102,13,1700,12,18826,11,4060,16,6568,17,3986,18,64403,19,2489,20,2137,15.5
2026-04-17 10:27:36 PM,KXATPCHALLENGERMATCH-26APR17HOLBRO-HOL,15,5295,14,9102,13,1700,12,18826,11,4060,16,6568,17,3986,18,64403,19,2489,20,2137,15.5
2026-04-17 10:27:46 PM,KXATPCHALLENGERMATCH-26APR17HOLBRO-HOL,15,5295,14,9102,13,1700,12,18826,11,4060,16,5987,17,3986,18,64403,19,2489,20,2137,15.5
2026-04-17 10:28:02 PM,KXATPCHALLENGERMATCH-26APR17HOLBRO-HOL,15,5295,14,9102,13,1700,12,18826,11,4060,16,5982,17,3986,18,64403,19,2489,20,2137,15.5
2026-04-17 10:28:12 PM,KXATPCHALLENGERMATCH-26APR17HOLBRO-HOL,15,5453,14,9102,13,1700,12,18826,11,4060,16,5982,17,3986,18,64403,19,2489,20,2137,15.5
2026-04-17 10:28:22 PM,KXATPCHALLENGERMATCH-26APR17HOLBRO-HOL,15,5442,14,9102,13,1700,12,18826,11,4060,16,5982,17,3986,18,64403,19,2489,20,2137,15.5
2026-04-17 10:28:43 PM,KXATPCHALLENGERMATCH-26APR17HOLBRO-HOL,15,5442,14,9102,13,1700,12,18826,11,4060,16,5923,17,3986,18,64403,19,2489,20,2137,15.5
2026-04-17 10:29:04 PM,KXATPCHALLENGERMATCH-26APR17HOLBRO-HOL,15,5442,14,9261,13,1700,12,18826,11,4060,16,5923,17,3986,18,64403,19,2489,20,2137,15.5
2026-04-17 10:29:07 PM,KXATPCHALLENGERMATCH-26APR17HOLBRO-HOL,15,5442,14,9261,13,1700,12,18826,11,4060,16,5752,17,3986,18,64403,19,2489,20,2137,15.5
2026-04-17 10:29:07 PM,KXATPCHALLENGERMATCH-26APR17HOLBRO-HOL,15,5442,14,9261,13,1700,12,18826,11,4060,16,5747,17,3986,18,64403,19,2489,20,2137,15.5
2026-04-17 10:29:37 PM,KXATPCHALLENGERMATCH-26APR17HOLBRO-HOL,15,5436,14,9261,13,1700,12,18826,11,4060,16,5747,17,3986,18,64403,19,2489,20,2137,15.5
2026-04-17 10:29:37 PM,KXATPCHALLENGERMATCH-26APR17HOLBRO-HOL,15,5425,14,9261,13,1700,12,18826,11,4060,16,5747,17,3986,18,64403,19,2489,20,2137,15.5
2026-04-17 10:29:37 PM,KXATPCHALLENGERMATCH-26APR17HOLBRO-HOL,15,5408,14,9261,13,1700,12,18826,11,4060,16,5747,17,3986,18,64403,19,2489,20,2137,15.5
2026-04-17 10:29:37 PM,KXATPCHALLENGERMATCH-26APR17HOLBRO-HOL,15,5397,14,9261,13,1700,12,18826,11,4060,16,5747,17,3986,18,64403,19,2489,20,2137,15.5
2026-04-17 10:29:37 PM,KXATPCHALLENGERMATCH-26APR17HOLBRO-HOL,15,5542,14,9261,13,1700,12,18826,11,4060,16,5747,17,3986,18,64403,19,2489,20,2137,15.5
2026-04-17 10:29:37 PM,KXATPCHALLENGERMATCH-26APR17HOLBRO-HOL,15,5542,14,9261,13,1700,12,18826,11,4060,16,5758,17,3986,18,64403,19,2489,20,2137,15.5
2026-04-17 10:29:37 PM,KXATPCHALLENGERMATCH-26APR17HOLBRO-HOL,15,5542,14,9261,13,1700,12,18826,11,4060,16,5775,17,3986,18,64403,19,2489,20,2137,15.5
2026-04-17 10:29:37 PM,KXATPCHALLENGERMATCH-26APR17HOLBRO-HOL,15,5577,14,9261,13,1700,12,18826,11,4060,16,5775,17,3986,18,64403,19,2489,20,2137,15.5
2026-04-17 10:29:50 PM,KXATPCHALLENGERMATCH-26APR17HOLBRO-HOL,15,5523,14,9261,13,1700,12,18826,11,4060,16,5775,17,3986,18,64403,19,2489,20,2137,15.5
2026-04-17 10:30:01 PM,KXATPCHALLENGERMATCH-26APR17HOLBRO-HOL,15,5490,14,9261,13,1700,12,18826,11,4060,16,5775,17,3986,18,64403,19,2489,20,2137,15.5
2026-04-17 10:30:01 PM,KXATPCHALLENGERMATCH-26APR17HOLBRO-HOL,15,5479,14,9261,13,1700,12,18826,11,4060,16,5775,17,3986,18,64403,19,2489,20,2137,15.5
2026-04-17 10:30:01 PM,KXATPCHALLENGERMATCH-26APR17HOLBRO-HOL,15,5475,14,9261,13,1700,12,18826,11,4060,16,5775,17,3986,18,64403,19,2489,20,2137,15.5
2026-04-17 10:30:01 PM,KXATPCHALLENGERMATCH-26APR17HOLBRO-HOL,15,5460,14,9261,13,1700,12,18826,11,4060,16,5775,17,3986,18,64403,19,2489,20,2137,15.5
2026-04-17 10:30:01 PM,KXATPCHALLENGERMATCH-26APR17HOLBRO-HOL,15,5560,14,9261,13,1700,12,18826,11,4060,16,5775,17,3986,18,64403,19,2489,20,2137,15.5
2026-04-17 10:30:01 PM,KXATPCHALLENGERMATCH-26APR17HOLBRO-HOL,15,5560,14,9261,13,1700,12,18826,11,4060,16,5786,17,3986,18,64403,19,2489,20,2137,15.5
2026-04-17 10:30:01 PM,KXATPCHALLENGERMATCH-26APR17HOLBRO-HOL,15,5560,14,9261,13,1700,12,18826,11,4060,16,5790,17,3986,18,64403,19,2489,20,2137,15.5
2026-04-17 10:30:01 PM,KXATPCHALLENGERMATCH-26APR17HOLBRO-HOL,15,5560,14,9261,13,1700,12,18826,11,4060,16,5805,17,3986,18,64403,19,2489,20,2137,15.5
2026-04-17 10:30:12 PM,KXATPCHALLENGERMATCH-26APR17HOLBRO-HOL,15,5551,14,9261,13,1700,12,18826,11,4060,16,5805,17,3986,18,64403,19,2489,20,2137,15.5
2026-04-17 10:30:12 PM,KXATPCHALLENGERMATCH-26APR17HOLBRO-HOL,15,5543,14,9261,13,1700,12,18826,11,4060,16,5805,17,3986,18,64403,19,2489,20,2137,15.5
2026-04-17 10:30:12 PM,KXATPCHALLENGERMATCH-26APR17HOLBRO-HOL,15,5531,14,9261,13,1700,12,18826,11,4060,16,5805,17,3986,18,64403,19,2489,20,2137,15.5
2026-04-17 10:30:12 PM,KXATPCHALLENGERMATCH-26APR17HOLBRO-HOL,15,5504,14,9261,13,1700,12,18826,11,4060,16,5805,17,3986,18,64403,19,2489,20,2137,15.5
2026-04-17 10:30:12 PM,KXATPCHALLENGERMATCH-26APR17HOLBRO-HOL,15,5504,14,9261,13,1700,12,18826,11,4060,16,5814,17,3986,18,64403,19,2489,20,2137,15.5
2026-04-17 10:30:12 PM,KXATPCHALLENGERMATCH-26APR17HOLBRO-HOL,15,5504,14,9261,13,1700,12,18826,11,4060,16,5822,17,3986,18,64403,19,2489,20,2137,15.5
2026-04-17 10:30:12 PM,KXATPCHALLENGERMATCH-26APR17HOLBRO-HOL,15,5504,14,9261,13,1700,12,18826,11,4060,16,5834,17,3986,18,64403,19,2489,20,2137,15.5
2026-04-17 10:30:12 PM,KXATPCHALLENGERMATCH-26APR17HOLBRO-HOL,15,5504,14,9261,13,1700,12,18826,11,4060,16,5861,17,3986,18,64403,19,2489,20,2137,15.5
2026-04-17 10:30:15 PM,KXATPCHALLENGERMATCH-26APR17HOLBRO-HOL,15,5504,14,9261,13,1700,12,18826,11,4060,16,5860,17,3986,18,64403,19,2489,20,2137,15.5
2026-04-17 10:30:23 PM,KXATPCHALLENGERMATCH-26APR17HOLBRO-HOL,15,5484,14,9261,13,1700,12,18826,11,4060,16,5860,17,3986,18,64403,19,2489,20,2137,15.5
2026-04-17 10:30:23 PM,KXATPCHALLENGERMATCH-26APR17HOLBRO-HOL,15,5483,14,9261,13,1700,12,18826,11,4060,16,5860,17,3986,18,64403,19,2489,20,2137,15.5
2026-04-17 10:30:23 PM,KXATPCHALLENGERMATCH-26APR17HOLBRO-HOL,15,5442,14,9261,13,1700,12,18826,11,4060,16,5860,17,3986,18,64403,19,2489,20,2137,15.5
2026-04-17 10:30:23 PM,KXATPCHALLENGERMATCH-26APR17HOLBRO-HOL,15,5439,14,9261,13,1700,12,18826,11,4060,16,5860,17,3986,18,64403,19,2489,20,2137,15.5
2026-04-17 10:30:23 PM,KXATPCHALLENGERMATCH-26APR17HOLBRO-HOL,15,5435,14,9261,13,1700,12,18826,11,4060,16,5860,17,3986,18,64403,19,2489,20,2137,15.5
2026-04-17 10:30:23 PM,KXATPCHALLENGERMATCH-26APR17HOLBRO-HOL,15,5430,14,9261,13,1700,12,18826,11,4060,16,5860,17,3986,18,64403,19,2489,20,2137,15.5
2026-04-17 10:30:23 PM,KXATPCHALLENGERMATCH-26APR17HOLBRO-HOL,15,5421,14,9261,13,1700,12,18826,11,4060,16,5860,17,3986,18,64403,19,2489,20,2137,15.5
