ts_et,ticker,bid_1,bid_1_sz,bid_2,bid_2_sz,bid_3,bid_3_sz,bid_4,bid_4_sz,bid_5,bid_5_sz,ask_1,ask_1_sz,ask_2,ask_2_sz,ask_3,ask_3_sz,ask_4,ask_4_sz,ask_5,ask_5_sz,mid
2026-04-18 03:22:56 AM,KXATPCHALLENGERMATCH-26APR18TABMMO-TAB,47,800,45,800,44,800,4,500,1,1829,70,800,72,800,73,800,96,500,97,10,58.5
2026-04-18 03:23:17 AM,KXATPCHALLENGERMATCH-26APR18TABMMO-TAB,47,803,45,800,44,800,4,500,1,1829,70,800,72,800,73,800,96,500,97,10,58.5
2026-04-18 03:23:47 AM,KXATPCHALLENGERMATCH-26APR18TABMMO-TAB,47,800,45,800,44,800,4,500,1,1829,70,800,72,800,73,800,96,500,97,10,58.5
2026-04-18 03:24:02 AM,KXATPCHALLENGERMATCH-26APR18TABMMO-TAB,47,800,45,800,44,800,4,500,1,1829,70,800,72,800,73,800,94,350,96,500,58.5
2026-04-18 03:24:10 AM,KXATPCHALLENGERMATCH-26APR18TABMMO-TAB,47,803,45,800,44,800,4,500,1,1829,70,800,72,800,73,800,94,350,96,500,58.5
2026-04-18 03:24:41 AM,KXATPCHALLENGERMATCH-26APR18TABMMO-TAB,47,800,45,800,44,800,4,500,1,1829,70,800,72,800,73,800,94,350,96,500,58.5
2026-04-18 03:24:41 AM,KXATPCHALLENGERMATCH-26APR18TABMMO-TAB,47,800,45,800,44,800,4,500,1,3329,70,800,72,800,73,800,94,350,96,500,58.5
2026-04-18 03:24:41 AM,KXATPCHALLENGERMATCH-26APR18TABMMO-TAB,47,800,45,800,44,800,4,500,2,900,70,800,72,800,73,800,94,350,96,500,58.5
2026-04-18 03:24:42 AM,KXATPCHALLENGERMATCH-26APR18TABMMO-TAB,47,800,45,800,44,800,4,500,3,540,70,800,72,800,73,800,94,350,96,500,58.5
2026-04-18 03:24:42 AM,KXATPCHALLENGERMATCH-26APR18TABMMO-TAB,47,800,45,800,44,800,4,823,3,540,70,800,72,800,73,800,94,350,96,500,58.5
2026-04-18 03:24:42 AM,KXATPCHALLENGERMATCH-26APR18TABMMO-TAB,47,800,45,800,44,800,4,823,3,540,70,800,72,800,73,800,94,350,96,543,58.5
2026-04-18 03:24:42 AM,KXATPCHALLENGERMATCH-26APR18TABMMO-TAB,47,800,45,800,44,800,5,194,4,823,70,800,72,800,73,800,94,350,96,543,58.5
2026-04-18 03:24:43 AM,KXATPCHALLENGERMATCH-26APR18TABMMO-TAB,47,800,45,800,44,800,5,194,4,823,70,800,72,800,73,800,94,350,95,25,58.5
2026-04-18 03:24:43 AM,KXATPCHALLENGERMATCH-26APR18TABMMO-TAB,47,800,45,800,44,800,6,116,5,194,70,800,72,800,73,800,94,350,95,25,58.5
2026-04-18 03:24:43 AM,KXATPCHALLENGERMATCH-26APR18TABMMO-TAB,47,800,45,800,44,800,6,116,5,194,70,800,72,800,73,800,94,365,95,25,58.5
2026-04-18 03:25:03 AM,KXATPCHALLENGERMATCH-26APR18TABMMO-TAB,47,803,45,800,44,800,6,116,5,194,70,800,72,800,73,800,94,365,95,25,58.5
2026-04-18 03:25:04 AM,KXATPCHALLENGERMATCH-26APR18TABMMO-TAB,53,309,47,803,45,800,44,800,6,116,70,800,72,800,73,800,94,365,95,25,61.5
2026-04-18 03:25:04 AM,KXATPCHALLENGERMATCH-26APR18TABMMO-TAB,53,309,47,803,45,800,44,800,6,116,61,421,70,800,72,800,73,800,94,365,57.0
2026-04-18 03:25:04 AM,KXATPCHALLENGERMATCH-26APR18TABMMO-TAB,53,309,52,315,47,803,45,800,44,800,61,421,70,800,72,800,73,800,94,365,57.0
2026-04-18 03:25:04 AM,KXATPCHALLENGERMATCH-26APR18TABMMO-TAB,53,309,52,315,47,803,45,800,44,800,61,421,62,432,70,800,72,800,73,800,57.0
2026-04-18 03:25:34 AM,KXATPCHALLENGERMATCH-26APR18TABMMO-TAB,53,309,52,315,47,800,45,800,44,800,61,421,62,432,70,800,72,800,73,800,57.0
2026-04-18 03:25:41 AM,KXATPCHALLENGERMATCH-26APR18TABMMO-TAB,53,309,52,315,47,800,45,800,44,800,61,413,62,432,70,800,72,800,73,800,57.0
2026-04-18 03:25:43 AM,KXATPCHALLENGERMATCH-26APR18TABMMO-TAB,53,309,52,315,47,800,45,800,44,800,61,405,62,432,70,800,72,800,73,800,57.0
2026-04-18 03:25:44 AM,KXATPCHALLENGERMATCH-26APR18TABMMO-TAB,53,309,52,315,47,800,44,800,6,116,61,405,62,432,70,800,72,800,73,800,57.0
2026-04-18 03:25:44 AM,KXATPCHALLENGERMATCH-26APR18TABMMO-TAB,53,309,52,315,47,800,6,116,5,194,61,405,62,432,70,800,72,800,73,800,57.0
2026-04-18 03:25:44 AM,KXATPCHALLENGERMATCH-26APR18TABMMO-TAB,53,309,52,315,6,116,5,194,4,823,61,405,62,432,70,800,72,800,73,800,57.0
2026-04-18 03:25:44 AM,KXATPCHALLENGERMATCH-26APR18TABMMO-TAB,53,309,52,315,6,116,5,194,4,823,61,405,62,432,72,800,73,800,94,365,57.0
2026-04-18 03:25:44 AM,KXATPCHALLENGERMATCH-26APR18TABMMO-TAB,53,309,52,315,6,116,5,194,4,823,61,405,62,432,73,800,94,365,95,25,57.0
2026-04-18 03:25:44 AM,KXATPCHALLENGERMATCH-26APR18TABMMO-TAB,53,309,52,315,6,116,5,194,4,823,61,405,62,432,94,365,95,25,96,543,57.0
2026-04-18 03:25:44 AM,KXATPCHALLENGERMATCH-26APR18TABMMO-TAB,54,800,53,309,52,315,6,116,5,194,61,405,62,432,94,365,95,25,96,543,57.5
2026-04-18 03:25:44 AM,KXATPCHALLENGERMATCH-26APR18TABMMO-TAB,54,800,53,309,52,1115,6,116,5,194,61,405,62,432,94,365,95,25,96,543,57.5
2026-04-18 03:25:44 AM,KXATPCHALLENGERMATCH-26APR18TABMMO-TAB,54,800,53,1109,52,1115,6,116,5,194,61,405,62,432,94,365,95,25,96,543,57.5
2026-04-18 03:25:44 AM,KXATPCHALLENGERMATCH-26APR18TABMMO-TAB,54,800,53,1109,52,1115,6,116,5,194,60,800,61,405,62,432,94,365,95,25,57.0
2026-04-18 03:25:44 AM,KXATPCHALLENGERMATCH-26APR18TABMMO-TAB,54,800,53,1109,52,1115,6,116,5,194,60,800,61,405,62,432,63,800,94,365,57.0
2026-04-18 03:25:44 AM,KXATPCHALLENGERMATCH-26APR18TABMMO-TAB,54,800,53,1109,52,1115,6,116,5,194,60,800,61,405,62,1232,63,800,94,365,57.0
2026-04-18 03:26:11 AM,KXATPCHALLENGERMATCH-26APR18TABMMO-TAB,54,800,53,1109,52,1115,6,116,5,194,60,800,61,405,62,1232,63,800,89,1,57.0
2026-04-18 03:26:11 AM,KXATPCHALLENGERMATCH-26APR18TABMMO-TAB,54,800,53,1109,52,1115,6,116,5,194,60,800,61,405,62,1232,63,800,84,1,57.0
2026-04-18 03:27:37 AM,KXATPCHALLENGERMATCH-26APR18TABMMO-TAB,54,800,53,1109,52,1115,6,116,5,294,60,800,61,405,62,1232,63,800,84,1,57.0
2026-04-18 03:27:38 AM,KXATPCHALLENGERMATCH-26APR18TABMMO-TAB,54,800,53,1109,52,1115,6,116,5,394,60,800,61,405,62,1232,63,800,84,1,57.0
2026-04-18 03:30:37 AM,KXATPCHALLENGERMATCH-26APR18TABMMO-TAB,54,800,53,1109,52,1115,6,116,5,294,60,800,61,405,62,1232,63,800,84,1,57.0
2026-04-18 03:30:37 AM,KXATPCHALLENGERMATCH-26APR18TABMMO-TAB,54,800,53,1109,52,1115,6,116,5,194,60,800,61,405,62,1232,63,800,84,1,57.0
2026-04-18 03:31:16 AM,KXATPCHALLENGERMATCH-26APR18TABMMO-TAB,54,800,53,1109,52,1115,6,116,5,194,59,500,60,800,61,405,62,1232,63,800,56.5
2026-04-18 03:31:16 AM,KXATPCHALLENGERMATCH-26APR18TABMMO-TAB,54,800,53,1109,52,1115,6,116,5,194,59,500,60,1800,61,405,62,1232,63,800,56.5
2026-04-18 03:31:16 AM,KXATPCHALLENGERMATCH-26APR18TABMMO-TAB,55,250,54,800,53,1109,52,1115,6,116,59,500,60,1800,61,405,62,1232,63,800,57.0
2026-04-18 03:31:16 AM,KXATPCHALLENGERMATCH-26APR18TABMMO-TAB,55,250,54,1050,53,1109,52,1115,6,116,59,500,60,1800,61,405,62,1232,63,800,57.0
2026-04-18 03:31:16 AM,KXATPCHALLENGERMATCH-26APR18TABMMO-TAB,55,250,54,800,53,1109,52,1115,6,116,59,500,60,1800,61,405,62,1232,63,800,57.0
2026-04-18 03:31:17 AM,KXATPCHALLENGERMATCH-26APR18TABMMO-TAB,56,250,55,250,54,800,53,1109,52,1115,59,500,60,1800,61,405,62,1232,63,800,57.5
2026-04-18 03:31:17 AM,KXATPCHALLENGERMATCH-26APR18TABMMO-TAB,56,250,54,800,53,1109,52,1115,6,116,59,500,60,1800,61,405,62,1232,63,800,57.5
2026-04-18 03:31:17 AM,KXATPCHALLENGERMATCH-26APR18TABMMO-TAB,57,250,56,250,54,800,53,1109,52,1115,59,500,60,1800,61,405,62,1232,63,800,58.0
2026-04-18 03:31:18 AM,KXATPCHALLENGERMATCH-26APR18TABMMO-TAB,57,250,54,800,53,1109,52,1115,6,116,59,500,60,1800,61,405,62,1232,63,800,58.0
2026-04-18 03:31:18 AM,KXATPCHALLENGERMATCH-26APR18TABMMO-TAB,58,250,57,250,54,800,53,1109,52,1115,59,500,60,1800,61,405,62,1232,63,800,58.5
2026-04-18 03:31:21 AM,KXATPCHALLENGERMATCH-26APR18TABMMO-TAB,58,250,57,250,55,180,54,800,53,1109,59,500,60,1800,61,405,62,1232,63,800,58.5
2026-04-18 03:31:21 AM,KXATPCHALLENGERMATCH-26APR18TABMMO-TAB,58,250,57,250,55,180,54,968,53,1109,59,500,60,1800,61,405,62,1232,63,800,58.5
2026-04-18 03:31:21 AM,KXATPCHALLENGERMATCH-26APR18TABMMO-TAB,58,250,57,250,55,180,54,968,53,1201,59,500,60,1800,61,405,62,1232,63,800,58.5
2026-04-18 03:31:21 AM,KXATPCHALLENGERMATCH-26APR18TABMMO-TAB,58,250,57,250,55,180,54,968,53,1201,59,500,60,2790,61,405,62,1232,63,800,58.5
2026-04-18 03:31:21 AM,KXATPCHALLENGERMATCH-26APR18TABMMO-TAB,58,250,57,250,55,180,54,968,53,1201,59,500,60,2790,61,866,62,1232,63,800,58.5
2026-04-18 03:31:21 AM,KXATPCHALLENGERMATCH-26APR18TABMMO-TAB,58,250,57,250,55,180,54,968,53,1201,59,500,60,2790,61,866,62,1632,63,800,58.5
2026-04-18 03:33:56 AM,KXATPCHALLENGERMATCH-26APR18TABMMO-TAB,58,250,57,250,55,180,54,968,53,401,59,500,60,2790,61,866,62,1632,63,800,58.5
2026-04-18 03:33:56 AM,KXATPCHALLENGERMATCH-26APR18TABMMO-TAB,58,250,57,1050,55,180,54,968,53,401,59,500,60,2790,61,866,62,1632,63,800,58.5
2026-04-18 03:33:56 AM,KXATPCHALLENGERMATCH-26APR18TABMMO-TAB,58,250,57,1050,55,980,54,968,53,401,59,500,60,2790,61,866,62,1632,63,800,58.5
2026-04-18 03:38:40 AM,KXATPCHALLENGERMATCH-26APR18TABMMO-TAB,58,248,57,1050,55,980,54,968,53,401,59,500,60,2790,61,866,62,1632,63,800,58.5
2026-04-18 03:38:41 AM,KXATPCHALLENGERMATCH-26APR18TABMMO-TAB,58,248,57,1050,55,980,54,968,53,401,59,502,60,2790,61,866,62,1632,63,800,58.5
2026-04-18 03:38:41 AM,KXATPCHALLENGERMATCH-26APR18TABMMO-TAB,58,249,57,1050,55,980,54,968,53,401,59,502,60,2790,61,866,62,1632,63,800,58.5
2026-04-18 03:38:42 AM,KXATPCHALLENGERMATCH-26APR18TABMMO-TAB,58,249,57,1049,55,980,54,968,53,401,59,502,60,2790,61,866,62,1632,63,800,58.5
2026-04-18 03:56:54 AM,KXATPCHALLENGERMATCH-26APR18TABMMO-TAB,58,249,57,1049,55,980,54,968,53,401,59,3276,60,2790,61,866,62,1632,63,800,58.5
2026-04-18 03:56:54 AM,KXATPCHALLENGERMATCH-26APR18TABMMO-TAB,58,1,57,1049,55,980,54,968,53,401,59,3276,60,2790,61,866,62,1632,63,800,58.5
2026-04-18 03:56:54 AM,KXATPCHALLENGERMATCH-26APR18TABMMO-TAB,57,1049,55,980,54,968,53,401,52,315,59,3276,60,2790,61,866,62,1632,63,800,58.0
2026-04-18 03:56:54 AM,KXATPCHALLENGERMATCH-26APR18TABMMO-TAB,57,1049,56,249,55,980,54,968,53,401,59,3276,60,2790,61,866,62,1632,63,800,58.0
2026-04-18 03:58:57 AM,KXATPCHALLENGERMATCH-26APR18TABMMO-TAB,57,1049,56,249,55,980,54,968,53,401,59,3276,60,1790,61,866,62,1632,63,800,58.0
2026-04-18 03:58:57 AM,KXATPCHALLENGERMATCH-26APR18TABMMO-TAB,57,1049,56,249,55,980,54,968,53,401,58,657,59,3276,60,1790,61,866,62,1632,57.5
2026-04-18 03:58:57 AM,KXATPCHALLENGERMATCH-26APR18TABMMO-TAB,57,1049,56,249,55,980,54,968,53,401,58,657,59,3774,60,1790,61,866,62,1632,57.5
2026-04-18 03:58:57 AM,KXATPCHALLENGERMATCH-26APR18TABMMO-TAB,57,972,56,249,55,980,54,968,53,401,58,657,59,3774,60,1790,61,866,62,1632,57.5
2026-04-18 03:58:57 AM,KXATPCHALLENGERMATCH-26APR18TABMMO-TAB,57,972,56,172,55,980,54,968,53,401,58,657,59,3774,60,1790,61,866,62,1632,57.5
2026-04-18 03:59:21 AM,KXATPCHALLENGERMATCH-26APR18TABMMO-TAB,57,972,56,172,55,980,54,968,53,401,58,657,59,1000,60,1790,61,866,62,1632,57.5
2026-04-18 03:59:21 AM,KXATPCHALLENGERMATCH-26APR18TABMMO-TAB,57,972,56,172,55,980,54,968,53,401,58,3267,59,1000,60,1790,61,866,62,1632,57.5
2026-04-18 04:00:05 AM,KXATPCHALLENGERMATCH-26APR18TABMMO-TAB,57,972,56,272,55,980,54,968,53,401,58,3267,59,1000,60,1790,61,866,62,1632,57.5
2026-04-18 04:00:05 AM,KXATPCHALLENGERMATCH-26APR18TABMMO-TAB,57,972,56,272,55,980,54,968,53,401,58,3267,59,1500,60,1790,61,866,62,1632,57.5
2026-04-18 04:00:19 AM,KXATPCHALLENGERMATCH-26APR18TABMMO-TAB,57,972,56,272,55,980,54,968,53,401,58,3267,59,1000,60,1790,61,866,62,1632,57.5
2026-04-18 04:00:19 AM,KXATPCHALLENGERMATCH-26APR18TABMMO-TAB,57,972,56,172,55,980,54,968,53,401,58,3267,59,1000,60,1790,61,866,62,1632,57.5
2026-04-18 04:06:04 AM,KXATPCHALLENGERMATCH-26APR18TABMMO-TAB,57,972,56,172,55,980,54,930,53,401,58,3267,59,1000,60,1790,61,866,62,1632,57.5
2026-04-18 04:06:04 AM,KXATPCHALLENGERMATCH-26APR18TABMMO-TAB,57,972,56,172,55,980,54,930,53,401,58,3267,59,1000,60,1790,61,1023,62,1632,57.5
2026-04-18 04:06:04 AM,KXATPCHALLENGERMATCH-26APR18TABMMO-TAB,57,972,56,172,55,980,54,943,53,401,58,3267,59,1000,60,1790,61,1023,62,1632,57.5
2026-04-18 04:06:04 AM,KXATPCHALLENGERMATCH-26APR18TABMMO-TAB,57,972,56,172,55,980,54,943,53,410,58,3267,59,1000,60,1790,61,1023,62,1632,57.5
2026-04-18 04:06:04 AM,KXATPCHALLENGERMATCH-26APR18TABMMO-TAB,57,972,56,172,55,980,54,943,53,410,58,3289,59,1000,60,1790,61,1023,62,1632,57.5
2026-04-18 04:06:04 AM,KXATPCHALLENGERMATCH-26APR18TABMMO-TAB,57,972,56,172,55,980,54,943,53,410,58,3289,59,1010,60,1790,61,1023,62,1632,57.5
2026-04-18 04:06:10 AM,KXATPCHALLENGERMATCH-26APR18TABMMO-TAB,57,972,56,172,55,980,54,930,53,410,58,3289,59,1010,60,1790,61,1023,62,1632,57.5
2026-04-18 04:06:10 AM,KXATPCHALLENGERMATCH-26APR18TABMMO-TAB,57,972,56,172,55,980,54,930,53,414,58,3289,59,1010,60,1790,61,1023,62,1632,57.5
2026-04-18 04:07:12 AM,KXATPCHALLENGERMATCH-26APR18TABMMO-TAB,57,972,56,172,55,980,54,943,53,414,58,3289,59,1010,60,1790,61,1023,62,1632,57.5
2026-04-18 04:16:36 AM,KXATPCHALLENGERMATCH-26APR18TABMMO-TAB,57,972,56,172,55,980,54,943,53,414,58,3288,59,1010,60,1790,61,1023,62,1632,57.5
2026-04-18 04:27:38 AM,KXATPCHALLENGERMATCH-26APR18TABMMO-TAB,57,972,56,172,55,980,54,943,53,414,58,3273,59,1010,60,1790,61,1023,62,1632,57.5
2026-04-18 04:27:38 AM,KXATPCHALLENGERMATCH-26APR18TABMMO-TAB,57,979,56,172,55,980,54,943,53,414,58,3273,59,1010,60,1790,61,1023,62,1632,57.5
2026-04-18 04:27:38 AM,KXATPCHALLENGERMATCH-26APR18TABMMO-TAB,57,979,56,179,55,980,54,943,53,414,58,3273,59,1010,60,1790,61,1023,62,1632,57.5
2026-04-18 04:31:04 AM,KXATPCHALLENGERMATCH-26APR18TABMMO-TAB,57,979,56,179,55,980,54,943,53,414,58,3232,59,1010,60,1790,61,1023,62,1632,57.5
2026-04-18 04:31:05 AM,KXATPCHALLENGERMATCH-26APR18TABMMO-TAB,57,999,56,179,55,980,54,943,53,414,58,3232,59,1010,60,1790,61,1023,62,1632,57.5
2026-04-18 04:31:05 AM,KXATPCHALLENGERMATCH-26APR18TABMMO-TAB,57,999,56,199,55,980,54,943,53,414,58,3232,59,1010,60,1790,61,1023,62,1632,57.5
2026-04-18 04:32:45 AM,KXATPCHALLENGERMATCH-26APR18TABMMO-TAB,57,999,56,199,55,980,54,943,53,414,58,3232,59,1010,60,2226,61,1023,62,1632,57.5
2026-04-18 04:32:45 AM,KXATPCHALLENGERMATCH-26APR18TABMMO-TAB,57,999,56,199,55,980,54,1413,53,414,58,3232,59,1010,60,2226,61,1023,62,1632,57.5
2026-04-18 04:32:45 AM,KXATPCHALLENGERMATCH-26APR18TABMMO-TAB,57,999,56,199,55,1217,54,1413,53,414,58,3232,59,1010,60,2226,61,1023,62,1632,57.5
2026-04-18 04:32:45 AM,KXATPCHALLENGERMATCH-26APR18TABMMO-TAB,57,999,56,199,55,1601,54,1413,53,414,58,3232,59,1010,60,2226,61,1023,62,1632,57.5
2026-04-18 04:32:45 AM,KXATPCHALLENGERMATCH-26APR18TABMMO-TAB,57,999,56,199,55,1601,54,1413,53,414,58,3232,59,1311,60,2226,61,1023,62,1632,57.5
2026-04-18 04:32:45 AM,KXATPCHALLENGERMATCH-26APR18TABMMO-TAB,57,999,56,199,55,1601,54,1720,53,414,58,3232,59,1311,60,2226,61,1023,62,1632,57.5
2026-04-18 04:32:45 AM,KXATPCHALLENGERMATCH-26APR18TABMMO-TAB,57,999,56,199,55,1601,54,1720,53,414,58,3232,59,1509,60,2226,61,1023,62,1632,57.5
2026-04-18 04:32:45 AM,KXATPCHALLENGERMATCH-26APR18TABMMO-TAB,57,999,56,199,55,1601,54,1720,53,414,58,3232,59,1509,60,2513,61,1023,62,1632,57.5
2026-04-18 04:34:04 AM,KXATPCHALLENGERMATCH-26APR18TABMMO-TAB,57,199,56,199,55,1601,54,1720,53,414,58,3232,59,1509,60,2513,61,1023,62,1632,57.5
2026-04-18 04:34:04 AM,KXATPCHALLENGERMATCH-26APR18TABMMO-TAB,57,199,56,199,55,801,54,1720,53,414,58,3232,59,1509,60,2513,61,1023,62,1632,57.5
2026-04-18 04:34:04 AM,KXATPCHALLENGERMATCH-26APR18TABMMO-TAB,57,199,56,199,55,801,54,1720,53,414,58,3232,59,1509,60,1713,61,1023,62,1632,57.5
2026-04-18 04:34:04 AM,KXATPCHALLENGERMATCH-26APR18TABMMO-TAB,57,199,56,199,55,801,54,1720,53,1214,58,3232,59,1509,60,1713,61,1023,62,1632,57.5
2026-04-18 04:34:04 AM,KXATPCHALLENGERMATCH-26APR18TABMMO-TAB,57,199,56,999,55,801,54,1720,53,1214,58,3232,59,1509,60,1713,61,1023,62,1632,57.5
2026-04-18 04:34:04 AM,KXATPCHALLENGERMATCH-26APR18TABMMO-TAB,57,199,56,999,55,801,54,1720,53,1214,58,3232,59,1509,60,1713,61,1823,62,1632,57.5
2026-04-18 04:34:04 AM,KXATPCHALLENGERMATCH-26APR18TABMMO-TAB,57,199,56,999,55,801,54,1720,53,1214,58,3232,59,2309,60,1713,61,1823,62,1632,57.5
2026-04-18 04:34:04 AM,KXATPCHALLENGERMATCH-26APR18TABMMO-TAB,57,28,56,999,55,801,54,1720,53,1214,58,3232,59,2309,60,1713,61,1823,62,1632,57.5
2026-04-18 04:34:04 AM,KXATPCHALLENGERMATCH-26APR18TABMMO-TAB,57,21,56,999,55,801,54,1720,53,1214,58,3232,59,2309,60,1713,61,1823,62,1632,57.5
2026-04-18 04:34:04 AM,KXATPCHALLENGERMATCH-26APR18TABMMO-TAB,57,1,56,999,55,801,54,1720,53,1214,58,3232,59,2309,60,1713,61,1823,62,1632,57.5
2026-04-18 04:34:04 AM,KXATPCHALLENGERMATCH-26APR18TABMMO-TAB,57,1,56,999,55,1001,54,1720,53,1214,58,3232,59,2309,60,1713,61,1823,62,1632,57.5
2026-04-18 04:39:08 AM,KXATPCHALLENGERMATCH-26APR18TABMMO-TAB,57,1,56,999,55,1001,54,1720,53,1214,58,3231,59,2309,60,1713,61,1823,62,1632,57.5
2026-04-18 04:39:08 AM,KXATPCHALLENGERMATCH-26APR18TABMMO-TAB,57,2,56,999,55,1001,54,1720,53,1214,58,3231,59,2309,60,1713,61,1823,62,1632,57.5
2026-04-18 04:39:13 AM,KXATPCHALLENGERMATCH-26APR18TABMMO-TAB,57,1,56,999,55,1001,54,1720,53,1214,58,3231,59,2309,60,1713,61,1823,62,1632,57.5
2026-04-18 05:26:33 AM,KXATPCHALLENGERMATCH-26APR18TABMMO-TAB,57,1,56,999,55,1001,54,1720,53,1214,58,621,59,2309,60,1713,61,1823,62,1632,57.5
2026-04-18 05:34:59 AM,KXATPCHALLENGERMATCH-26APR18TABMMO-TAB,57,1,56,999,55,1001,54,1720,53,1214,58,474,59,2309,60,1713,61,1823,62,1632,57.5
2026-04-18 05:35:00 AM,KXATPCHALLENGERMATCH-26APR18TABMMO-TAB,57,1,56,999,55,1001,54,1720,53,1214,58,23,59,2309,60,1713,61,1823,62,1632,57.5
2026-04-18 05:35:00 AM,KXATPCHALLENGERMATCH-26APR18TABMMO-TAB,57,1,56,999,55,1001,54,1720,53,1214,58,1,59,2309,60,1713,61,1823,62,1632,57.5
2026-04-18 05:35:00 AM,KXATPCHALLENGERMATCH-26APR18TABMMO-TAB,57,1,56,999,55,1001,54,1720,53,1214,58,1,59,2332,60,1713,61,1823,62,1632,57.5
2026-04-18 05:35:00 AM,KXATPCHALLENGERMATCH-26APR18TABMMO-TAB,57,1,56,999,55,1001,54,1720,53,1214,58,1,59,2332,60,1722,61,1823,62,1632,57.5
2026-04-18 05:35:00 AM,KXATPCHALLENGERMATCH-26APR18TABMMO-TAB,57,1,56,999,55,1001,54,1720,53,1214,58,1,59,1834,60,1722,61,1823,62,1632,57.5
2026-04-18 05:35:00 AM,KXATPCHALLENGERMATCH-26APR18TABMMO-TAB,57,1,56,999,55,1001,54,1720,53,1214,58,1,59,1832,60,1722,61,1823,62,1632,57.5
2026-04-18 05:35:00 AM,KXATPCHALLENGERMATCH-26APR18TABMMO-TAB,57,1,56,999,55,1001,54,1720,53,1214,58,1,59,1784,60,1722,61,1823,62,1632,57.5
2026-04-18 05:35:00 AM,KXATPCHALLENGERMATCH-26APR18TABMMO-TAB,57,1,56,999,55,1001,54,1720,53,1214,58,1,59,1784,60,2722,61,1823,62,1632,57.5
2026-04-18 05:35:00 AM,KXATPCHALLENGERMATCH-26APR18TABMMO-TAB,57,1,56,999,55,801,54,1720,53,1214,58,1,59,1784,60,2722,61,1823,62,1632,57.5
2026-04-18 05:35:00 AM,KXATPCHALLENGERMATCH-26APR18TABMMO-TAB,57,275,56,999,55,801,54,1720,53,1214,58,1,59,1784,60,2722,61,1823,62,1632,57.5
2026-04-18 05:35:00 AM,KXATPCHALLENGERMATCH-26APR18TABMMO-TAB,57,275,56,1072,55,801,54,1720,53,1214,58,1,59,1784,60,2722,61,1823,62,1632,57.5
2026-04-18 05:35:01 AM,KXATPCHALLENGERMATCH-26APR18TABMMO-TAB,57,275,56,901,55,801,54,1720,53,1214,58,1,59,1784,60,2722,61,1823,62,1632,57.5
2026-04-18 05:35:01 AM,KXATPCHALLENGERMATCH-26APR18TABMMO-TAB,57,275,56,894,55,801,54,1720,53,1214,58,1,59,1784,60,2722,61,1823,62,1632,57.5
2026-04-18 05:35:01 AM,KXATPCHALLENGERMATCH-26APR18TABMMO-TAB,57,275,56,874,55,801,54,1720,53,1214,58,1,59,1784,60,2722,61,1823,62,1632,57.5
2026-04-18 05:35:01 AM,KXATPCHALLENGERMATCH-26APR18TABMMO-TAB,57,275,56,801,55,801,54,1720,53,1214,58,1,59,1784,60,2722,61,1823,62,1632,57.5
2026-04-18 05:35:01 AM,KXATPCHALLENGERMATCH-26APR18TABMMO-TAB,58,274,57,275,56,801,55,801,54,1720,58,1,59,1784,60,2722,61,1823,62,1632,58.0
2026-04-18 05:35:56 AM,KXATPCHALLENGERMATCH-26APR18TABMMO-TAB,58,274,57,310,56,801,55,801,54,1720,58,1,59,1784,60,2722,61,1823,62,1632,58.0
2026-04-18 05:36:22 AM,KXATPCHALLENGERMATCH-26APR18TABMMO-TAB,58,274,57,310,56,801,55,801,54,1720,58,1,59,1884,60,2722,61,1823,62,1632,58.0
2026-04-18 05:36:23 AM,KXATPCHALLENGERMATCH-26APR18TABMMO-TAB,57,310,56,801,55,801,54,1720,53,1214,58,1,59,1884,60,2722,61,1823,62,1632,57.5
2026-04-18 05:36:23 AM,KXATPCHALLENGERMATCH-26APR18TABMMO-TAB,57,310,56,801,55,801,54,1720,53,1214,58,1,59,1919,60,2722,61,1823,62,1632,57.5
2026-04-18 05:36:23 AM,KXATPCHALLENGERMATCH-26APR18TABMMO-TAB,57,260,56,801,55,801,54,1720,53,1214,58,1,59,1919,60,2722,61,1823,62,1632,57.5
2026-04-18 05:36:23 AM,KXATPCHALLENGERMATCH-26APR18TABMMO-TAB,57,260,56,1025,55,801,54,1720,53,1214,58,1,59,1919,60,2722,61,1823,62,1632,57.5
2026-04-18 05:36:23 AM,KXATPCHALLENGERMATCH-26APR18TABMMO-TAB,57,260,56,1025,55,801,54,1720,53,1214,58,1,59,1919,60,1722,61,1823,62,1632,57.5
2026-04-18 05:36:23 AM,KXATPCHALLENGERMATCH-26APR18TABMMO-TAB,57,260,56,1025,55,801,54,1720,53,1214,58,552,59,1919,60,1722,61,1823,62,1632,57.5
2026-04-18 05:36:23 AM,KXATPCHALLENGERMATCH-26APR18TABMMO-TAB,57,260,56,1025,55,801,54,1720,53,1214,58,575,59,1919,60,1722,61,1823,62,1632,57.5
2026-04-18 05:36:23 AM,KXATPCHALLENGERMATCH-26APR18TABMMO-TAB,57,260,56,1025,55,801,54,1720,53,1214,58,575,59,1919,60,1713,61,1823,62,1632,57.5
2026-04-18 05:36:23 AM,KXATPCHALLENGERMATCH-26APR18TABMMO-TAB,57,260,56,1025,55,801,54,1720,53,1214,58,575,59,1909,60,1713,61,1823,62,1632,57.5
2026-04-18 05:36:23 AM,KXATPCHALLENGERMATCH-26APR18TABMMO-TAB,57,260,56,1025,55,801,54,1720,53,1214,58,575,59,1874,60,1713,61,1823,62,1632,57.5
2026-04-18 05:36:23 AM,KXATPCHALLENGERMATCH-26APR18TABMMO-TAB,57,260,56,1025,55,801,54,1720,53,1214,58,610,59,1874,60,1713,61,1823,62,1632,57.5
2026-04-18 05:36:23 AM,KXATPCHALLENGERMATCH-26APR18TABMMO-TAB,57,225,56,1025,55,801,54,1720,53,1214,58,610,59,1874,60,1713,61,1823,62,1632,57.5
2026-04-18 05:36:23 AM,KXATPCHALLENGERMATCH-26APR18TABMMO-TAB,57,225,56,1060,55,801,54,1720,53,1214,58,610,59,1874,60,1713,61,1823,62,1632,57.5
2026-04-18 05:36:23 AM,KXATPCHALLENGERMATCH-26APR18TABMMO-TAB,57,225,56,1060,55,801,54,1720,53,1214,58,610,59,1851,60,1713,61,1823,62,1632,57.5
2026-04-18 05:36:23 AM,KXATPCHALLENGERMATCH-26APR18TABMMO-TAB,57,225,56,1060,55,801,54,1720,53,1214,58,610,59,2299,60,1713,61,1823,62,1632,57.5
2026-04-18 05:36:23 AM,KXATPCHALLENGERMATCH-26APR18TABMMO-TAB,57,225,56,1060,55,801,54,1720,53,1214,58,610,59,2309,60,1713,61,1823,62,1632,57.5
2026-04-18 05:42:47 AM,KXATPCHALLENGERMATCH-26APR18TABMMO-TAB,57,225,56,1060,55,801,54,1720,53,1214,58,625,59,2309,60,1713,61,1823,62,1632,57.5
2026-04-18 05:46:48 AM,KXATPCHALLENGERMATCH-26APR18TABMMO-TAB,57,225,56,1060,55,801,54,1720,53,1214,58,590,59,2309,60,1713,61,1823,62,1632,57.5
2026-04-18 05:46:48 AM,KXATPCHALLENGERMATCH-26APR18TABMMO-TAB,57,225,56,1025,55,801,54,1720,53,1214,58,590,59,2309,60,1713,61,1823,62,1632,57.5
2026-04-18 05:47:33 AM,KXATPCHALLENGERMATCH-26APR18TABMMO-TAB,57,225,56,1025,55,801,54,1720,53,1214,58,575,59,2309,60,1713,61,1823,62,1632,57.5
2026-04-18 05:56:08 AM,KXATPCHALLENGERMATCH-26APR18TABMMO-TAB,57,225,56,1025,55,801,54,1720,53,1214,58,3185,59,2309,60,1713,61,1823,62,1632,57.5
2026-04-18 05:56:08 AM,KXATPCHALLENGERMATCH-26APR18TABMMO-TAB,57,1,56,1025,55,801,54,1720,53,1214,58,3185,59,2309,60,1713,61,1823,62,1632,57.5
2026-04-18 05:56:08 AM,KXATPCHALLENGERMATCH-26APR18TABMMO-TAB,57,1,56,1025,55,1025,54,1720,53,1214,58,3185,59,2309,60,1713,61,1823,62,1632,57.5
2026-04-18 06:12:08 AM,KXATPCHALLENGERMATCH-26APR18TABMMO-TAB,57,1,56,1025,55,1025,54,1720,53,1214,58,3195,59,2309,60,1713,61,1823,62,1632,57.5
2026-04-18 06:12:08 AM,KXATPCHALLENGERMATCH-26APR18TABMMO-TAB,57,1,56,1020,55,1025,54,1720,53,1214,58,3195,59,2309,60,1713,61,1823,62,1632,57.5
2026-04-18 06:12:08 AM,KXATPCHALLENGERMATCH-26APR18TABMMO-TAB,57,1,56,1020,55,1020,54,1720,53,1214,58,3195,59,2309,60,1713,61,1823,62,1632,57.5
2026-04-18 06:14:18 AM,KXATPCHALLENGERMATCH-26APR18TABMMO-TAB,57,1,56,1020,55,1020,54,1720,53,1214,58,3129,59,2309,60,1713,61,1823,62,1632,57.5
2026-04-18 06:14:19 AM,KXATPCHALLENGERMATCH-26APR18TABMMO-TAB,57,1,56,1020,55,1020,54,1720,53,1214,58,2645,59,2309,60,1713,61,1823,62,1632,57.5
2026-04-18 06:14:19 AM,KXATPCHALLENGERMATCH-26APR18TABMMO-TAB,57,1,56,1020,55,1020,54,1720,53,1214,58,2635,59,2309,60,1713,61,1823,62,1632,57.5
2026-04-18 06:14:20 AM,KXATPCHALLENGERMATCH-26APR18TABMMO-TAB,57,1,56,1020,55,1020,54,1720,53,1214,58,2635,59,1861,60,1713,61,1823,62,1632,57.5
2026-04-18 06:14:20 AM,KXATPCHALLENGERMATCH-26APR18TABMMO-TAB,57,1,56,1020,55,1020,54,1720,53,1214,58,2635,59,1805,60,1713,61,1823,62,1632,57.5
2026-04-18 06:14:20 AM,KXATPCHALLENGERMATCH-26APR18TABMMO-TAB,57,1,56,1020,55,1020,54,1720,53,1214,58,2635,59,1805,60,2713,61,1823,62,1632,57.5
2026-04-18 06:14:20 AM,KXATPCHALLENGERMATCH-26APR18TABMMO-TAB,57,1,56,1053,55,1020,54,1720,53,1214,58,2635,59,1805,60,2713,61,1823,62,1632,57.5
2026-04-18 06:14:20 AM,KXATPCHALLENGERMATCH-26APR18TABMMO-TAB,57,1,56,1053,55,1053,54,1720,53,1214,58,2635,59,1805,60,2713,61,1823,62,1632,57.5
2026-04-18 06:30:03 AM,KXATPCHALLENGERMATCH-26APR18TABMMO-TAB,57,1,56,1053,55,1053,54,1720,53,1210,58,2635,59,1805,60,2713,61,1823,62,1632,57.5
2026-04-18 06:30:03 AM,KXATPCHALLENGERMATCH-26APR18TABMMO-TAB,57,1,56,1053,55,1053,54,1720,53,1201,58,2635,59,1805,60,2713,61,1823,62,1632,57.5
2026-04-18 06:30:03 AM,KXATPCHALLENGERMATCH-26APR18TABMMO-TAB,57,1,56,1053,55,1053,54,1720,53,1201,58,2612,59,1805,60,2713,61,1823,62,1632,57.5
2026-04-18 06:30:03 AM,KXATPCHALLENGERMATCH-26APR18TABMMO-TAB,57,1,56,1053,55,1067,54,1720,53,1201,58,2612,59,1805,60,2713,61,1823,62,1632,57.5
2026-04-18 06:30:03 AM,KXATPCHALLENGERMATCH-26APR18TABMMO-TAB,57,1,56,1053,55,1067,54,1720,53,1201,58,2626,59,1805,60,2713,61,1823,62,1632,57.5
2026-04-18 06:35:00 AM,KXATPCHALLENGERMATCH-26APR18TABMMO-TAB,57,1,56,1053,55,1067,54,1720,53,1201,58,2623,59,1805,60,2713,61,1823,62,1632,57.5
2026-04-18 06:45:51 AM,KXATPCHALLENGERMATCH-26APR18TABMMO-TAB,57,1,56,1073,55,1067,54,1720,53,1201,58,2623,59,1805,60,2713,61,1823,62,1632,57.5
2026-04-18 06:51:26 AM,KXATPCHALLENGERMATCH-26APR18TABMMO-TAB,57,1,56,1073,55,1067,54,1720,53,1201,58,2613,59,1805,60,2713,61,1823,62,1632,57.5
2026-04-18 07:01:34 AM,KXATPCHALLENGERMATCH-26APR18TABMMO-TAB,57,1,56,1073,55,1067,54,1720,53,1201,58,2599,59,1805,60,2713,61,1823,62,1632,57.5
2026-04-18 07:01:34 AM,KXATPCHALLENGERMATCH-26APR18TABMMO-TAB,57,1,56,1073,55,1067,54,1720,53,1201,58,2599,59,1809,60,2713,61,1823,62,1632,57.5
2026-04-18 07:01:34 AM,KXATPCHALLENGERMATCH-26APR18TABMMO-TAB,57,1,56,1073,55,1067,54,1720,53,1201,58,2599,59,1809,60,2723,61,1823,62,1632,57.5
2026-04-18 07:01:49 AM,KXATPCHALLENGERMATCH-26APR18TABMMO-TAB,57,1,56,1073,55,1067,54,1707,53,1201,58,2599,59,1809,60,2723,61,1823,62,1632,57.5
2026-04-18 07:01:49 AM,KXATPCHALLENGERMATCH-26APR18TABMMO-TAB,57,1,56,1087,55,1067,54,1707,53,1201,58,2599,59,1809,60,2723,61,1823,62,1632,57.5
2026-04-18 07:01:57 AM,KXATPCHALLENGERMATCH-26APR18TABMMO-TAB,57,1,56,1087,55,1067,54,1707,53,1201,58,3,59,1809,60,2723,61,1823,62,1632,57.5
2026-04-18 07:01:57 AM,KXATPCHALLENGERMATCH-26APR18TABMMO-TAB,57,1,56,1087,55,1067,54,1707,53,1201,58,3,59,4560,60,2723,61,1823,62,1632,57.5
2026-04-18 07:01:57 AM,KXATPCHALLENGERMATCH-26APR18TABMMO-TAB,57,1,56,1087,55,848,54,1707,53,1201,58,3,59,4560,60,2723,61,1823,62,1632,57.5
2026-04-18 07:01:57 AM,KXATPCHALLENGERMATCH-26APR18TABMMO-TAB,57,1,56,1087,55,815,54,1707,53,1201,58,3,59,4560,60,2723,61,1823,62,1632,57.5
2026-04-18 07:01:57 AM,KXATPCHALLENGERMATCH-26APR18TABMMO-TAB,57,253,56,1087,55,815,54,1707,53,1201,58,3,59,4560,60,2723,61,1823,62,1632,57.5
2026-04-18 07:01:58 AM,KXATPCHALLENGERMATCH-26APR18TABMMO-TAB,57,253,56,868,55,815,54,1707,53,1201,58,3,59,4560,60,2723,61,1823,62,1632,57.5
2026-04-18 07:01:58 AM,KXATPCHALLENGERMATCH-26APR18TABMMO-TAB,57,253,56,835,55,815,54,1707,53,1201,58,3,59,4560,60,2723,61,1823,62,1632,57.5
2026-04-18 07:01:58 AM,KXATPCHALLENGERMATCH-26APR18TABMMO-TAB,58,252,57,253,56,835,55,815,54,1707,58,3,59,4560,60,2723,61,1823,62,1632,58.0
2026-04-18 07:06:14 AM,KXATPCHALLENGERMATCH-26APR18TABMMO-TAB,58,252,57,253,56,835,55,815,54,1757,58,3,59,4560,60,2723,61,1823,62,1632,58.0
2026-04-18 07:09:11 AM,KXATPCHALLENGERMATCH-26APR18TABMMO-TAB,58,252,57,253,56,835,55,815,54,1707,58,3,59,4560,60,2723,61,1823,62,1632,58.0
2026-04-18 07:10:40 AM,KXATPCHALLENGERMATCH-26APR18TABMMO-TAB,58,252,57,253,56,835,55,825,54,1707,58,3,59,4560,60,2723,61,1823,62,1632,58.0
2026-04-18 07:10:40 AM,KXATPCHALLENGERMATCH-26APR18TABMMO-TAB,58,252,57,253,56,835,55,835,54,1707,58,3,59,4560,60,2723,61,1823,62,1632,58.0
2026-04-18 07:10:40 AM,KXATPCHALLENGERMATCH-26APR18TABMMO-TAB,58,252,57,253,56,835,55,835,54,1707,58,3,59,4570,60,2723,61,1823,62,1632,58.0
2026-04-18 07:10:41 AM,KXATPCHALLENGERMATCH-26APR18TABMMO-TAB,58,252,57,253,56,835,55,835,54,1707,58,3,59,4580,60,2723,61,1823,62,1632,58.0
2026-04-18 07:11:36 AM,KXATPCHALLENGERMATCH-26APR18TABMMO-TAB,58,252,57,253,56,835,55,835,54,2207,58,3,59,4580,60,2723,61,1823,62,1632,58.0
2026-04-18 07:12:40 AM,KXATPCHALLENGERMATCH-26APR18TABMMO-TAB,58,252,57,253,56,835,55,835,54,2257,58,3,59,4580,60,2723,61,1823,62,1632,58.0
2026-04-18 07:14:24 AM,KXATPCHALLENGERMATCH-26APR18TABMMO-TAB,58,252,57,253,56,835,55,835,54,1757,58,3,59,4580,60,2723,61,1823,62,1632,58.0
2026-04-18 07:15:20 AM,KXATPCHALLENGERMATCH-26APR18TABMMO-TAB,58,252,57,253,56,835,55,835,54,1707,58,3,59,4580,60,2723,61,1823,62,1632,58.0
2026-04-18 07:22:02 AM,KXATPCHALLENGERMATCH-26APR18TABMMO-TAB,58,252,57,253,56,835,55,835,54,1707,58,3,59,4580,60,2723,61,1418,62,1632,58.0
2026-04-18 07:22:02 AM,KXATPCHALLENGERMATCH-26APR18TABMMO-TAB,58,252,57,253,56,835,55,835,54,1707,58,3,59,4580,60,2723,61,1418,62,1200,58.0
2026-04-18 07:26:07 AM,KXATPCHALLENGERMATCH-26APR18TABMMO-TAB,58,252,57,253,56,835,55,835,54,1707,58,3,59,1829,60,2723,61,1418,62,1200,58.0
2026-04-18 07:27:57 AM,KXATPCHALLENGERMATCH-26APR18TABMMO-TAB,58,252,57,253,56,835,55,835,54,1707,58,3,59,1929,60,2723,61,1418,62,1200,58.0
2026-04-18 07:27:58 AM,KXATPCHALLENGERMATCH-26APR18TABMMO-TAB,57,253,56,835,55,835,54,1707,53,892,58,3,59,1929,60,2723,61,1418,62,1200,57.5
2026-04-18 07:27:58 AM,KXATPCHALLENGERMATCH-26APR18TABMMO-TAB,57,203,56,835,55,835,54,1707,53,892,58,3,59,1929,60,2723,61,1418,62,1200,57.5
2026-04-18 07:27:58 AM,KXATPCHALLENGERMATCH-26APR18TABMMO-TAB,57,203,56,1037,55,835,54,1707,53,892,58,3,59,1929,60,2723,61,1418,62,1200,57.5
2026-04-18 07:27:58 AM,KXATPCHALLENGERMATCH-26APR18TABMMO-TAB,57,203,56,1037,55,835,54,1707,53,892,58,3,59,1929,60,1723,61,1418,62,1200,57.5
2026-04-18 07:27:58 AM,KXATPCHALLENGERMATCH-26APR18TABMMO-TAB,57,203,56,1037,55,835,54,1707,53,892,58,597,59,1929,60,1723,61,1418,62,1200,57.5
2026-04-18 07:27:59 AM,KXATPCHALLENGERMATCH-26APR18TABMMO-TAB,57,203,56,1037,55,835,54,1707,53,892,58,597,59,2334,60,1723,61,1418,62,1200,57.5
2026-04-18 07:28:44 AM,KXATPCHALLENGERMATCH-26APR18TABMMO-TAB,57,203,56,1037,55,835,54,1707,53,892,58,1347,59,2334,60,1723,61,1418,62,1200,57.5
2026-04-18 07:35:58 AM,KXATPCHALLENGERMATCH-26APR18TABMMO-TAB,57,203,56,1037,55,835,54,1707,53,893,58,1347,59,2334,60,1723,61,1418,62,1200,57.5
2026-04-18 07:35:58 AM,KXATPCHALLENGERMATCH-26APR18TABMMO-TAB,57,203,56,1037,55,835,54,1707,53,893,58,1347,59,2334,60,1723,61,1418,62,1201,57.5
2026-04-18 07:36:44 AM,KXATPCHALLENGERMATCH-26APR18TABMMO-TAB,57,203,56,1041,55,835,54,1707,53,893,58,1347,59,2334,60,1723,61,1418,62,1201,57.5
2026-04-18 07:40:39 AM,KXATPCHALLENGERMATCH-26APR18TABMMO-TAB,57,203,56,1041,55,835,54,1707,53,894,58,1347,59,2334,60,1723,61,1418,62,1201,57.5
2026-04-18 07:40:39 AM,KXATPCHALLENGERMATCH-26APR18TABMMO-TAB,57,203,56,1041,55,835,54,1707,53,894,58,1347,59,2334,60,1723,61,1418,62,1202,57.5
2026-04-18 07:41:27 AM,KXATPCHALLENGERMATCH-26APR18TABMMO-TAB,57,203,56,1041,55,835,54,1707,53,894,58,1396,59,2334,60,1723,61,1418,62,1202,57.5
2026-04-18 07:41:27 AM,KXATPCHALLENGERMATCH-26APR18TABMMO-TAB,57,179,56,1041,55,835,54,1707,53,894,58,1396,59,2334,60,1723,61,1418,62,1202,57.5
2026-04-18 07:41:27 AM,KXATPCHALLENGERMATCH-26APR18TABMMO-TAB,57,179,56,1017,55,835,54,1707,53,894,58,1396,59,2334,60,1723,61,1418,62,1202,57.5
2026-04-18 07:41:50 AM,KXATPCHALLENGERMATCH-26APR18TABMMO-TAB,57,179,56,1017,55,835,54,1707,53,893,58,1396,59,2334,60,1723,61,1418,62,1202,57.5
2026-04-18 07:41:50 AM,KXATPCHALLENGERMATCH-26APR18TABMMO-TAB,57,179,56,1017,55,835,54,1707,53,893,58,1396,59,2334,60,1723,61,1418,62,1201,57.5
2026-04-18 07:45:44 AM,KXATPCHALLENGERMATCH-26APR18TABMMO-TAB,57,179,56,1017,55,835,54,1707,53,1543,58,1396,59,2334,60,1723,61,1418,62,1201,57.5
2026-04-18 07:46:57 AM,KXATPCHALLENGERMATCH-26APR18TABMMO-TAB,57,179,56,1017,55,835,54,1707,53,893,58,1396,59,2334,60,1723,61,1418,62,1201,57.5
2026-04-18 07:47:16 AM,KXATPCHALLENGERMATCH-26APR18TABMMO-TAB,57,179,56,1017,55,835,54,1707,53,893,58,3983,59,2334,60,1723,61,1418,62,1201,57.5
2026-04-18 07:47:17 AM,KXATPCHALLENGERMATCH-26APR18TABMMO-TAB,57,1,56,1017,55,835,54,1707,53,893,58,3983,59,2334,60,1723,61,1418,62,1201,57.5
2026-04-18 07:47:17 AM,KXATPCHALLENGERMATCH-26APR18TABMMO-TAB,57,1,56,1017,55,1013,54,1707,53,893,58,3983,59,2334,60,1723,61,1418,62,1201,57.5
2026-04-18 07:47:17 AM,KXATPCHALLENGERMATCH-26APR18TABMMO-TAB,57,1,56,1003,55,1013,54,1707,53,893,58,3983,59,2334,60,1723,61,1418,62,1201,57.5
2026-04-18 07:47:17 AM,KXATPCHALLENGERMATCH-26APR18TABMMO-TAB,57,1,56,1003,55,1013,54,1717,53,893,58,3983,59,2334,60,1723,61,1418,62,1201,57.5
2026-04-18 07:47:35 AM,KXATPCHALLENGERMATCH-26APR18TABMMO-TAB,57,1,56,1003,55,1013,54,1717,53,893,58,1396,59,2334,60,1723,61,1418,62,1201,57.5
2026-04-18 07:47:35 AM,KXATPCHALLENGERMATCH-26APR18TABMMO-TAB,57,1,56,1003,55,1013,54,1717,53,893,58,1396,59,5084,60,1723,61,1418,62,1201,57.5
2026-04-18 07:48:02 AM,KXATPCHALLENGERMATCH-26APR18TABMMO-TAB,57,1,56,1003,55,1013,54,1717,53,893,58,1396,59,5084,60,1713,61,1418,62,1201,57.5
2026-04-18 07:48:02 AM,KXATPCHALLENGERMATCH-26APR18TABMMO-TAB,57,1,56,1003,55,1013,54,1717,53,893,58,1411,59,5084,60,1713,61,1418,62,1201,57.5
2026-04-18 07:48:26 AM,KXATPCHALLENGERMATCH-26APR18TABMMO-TAB,57,1,56,1003,55,1013,54,1717,53,893,58,1328,59,5084,60,1713,61,1418,62,1201,57.5
2026-04-18 07:48:26 AM,KXATPCHALLENGERMATCH-26APR18TABMMO-TAB,57,1,56,1044,55,1013,54,1717,53,893,58,1328,59,5084,60,1713,61,1418,62,1201,57.5
2026-04-18 07:48:26 AM,KXATPCHALLENGERMATCH-26APR18TABMMO-TAB,57,1,56,1044,55,1054,54,1717,53,893,58,1328,59,5084,60,1713,61,1418,62,1201,57.5
2026-04-18 07:48:46 AM,KXATPCHALLENGERMATCH-26APR18TABMMO-TAB,57,1,56,1044,55,1054,54,1717,53,894,58,1328,59,5084,60,1713,61,1418,62,1201,57.5
2026-04-18 07:48:46 AM,KXATPCHALLENGERMATCH-26APR18TABMMO-TAB,57,1,56,1044,55,1054,54,1717,53,894,58,1328,59,5084,60,1713,61,1418,62,1202,57.5
2026-04-18 07:48:51 AM,KXATPCHALLENGERMATCH-26APR18TABMMO-TAB,57,1,56,1044,55,1054,54,1717,53,893,58,1328,59,5084,60,1713,61,1418,62,1202,57.5
2026-04-18 07:48:51 AM,KXATPCHALLENGERMATCH-26APR18TABMMO-TAB,57,1,56,1044,55,1054,54,1717,53,893,58,1328,59,5084,60,1713,61,1418,62,1201,57.5
2026-04-18 07:56:06 AM,KXATPCHALLENGERMATCH-26APR18TABMMO-TAB,57,1,56,1044,55,1054,54,1717,53,894,58,1328,59,5084,60,1713,61,1418,62,1201,57.5
2026-04-18 07:56:06 AM,KXATPCHALLENGERMATCH-26APR18TABMMO-TAB,57,1,56,1044,55,1054,54,1717,53,894,58,1328,59,5084,60,1713,61,1418,62,1202,57.5
2026-04-18 07:59:25 AM,KXATPCHALLENGERMATCH-26APR18TABMMO-TAB,57,1,56,1044,55,1054,54,1717,53,1444,58,1328,59,5084,60,1713,61,1418,62,1202,57.5
2026-04-18 07:59:34 AM,KXATPCHALLENGERMATCH-26APR18TABMMO-TAB,57,1,56,1044,55,1054,54,1717,53,1444,58,1323,59,5084,60,1713,61,1418,62,1202,57.5
2026-04-18 07:59:34 AM,KXATPCHALLENGERMATCH-26APR18TABMMO-TAB,57,1,56,1046,55,1054,54,1717,53,1444,58,1323,59,5084,60,1713,61,1418,62,1202,57.5
2026-04-18 07:59:34 AM,KXATPCHALLENGERMATCH-26APR18TABMMO-TAB,57,1,56,1046,55,1056,54,1717,53,1444,58,1323,59,5084,60,1713,61,1418,62,1202,57.5
2026-04-18 08:01:26 AM,KXATPCHALLENGERMATCH-26APR18TABMMO-TAB,57,1,56,1046,55,1056,54,1717,53,894,58,1323,59,5084,60,1713,61,1418,62,1202,57.5
2026-04-18 08:03:47 AM,KXATPCHALLENGERMATCH-26APR18TABMMO-TAB,57,1,56,1046,55,1056,54,1717,53,944,58,1323,59,5084,60,1713,61,1418,62,1202,57.5
2026-04-18 08:06:28 AM,KXATPCHALLENGERMATCH-26APR18TABMMO-TAB,57,1,56,1046,55,1056,54,1717,53,894,58,1323,59,5084,60,1713,61,1418,62,1202,57.5
2026-04-18 08:06:28 AM,KXATPCHALLENGERMATCH-26APR18TABMMO-TAB,57,1,56,1046,55,1056,54,1717,53,894,58,1308,59,5084,60,1713,61,1418,62,1202,57.5
2026-04-18 08:06:28 AM,KXATPCHALLENGERMATCH-26APR18TABMMO-TAB,57,1,56,1046,55,1056,54,1717,53,894,58,1308,59,5084,60,1723,61,1418,62,1202,57.5
2026-04-18 08:09:16 AM,KXATPCHALLENGERMATCH-26APR18TABMMO-TAB,57,1,56,1046,55,1056,54,1726,53,894,58,1308,59,5084,60,1723,61,1418,62,1202,57.5
2026-04-18 08:10:01 AM,KXATPCHALLENGERMATCH-26APR18TABMMO-TAB,57,1,56,1046,55,1056,54,1726,53,894,58,1308,59,5084,60,1713,61,1418,62,1202,57.5
2026-04-18 08:10:01 AM,KXATPCHALLENGERMATCH-26APR18TABMMO-TAB,57,1,56,1046,55,1056,54,1726,53,894,58,1323,59,5084,60,1713,61,1418,62,1202,57.5
2026-04-18 08:11:18 AM,KXATPCHALLENGERMATCH-26APR18TABMMO-TAB,57,1,56,1046,55,1056,54,1726,53,1394,58,1323,59,5084,60,1713,61,1418,62,1202,57.5
2026-04-18 08:12:22 AM,KXATPCHALLENGERMATCH-26APR18TABMMO-TAB,57,1,56,1046,55,1056,54,1726,53,894,58,1323,59,5084,60,1713,61,1418,62,1202,57.5
2026-04-18 08:14:44 AM,KXATPCHALLENGERMATCH-26APR18TABMMO-TAB,57,1,56,1046,55,1056,54,1726,53,1444,58,1323,59,5084,60,1713,61,1418,62,1202,57.5
2026-04-18 08:15:30 AM,KXATPCHALLENGERMATCH-26APR18TABMMO-TAB,57,1,56,1046,55,1056,54,1717,53,1444,58,1323,59,5084,60,1713,61,1418,62,1202,57.5
2026-04-18 08:15:30 AM,KXATPCHALLENGERMATCH-26APR18TABMMO-TAB,57,1,56,1046,55,1056,54,1726,53,1444,58,1323,59,5084,60,1713,61,1418,62,1202,57.5
2026-04-18 08:17:30 AM,KXATPCHALLENGERMATCH-26APR18TABMMO-TAB,57,1,56,1046,55,1056,54,1726,53,894,58,1323,59,5084,60,1713,61,1418,62,1202,57.5
2026-04-18 08:18:21 AM,KXATPCHALLENGERMATCH-26APR18TABMMO-TAB,57,1,56,1046,55,1056,54,1726,53,894,58,1308,59,5084,60,1713,61,1418,62,1202,57.5
2026-04-18 08:18:21 AM,KXATPCHALLENGERMATCH-26APR18TABMMO-TAB,57,1,56,1053,55,1056,54,1726,53,894,58,1308,59,5084,60,1713,61,1418,62,1202,57.5
2026-04-18 08:18:21 AM,KXATPCHALLENGERMATCH-26APR18TABMMO-TAB,57,1,56,1053,55,1063,54,1726,53,894,58,1308,59,5084,60,1713,61,1418,62,1202,57.5
2026-04-18 08:21:47 AM,KXATPCHALLENGERMATCH-26APR18TABMMO-TAB,57,1,56,1053,55,1063,54,1717,53,894,58,1308,59,5084,60,1713,61,1418,62,1202,57.5
2026-04-18 08:21:47 AM,KXATPCHALLENGERMATCH-26APR18TABMMO-TAB,57,1,56,1053,55,1063,54,1726,53,894,58,1308,59,5084,60,1713,61,1418,62,1202,57.5
2026-04-18 08:25:48 AM,KXATPCHALLENGERMATCH-26APR18TABMMO-TAB,57,1,56,1053,55,1063,54,1726,53,894,58,1300,59,5084,60,1713,61,1418,62,1202,57.5
2026-04-18 08:25:49 AM,KXATPCHALLENGERMATCH-26APR18TABMMO-TAB,57,1,56,1057,55,1063,54,1726,53,894,58,1300,59,5084,60,1713,61,1418,62,1202,57.5
2026-04-18 08:25:49 AM,KXATPCHALLENGERMATCH-26APR18TABMMO-TAB,57,1,56,1057,55,1067,54,1726,53,894,58,1300,59,5084,60,1713,61,1418,62,1202,57.5
2026-04-18 08:28:14 AM,KXATPCHALLENGERMATCH-26APR18TABMMO-TAB,57,1,56,1057,55,1067,54,1717,53,894,58,1300,59,5084,60,1713,61,1418,62,1202,57.5
2026-04-18 08:28:14 AM,KXATPCHALLENGERMATCH-26APR18TABMMO-TAB,57,1,56,1057,55,1067,54,1726,53,894,58,1300,59,5084,60,1713,61,1418,62,1202,57.5
2026-04-18 08:32:01 AM,KXATPCHALLENGERMATCH-26APR18TABMMO-TAB,57,1,56,1057,55,1067,54,1726,53,1580,58,1300,59,5084,60,1713,61,1418,62,1202,57.5
2026-04-18 08:32:04 AM,KXATPCHALLENGERMATCH-26APR18TABMMO-TAB,57,1,56,257,55,1067,54,1726,53,1580,58,1300,59,5084,60,1713,61,1418,62,1202,57.5
2026-04-18 08:32:04 AM,KXATPCHALLENGERMATCH-26APR18TABMMO-TAB,57,1,56,257,55,1067,54,926,53,1580,58,1300,59,5084,60,1713,61,1418,62,1202,57.5
2026-04-18 08:32:04 AM,KXATPCHALLENGERMATCH-26APR18TABMMO-TAB,57,1,56,257,55,1067,54,926,53,1580,58,1300,59,4284,60,1713,61,1418,62,1202,57.5
2026-04-18 08:32:04 AM,KXATPCHALLENGERMATCH-26APR18TABMMO-TAB,57,1,56,257,55,1067,54,926,53,1580,58,1300,59,4284,60,1713,61,1418,62,402,57.5
2026-04-18 08:32:04 AM,KXATPCHALLENGERMATCH-26APR18TABMMO-TAB,57,1,56,257,55,1867,54,926,53,1580,58,1300,59,4284,60,1713,61,1418,62,402,57.5
2026-04-18 08:32:04 AM,KXATPCHALLENGERMATCH-26APR18TABMMO-TAB,57,1,56,257,55,1867,54,926,53,1580,58,1300,59,4284,60,2513,61,1418,62,402,57.5
2026-04-18 08:32:04 AM,KXATPCHALLENGERMATCH-26APR18TABMMO-TAB,57,1,56,257,55,1867,54,926,53,1580,58,2100,59,4284,60,2513,61,1418,62,402,57.5
2026-04-18 08:32:04 AM,KXATPCHALLENGERMATCH-26APR18TABMMO-TAB,57,1,56,79,55,1867,54,926,53,1580,58,2100,59,4284,60,2513,61,1418,62,402,57.5
2026-04-18 08:32:04 AM,KXATPCHALLENGERMATCH-26APR18TABMMO-TAB,57,1,56,38,55,1867,54,926,53,1580,58,2100,59,4284,60,2513,61,1418,62,402,57.5
2026-04-18 08:32:04 AM,KXATPCHALLENGERMATCH-26APR18TABMMO-TAB,57,1,56,36,55,1867,54,926,53,1580,58,2100,59,4284,60,2513,61,1418,62,402,57.5
2026-04-18 08:32:04 AM,KXATPCHALLENGERMATCH-26APR18TABMMO-TAB,57,1,56,29,55,1867,54,926,53,1580,58,2100,59,4284,60,2513,61,1418,62,402,57.5
2026-04-18 08:32:04 AM,KXATPCHALLENGERMATCH-26APR18TABMMO-TAB,57,1,56,25,55,1867,54,926,53,1580,58,2100,59,4284,60,2513,61,1418,62,402,57.5
2026-04-18 08:32:04 AM,KXATPCHALLENGERMATCH-26APR18TABMMO-TAB,57,1,56,25,55,1867,54,1160,53,1580,58,2100,59,4284,60,2513,61,1418,62,402,57.5
2026-04-18 08:32:54 AM,KXATPCHALLENGERMATCH-26APR18TABMMO-TAB,57,1,56,25,55,1867,54,1160,53,1580,58,2100,59,4284,60,1925,61,1418,62,402,57.5
2026-04-18 08:32:54 AM,KXATPCHALLENGERMATCH-26APR18TABMMO-TAB,57,1,56,25,55,1687,54,1160,53,1580,58,2100,59,4284,60,1925,61,1418,62,402,57.5
2026-04-18 08:32:54 AM,KXATPCHALLENGERMATCH-26APR18TABMMO-TAB,57,1,56,25,55,1687,54,1160,53,1580,58,2100,59,4284,60,1925,61,1355,62,402,57.5
2026-04-18 08:32:54 AM,KXATPCHALLENGERMATCH-26APR18TABMMO-TAB,57,1,56,25,55,1687,54,1160,53,1580,58,2100,59,4284,60,1925,61,1355,62,2,57.5
2026-04-18 08:32:54 AM,KXATPCHALLENGERMATCH-26APR18TABMMO-TAB,57,1,56,25,55,1687,54,1213,53,1580,58,2100,59,4284,60,1925,61,1355,62,2,57.5
2026-04-18 08:32:54 AM,KXATPCHALLENGERMATCH-26APR18TABMMO-TAB,57,1,56,25,55,1687,54,1213,53,1675,58,2100,59,4284,60,1925,61,1355,62,2,57.5
2026-04-18 08:32:54 AM,KXATPCHALLENGERMATCH-26APR18TABMMO-TAB,57,1,56,25,55,1687,54,1213,53,1675,58,2100,59,5176,60,1925,61,1355,62,2,57.5
2026-04-18 08:33:24 AM,KXATPCHALLENGERMATCH-26APR18TABMMO-TAB,57,1,56,25,55,1687,54,1213,53,1675,58,2100,59,5176,60,1925,61,1198,62,2,57.5
2026-04-18 08:33:31 AM,KXATPCHALLENGERMATCH-26APR18TABMMO-TAB,57,1,56,25,55,1687,54,1213,53,1710,58,2100,59,5176,60,1925,61,1198,62,2,57.5
2026-04-18 08:33:31 AM,KXATPCHALLENGERMATCH-26APR18TABMMO-TAB,57,1,56,25,55,1687,54,1213,53,1710,58,2100,59,5176,60,1925,61,1198,62,51,57.5
2026-04-18 08:33:31 AM,KXATPCHALLENGERMATCH-26APR18TABMMO-TAB,57,1,56,25,55,1687,54,1213,53,1760,58,2100,59,5176,60,1925,61,1198,62,51,57.5
2026-04-18 08:34:26 AM,KXATPCHALLENGERMATCH-26APR18TABMMO-TAB,57,1,56,25,55,1687,54,1204,53,1760,58,2100,59,5176,60,1925,61,1198,62,51,57.5
2026-04-18 08:34:26 AM,KXATPCHALLENGERMATCH-26APR18TABMMO-TAB,57,1,56,25,55,1687,54,1204,53,1760,58,2100,59,4725,60,1925,61,1198,62,51,57.5
2026-04-18 08:34:26 AM,KXATPCHALLENGERMATCH-26APR18TABMMO-TAB,57,1,56,25,55,1687,54,1204,53,1760,58,2100,59,4682,60,1925,61,1198,62,51,57.5
2026-04-18 08:34:26 AM,KXATPCHALLENGERMATCH-26APR18TABMMO-TAB,57,1,56,25,55,1687,54,1204,53,1760,58,2100,59,4582,60,1925,61,1198,62,51,57.5
2026-04-18 08:34:26 AM,KXATPCHALLENGERMATCH-26APR18TABMMO-TAB,57,1,56,25,55,1687,54,1204,53,1760,58,2100,59,4177,60,1925,61,1198,62,51,57.5
2026-04-18 08:34:26 AM,KXATPCHALLENGERMATCH-26APR18TABMMO-TAB,57,1,56,25,55,1687,54,1204,53,1760,57,531,58,2100,59,4177,60,1925,61,1198,57.0
2026-04-18 08:34:27 AM,KXATPCHALLENGERMATCH-26APR18TABMMO-TAB,57,1,56,25,55,1687,54,1204,53,1760,57,531,58,2568,59,4177,60,1925,61,1198,57.0
2026-04-18 08:34:27 AM,KXATPCHALLENGERMATCH-26APR18TABMMO-TAB,57,1,56,25,55,1687,54,1204,53,1760,57,531,58,2568,59,1427,60,1925,61,1198,57.0
2026-04-18 08:34:27 AM,KXATPCHALLENGERMATCH-26APR18TABMMO-TAB,57,1,56,25,55,1687,54,1204,53,1760,57,531,58,5155,59,1427,60,1925,61,1198,57.0
2026-04-18 08:36:23 AM,KXATPCHALLENGERMATCH-26APR18TABMMO-TAB,57,1,56,25,55,1687,54,1204,53,1710,57,531,58,5155,59,1427,60,1925,61,1198,57.0
2026-04-18 08:37:32 AM,KXATPCHALLENGERMATCH-26APR18TABMMO-TAB,57,1,56,25,55,1687,54,1204,53,1710,57,531,58,5728,59,1427,60,1925,61,1198,57.0
2026-04-18 08:38:49 AM,KXATPCHALLENGERMATCH-26APR18TABMMO-TAB,57,1,56,25,55,1687,54,1194,53,1710,57,531,58,5728,59,1427,60,1925,61,1198,57.0
2026-04-18 08:38:49 AM,KXATPCHALLENGERMATCH-26APR18TABMMO-TAB,57,1,56,25,55,1673,54,1194,53,1710,57,531,58,5728,59,1427,60,1925,61,1198,57.0
2026-04-18 08:38:49 AM,KXATPCHALLENGERMATCH-26APR18TABMMO-TAB,57,1,56,25,55,1673,54,1194,53,1710,57,531,58,5728,59,1423,60,1925,61,1198,57.0
2026-04-18 08:38:49 AM,KXATPCHALLENGERMATCH-26APR18TABMMO-TAB,57,1,56,25,55,1673,54,1194,53,1710,57,531,58,5728,59,1413,60,1925,61,1198,57.0
2026-04-18 08:38:49 AM,KXATPCHALLENGERMATCH-26APR18TABMMO-TAB,57,1,56,25,55,1673,54,1194,53,1710,57,531,58,5713,59,1413,60,1925,61,1198,57.0
2026-04-18 08:38:50 AM,KXATPCHALLENGERMATCH-26APR18TABMMO-TAB,57,1,56,25,55,1688,54,1194,53,1710,57,531,58,5713,59,1413,60,1925,61,1198,57.0
2026-04-18 08:38:50 AM,KXATPCHALLENGERMATCH-26APR18TABMMO-TAB,57,1,56,25,55,1688,54,1204,53,1710,57,531,58,5713,59,1413,60,1925,61,1198,57.0
2026-04-18 08:38:50 AM,KXATPCHALLENGERMATCH-26APR18TABMMO-TAB,57,1,56,25,55,1688,54,1204,53,1710,57,531,58,5728,59,1413,60,1925,61,1198,57.0
2026-04-18 08:38:50 AM,KXATPCHALLENGERMATCH-26APR18TABMMO-TAB,57,1,56,25,55,1688,54,1204,53,1710,57,531,58,5728,59,1423,60,1925,61,1198,57.0
2026-04-18 08:39:57 AM,KXATPCHALLENGERMATCH-26APR18TABMMO-TAB,57,1,56,25,55,1688,54,1204,53,1695,57,531,58,5728,59,1423,60,1925,61,1198,57.0
2026-04-18 08:39:57 AM,KXATPCHALLENGERMATCH-26APR18TABMMO-TAB,57,1,56,25,55,1688,54,1204,53,1695,57,531,58,5728,59,1497,60,1925,61,1198,57.0
2026-04-18 08:39:57 AM,KXATPCHALLENGERMATCH-26APR18TABMMO-TAB,57,1,56,25,55,1688,54,1204,53,1695,57,531,58,5728,59,1497,60,1962,61,1198,57.0
2026-04-18 08:41:37 AM,KXATPCHALLENGERMATCH-26APR18TABMMO-TAB,57,1,56,25,55,1304,54,1204,53,1695,57,531,58,5728,59,1497,60,1962,61,1198,57.0
2026-04-18 08:41:37 AM,KXATPCHALLENGERMATCH-26APR18TABMMO-TAB,57,1,56,25,55,1304,54,1204,53,2162,57,531,58,5728,59,1497,60,1962,61,1198,57.0
2026-04-18 08:42:53 AM,KXATPCHALLENGERMATCH-26APR18TABMMO-TAB,57,1,56,25,55,1304,54,1204,53,4162,57,531,58,5728,59,1497,60,1962,61,1198,57.0
2026-04-18 08:42:53 AM,KXATPCHALLENGERMATCH-26APR18TABMMO-TAB,57,1,56,25,55,1304,54,1204,53,4162,57,531,58,5728,59,1497,60,3962,61,1198,57.0
2026-04-18 08:42:53 AM,KXATPCHALLENGERMATCH-26APR18TABMMO-TAB,57,1,56,25,55,1304,54,1204,53,4162,57,531,58,5728,59,3497,60,3962,61,1198,57.0
2026-04-18 08:45:34 AM,KXATPCHALLENGERMATCH-26APR18TABMMO-TAB,57,1,56,25,55,1304,54,3204,53,4162,57,531,58,5728,59,3497,60,3962,61,1198,57.0
2026-04-18 08:45:53 AM,KXATPCHALLENGERMATCH-26APR18TABMMO-TAB,57,1,56,25,55,1304,54,3204,53,4133,57,531,58,5728,59,3497,60,3962,61,1198,57.0
2026-04-18 08:45:53 AM,KXATPCHALLENGERMATCH-26APR18TABMMO-TAB,57,1,56,25,55,1304,54,3204,53,4133,57,531,58,5728,59,3497,60,4082,61,1198,57.0
2026-04-18 08:51:16 AM,KXATPCHALLENGERMATCH-26APR18TABMMO-TAB,57,1,56,25,55,1294,54,3204,53,4133,57,531,58,5728,59,3497,60,4082,61,1198,57.0
2026-04-18 08:51:16 AM,KXATPCHALLENGERMATCH-26APR18TABMMO-TAB,57,1,56,25,55,1284,54,3204,53,4133,57,531,58,5728,59,3497,60,4082,61,1198,57.0
2026-04-18 08:51:16 AM,KXATPCHALLENGERMATCH-26APR18TABMMO-TAB,57,1,56,25,55,1284,54,3214,53,4133,57,531,58,5728,59,3497,60,4082,61,1198,57.0
2026-04-18 08:51:16 AM,KXATPCHALLENGERMATCH-26APR18TABMMO-TAB,57,1,56,25,55,1284,54,3224,53,4133,57,531,58,5728,59,3497,60,4082,61,1198,57.0
2026-04-18 08:51:16 AM,KXATPCHALLENGERMATCH-26APR18TABMMO-TAB,57,1,56,25,55,1284,54,3224,53,4133,57,531,58,5728,59,3487,60,4082,61,1198,57.0
2026-04-18 08:51:16 AM,KXATPCHALLENGERMATCH-26APR18TABMMO-TAB,57,1,56,25,55,1284,54,3224,53,4133,57,531,58,5728,59,3477,60,4082,61,1198,57.0
2026-04-18 08:51:17 AM,KXATPCHALLENGERMATCH-26APR18TABMMO-TAB,57,1,56,25,55,1284,54,3224,53,4133,57,531,58,5738,59,3477,60,4082,61,1198,57.0
2026-04-18 08:53:05 AM,KXATPCHALLENGERMATCH-26APR18TABMMO-TAB,57,1,56,25,55,1284,54,3224,53,5333,57,531,58,5738,59,3477,60,4082,61,1198,57.0
2026-04-18 08:54:31 AM,KXATPCHALLENGERMATCH-26APR18TABMMO-TAB,57,1,56,25,55,1284,54,3224,53,5333,57,531,58,5738,59,3477,60,4082,61,1246,57.0
2026-04-18 08:54:35 AM,KXATPCHALLENGERMATCH-26APR18TABMMO-TAB,57,1,56,25,55,1284,54,3224,53,5298,57,531,58,5738,59,3477,60,4082,61,1246,57.0
2026-04-18 08:55:47 AM,KXATPCHALLENGERMATCH-26APR18TABMMO-TAB,57,1,56,25,55,1284,54,3224,53,4098,57,531,58,5738,59,3477,60,4082,61,1246,57.0
2026-04-18 09:09:13 AM,KXATPCHALLENGERMATCH-26APR18TABMMO-TAB,57,1,56,25,55,1284,54,3224,53,2098,57,531,58,5738,59,3477,60,4082,61,1246,57.0
2026-04-18 09:09:15 AM,KXATPCHALLENGERMATCH-26APR18TABMMO-TAB,57,1,56,25,55,1284,54,3224,53,2098,57,531,58,5738,59,3477,60,2082,61,1246,57.0
2026-04-18 09:09:55 AM,KXATPCHALLENGERMATCH-26APR18TABMMO-TAB,57,1,56,25,55,1284,54,1224,53,2098,57,531,58,5738,59,3477,60,2082,61,1246,57.0
2026-04-18 09:10:01 AM,KXATPCHALLENGERMATCH-26APR18TABMMO-TAB,57,1,56,25,55,1284,54,1224,53,2098,57,531,58,5738,59,1477,60,2082,61,1246,57.0
2026-04-18 09:10:49 AM,KXATPCHALLENGERMATCH-26APR18TABMMO-TAB,57,1,56,25,55,1284,54,1224,53,2098,57,530,58,5738,59,1477,60,2082,61,1246,57.0
2026-04-18 09:15:49 AM,KXATPCHALLENGERMATCH-26APR18TABMMO-TAB,57,1,56,25,55,1284,54,1224,53,3348,57,530,58,5738,59,1477,60,2082,61,1246,57.0
2026-04-18 09:15:58 AM,KXATPCHALLENGERMATCH-26APR18TABMMO-TAB,57,1,56,25,55,1284,54,1224,53,3348,57,530,58,3151,59,1477,60,2082,61,1246,57.0
2026-04-18 09:18:37 AM,KXATPCHALLENGERMATCH-26APR18TABMMO-TAB,57,1,56,25,55,1284,54,1224,53,2098,57,530,58,3151,59,1477,60,2082,61,1246,57.0
2026-04-18 09:18:41 AM,KXATPCHALLENGERMATCH-26APR18TABMMO-TAB,57,1,56,25,55,1559,54,1224,53,2098,57,530,58,3151,59,1477,60,2082,61,1246,57.0
2026-04-18 09:18:42 AM,KXATPCHALLENGERMATCH-26APR18TABMMO-TAB,57,1,56,25,55,1559,54,1224,53,2098,57,805,58,3151,59,1477,60,2082,61,1246,57.0
2026-04-18 09:19:35 AM,KXATPCHALLENGERMATCH-26APR18TABMMO-TAB,57,1,56,25,55,1559,54,1224,53,2098,57,785,58,3151,59,1477,60,2082,61,1246,57.0
2026-04-18 09:19:35 AM,KXATPCHALLENGERMATCH-26APR18TABMMO-TAB,57,1,56,25,55,1569,54,1224,53,2098,57,785,58,3151,59,1477,60,2082,61,1246,57.0
2026-04-18 09:19:35 AM,KXATPCHALLENGERMATCH-26APR18TABMMO-TAB,57,1,56,25,55,1569,54,1234,53,2098,57,785,58,3151,59,1477,60,2082,61,1246,57.0
2026-04-18 09:28:11 AM,KXATPCHALLENGERMATCH-26APR18TABMMO-TAB,57,1,56,25,55,1569,54,1234,53,2098,57,752,58,3151,59,1477,60,2082,61,1246,57.0
2026-04-18 09:28:12 AM,KXATPCHALLENGERMATCH-26APR18TABMMO-TAB,57,1,56,25,55,1569,54,1000,53,2098,57,752,58,3151,59,1477,60,2082,61,1246,57.0
2026-04-18 09:28:12 AM,KXATPCHALLENGERMATCH-26APR18TABMMO-TAB,57,1,56,25,55,1569,54,990,53,2098,57,752,58,3151,59,1477,60,2082,61,1246,57.0
2026-04-18 09:28:12 AM,KXATPCHALLENGERMATCH-26APR18TABMMO-TAB,57,1,56,286,55,1569,54,990,53,2098,57,752,58,3151,59,1477,60,2082,61,1246,57.0
2026-04-18 09:28:12 AM,KXATPCHALLENGERMATCH-26APR18TABMMO-TAB,57,1,56,286,55,1585,54,990,53,2098,57,752,58,3151,59,1477,60,2082,61,1246,57.0
2026-04-18 09:28:12 AM,KXATPCHALLENGERMATCH-26APR18TABMMO-TAB,57,1,56,286,55,1310,54,990,53,2098,57,752,58,3151,59,1477,60,2082,61,1246,57.0
2026-04-18 09:28:13 AM,KXATPCHALLENGERMATCH-26APR18TABMMO-TAB,57,1,56,561,55,1310,54,990,53,2098,57,752,58,3151,59,1477,60,2082,61,1246,57.0
2026-04-18 09:28:13 AM,KXATPCHALLENGERMATCH-26APR18TABMMO-TAB,57,1,56,561,55,1310,54,990,53,2098,57,477,58,3151,59,1477,60,2082,61,1246,57.0
2026-04-18 09:28:13 AM,KXATPCHALLENGERMATCH-26APR18TABMMO-TAB,57,1,56,561,55,1310,54,990,53,2098,57,477,58,3426,59,1477,60,2082,61,1246,57.0
2026-04-18 09:28:54 AM,KXATPCHALLENGERMATCH-26APR18TABMMO-TAB,57,1,56,561,55,1310,54,990,53,2098,57,477,58,6013,59,1477,60,2082,61,1246,57.0
2026-04-18 09:28:54 AM,KXATPCHALLENGERMATCH-26APR18TABMMO-TAB,57,1,56,286,55,1310,54,990,53,2098,57,477,58,6013,59,1477,60,2082,61,1246,57.0
2026-04-18 09:28:54 AM,KXATPCHALLENGERMATCH-26APR18TABMMO-TAB,57,1,56,286,55,1585,54,990,53,2098,57,477,58,6013,59,1477,60,2082,61,1246,57.0
2026-04-18 09:28:54 AM,KXATPCHALLENGERMATCH-26APR18TABMMO-TAB,57,1,56,286,55,1585,54,990,53,2098,57,477,58,5738,59,1477,60,2082,61,1246,57.0
2026-04-18 09:28:54 AM,KXATPCHALLENGERMATCH-26APR18TABMMO-TAB,57,1,56,25,55,1585,54,990,53,2098,57,477,58,5738,59,1477,60,2082,61,1246,57.0
2026-04-18 09:28:54 AM,KXATPCHALLENGERMATCH-26APR18TABMMO-TAB,57,1,56,25,55,1585,54,1251,53,2098,57,477,58,5738,59,1477,60,2082,61,1246,57.0
2026-04-18 09:28:54 AM,KXATPCHALLENGERMATCH-26APR18TABMMO-TAB,57,1,56,25,55,1585,54,1251,53,2598,57,477,58,5738,59,1477,60,2082,61,1246,57.0
2026-04-18 09:28:54 AM,KXATPCHALLENGERMATCH-26APR18TABMMO-TAB,57,1,56,25,55,1585,54,1251,53,2598,57,752,58,5738,59,1477,60,2082,61,1246,57.0
2026-04-18 09:28:55 AM,KXATPCHALLENGERMATCH-26APR18TABMMO-TAB,57,1,56,25,55,1585,54,990,53,2598,57,752,58,5738,59,1477,60,2082,61,1246,57.0
2026-04-18 09:28:55 AM,KXATPCHALLENGERMATCH-26APR18TABMMO-TAB,57,1,56,286,55,1585,54,990,53,2598,57,752,58,5738,59,1477,60,2082,61,1246,57.0
2026-04-18 09:29:01 AM,KXATPCHALLENGERMATCH-26APR18TABMMO-TAB,57,1,56,286,55,1585,54,990,53,3348,57,752,58,5738,59,1477,60,2082,61,1246,57.0
2026-04-18 09:29:04 AM,KXATPCHALLENGERMATCH-26APR18TABMMO-TAB,57,1,56,286,55,1585,54,990,53,3348,57,598,58,5738,59,1477,60,2082,61,1246,57.0
2026-04-18 09:29:04 AM,KXATPCHALLENGERMATCH-26APR18TABMMO-TAB,57,1,56,336,55,1585,54,990,53,3348,57,598,58,5738,59,1477,60,2082,61,1246,57.0
2026-04-18 09:29:04 AM,KXATPCHALLENGERMATCH-26APR18TABMMO-TAB,57,1,56,336,55,1635,54,990,53,3348,57,598,58,5738,59,1477,60,2082,61,1246,57.0
2026-04-18 09:29:04 AM,KXATPCHALLENGERMATCH-26APR18TABMMO-TAB,57,1,56,336,55,1635,54,990,53,3348,57,652,58,5738,59,1477,60,2082,61,1246,57.0
2026-04-18 09:31:23 AM,KXATPCHALLENGERMATCH-26APR18TABMMO-TAB,57,1,56,336,55,1635,54,990,53,3357,57,652,58,5738,59,1477,60,2082,61,1246,57.0
2026-04-18 09:31:53 AM,KXATPCHALLENGERMATCH-26APR18TABMMO-TAB,57,1,56,336,55,1635,54,990,53,2857,57,652,58,5738,59,1477,60,2082,61,1246,57.0
2026-04-18 09:32:00 AM,KXATPCHALLENGERMATCH-26APR18TABMMO-TAB,57,1,56,336,55,1635,54,990,53,2107,57,652,58,5738,59,1477,60,2082,61,1246,57.0
2026-04-18 09:35:48 AM,KXATPCHALLENGERMATCH-26APR18TABMMO-TAB,57,1,56,336,55,1635,54,990,53,4107,57,652,58,5738,59,1477,60,2082,61,1246,57.0
2026-04-18 09:35:56 AM,KXATPCHALLENGERMATCH-26APR18TABMMO-TAB,57,1,56,336,55,1635,54,990,53,4107,57,652,58,5738,59,1477,60,4082,61,1246,57.0
2026-04-18 09:37:36 AM,KXATPCHALLENGERMATCH-26APR18TABMMO-TAB,57,1,56,336,55,1635,54,990,53,4098,57,652,58,5738,59,1477,60,4082,61,1246,57.0
2026-04-18 09:37:37 AM,KXATPCHALLENGERMATCH-26APR18TABMMO-TAB,57,1,56,336,55,1635,54,990,53,4107,57,652,58,5738,59,1477,60,4082,61,1246,57.0
2026-04-18 09:39:21 AM,KXATPCHALLENGERMATCH-26APR18TABMMO-TAB,57,1,56,336,55,1635,54,2990,53,4107,57,652,58,5738,59,1477,60,4082,61,1246,57.0
2026-04-18 09:39:39 AM,KXATPCHALLENGERMATCH-26APR18TABMMO-TAB,57,1,56,336,55,1635,54,2990,53,4107,57,652,58,5738,59,3477,60,4082,61,1246,57.0
2026-04-18 09:39:57 AM,KXATPCHALLENGERMATCH-26APR18TABMMO-TAB,57,1,56,336,55,1635,54,2990,53,4107,57,684,58,5738,59,3477,60,4082,61,1246,57.0
2026-04-18 09:39:57 AM,KXATPCHALLENGERMATCH-26APR18TABMMO-TAB,57,1,56,320,55,1635,54,2990,53,4107,57,684,58,5738,59,3477,60,4082,61,1246,57.0
2026-04-18 09:39:57 AM,KXATPCHALLENGERMATCH-26APR18TABMMO-TAB,57,1,56,320,55,1619,54,2990,53,4107,57,684,58,5738,59,3477,60,4082,61,1246,57.0
2026-04-18 09:40:25 AM,KXATPCHALLENGERMATCH-26APR18TABMMO-TAB,57,1,56,320,55,1619,54,2990,53,4107,57,539,58,5738,59,3477,60,4082,61,1246,57.0
2026-04-18 09:40:26 AM,KXATPCHALLENGERMATCH-26APR18TABMMO-TAB,57,1,56,320,55,1619,54,2990,53,4107,57,361,58,5738,59,3477,60,4082,61,1246,57.0
2026-04-18 09:40:26 AM,KXATPCHALLENGERMATCH-26APR18TABMMO-TAB,57,1,56,320,55,1619,54,2990,53,4107,57,307,58,5738,59,3477,60,4082,61,1246,57.0
2026-04-18 09:40:26 AM,KXATPCHALLENGERMATCH-26APR18TABMMO-TAB,57,1,56,320,55,1619,54,2990,53,4107,57,275,58,5738,59,3477,60,4082,61,1246,57.0
2026-04-18 09:40:26 AM,KXATPCHALLENGERMATCH-26APR18TABMMO-TAB,57,1,56,320,55,1344,54,2990,53,4107,57,275,58,5738,59,3477,60,4082,61,1246,57.0
2026-04-18 09:40:26 AM,KXATPCHALLENGERMATCH-26APR18TABMMO-TAB,57,1,56,595,55,1344,54,2990,53,4107,57,275,58,5738,59,3477,60,4082,61,1246,57.0
2026-04-18 09:40:26 AM,KXATPCHALLENGERMATCH-26APR18TABMMO-TAB,57,1,56,595,55,1344,54,2990,53,4107,58,5738,59,3477,60,4082,61,1246,62,2,57.5
2026-04-18 09:40:26 AM,KXATPCHALLENGERMATCH-26APR18TABMMO-TAB,57,1,56,595,55,1344,54,2990,53,4107,58,6013,59,3477,60,4082,61,1246,62,2,57.5
2026-04-18 09:40:27 AM,KXATPCHALLENGERMATCH-26APR18TABMMO-TAB,57,1,56,595,55,1344,54,2990,53,4107,58,5545,59,3477,60,4082,61,1246,62,2,57.5
2026-04-18 09:40:27 AM,KXATPCHALLENGERMATCH-26APR18TABMMO-TAB,57,1,56,595,55,1344,54,2990,53,4107,58,5496,59,3477,60,4082,61,1246,62,2,57.5
2026-04-18 09:40:27 AM,KXATPCHALLENGERMATCH-26APR18TABMMO-TAB,57,1,56,595,55,1344,54,2990,53,4107,58,5167,59,3477,60,4082,61,1246,62,2,57.5
2026-04-18 09:40:27 AM,KXATPCHALLENGERMATCH-26APR18TABMMO-TAB,57,1,56,595,55,1344,54,2990,53,4107,58,5167,59,4477,60,4082,61,1246,62,2,57.5
2026-04-18 09:40:28 AM,KXATPCHALLENGERMATCH-26APR18TABMMO-TAB,57,1,56,667,55,1344,54,2990,53,4107,58,5167,59,4477,60,4082,61,1246,62,2,57.5
2026-04-18 09:40:28 AM,KXATPCHALLENGERMATCH-26APR18TABMMO-TAB,57,1,56,667,55,1416,54,2990,53,4107,58,5167,59,4477,60,4082,61,1246,62,2,57.5
2026-04-18 09:40:30 AM,KXATPCHALLENGERMATCH-26APR18TABMMO-TAB,57,1,56,667,55,1416,54,2990,53,4107,58,5278,59,4477,60,4082,61,1246,62,2,57.5
2026-04-18 09:41:09 AM,KXATPCHALLENGERMATCH-26APR18TABMMO-TAB,57,1,56,667,55,1416,54,2990,53,4107,58,5313,59,4477,60,4082,61,1246,62,2,57.5
2026-04-18 09:41:27 AM,KXATPCHALLENGERMATCH-26APR18TABMMO-TAB,57,1,56,702,55,1416,54,2990,53,4107,58,5313,59,4477,60,4082,61,1246,62,2,57.5
2026-04-18 09:41:27 AM,KXATPCHALLENGERMATCH-26APR18TABMMO-TAB,57,1,56,702,55,1416,54,2990,53,5857,58,5313,59,4477,60,4082,61,1246,62,2,57.5
2026-04-18 09:41:29 AM,KXATPCHALLENGERMATCH-26APR18TABMMO-TAB,57,26,56,702,55,1416,54,2990,53,5857,58,5313,59,4477,60,4082,61,1246,62,2,57.5
2026-04-18 09:41:29 AM,KXATPCHALLENGERMATCH-26APR18TABMMO-TAB,57,26,56,702,55,1416,54,2990,53,3857,58,5313,59,4477,60,4082,61,1246,62,2,57.5
2026-04-18 09:42:05 AM,KXATPCHALLENGERMATCH-26APR18TABMMO-TAB,57,26,56,702,55,1416,54,2990,53,2107,58,5313,59,4477,60,4082,61,1246,62,2,57.5
2026-04-18 09:42:49 AM,KXATPCHALLENGERMATCH-26APR18TABMMO-TAB,57,26,56,702,55,1416,54,2990,53,3857,58,5313,59,4477,60,4082,61,1246,62,2,57.5
2026-04-18 09:43:46 AM,KXATPCHALLENGERMATCH-26APR18TABMMO-TAB,57,26,56,702,55,1416,54,2990,53,3848,58,5313,59,4477,60,4082,61,1246,62,2,57.5
2026-04-18 09:45:38 AM,KXATPCHALLENGERMATCH-26APR18TABMMO-TAB,57,26,56,702,55,1416,54,2990,53,2098,58,5313,59,4477,60,4082,61,1246,62,2,57.5
2026-04-18 09:48:41 AM,KXATPCHALLENGERMATCH-26APR18TABMMO-TAB,57,26,56,702,55,1416,54,2990,53,2098,58,5278,59,4477,60,4082,61,1246,62,2,57.5
2026-04-18 09:48:41 AM,KXATPCHALLENGERMATCH-26APR18TABMMO-TAB,57,26,56,667,55,1416,54,2990,53,2098,58,5278,59,4477,60,4082,61,1246,62,2,57.5
2026-04-18 09:48:43 AM,KXATPCHALLENGERMATCH-26APR18TABMMO-TAB,57,36,56,667,55,1416,54,2990,53,2098,58,5278,59,4477,60,4082,61,1246,62,2,57.5
2026-04-18 09:56:00 AM,KXATPCHALLENGERMATCH-26APR18TABMMO-TAB,57,36,56,667,55,1416,54,2990,53,2098,58,5253,59,4477,60,4082,61,1246,62,2,57.5
2026-04-18 09:56:00 AM,KXATPCHALLENGERMATCH-26APR18TABMMO-TAB,57,36,56,679,55,1416,54,2990,53,2098,58,5253,59,4477,60,4082,61,1246,62,2,57.5
2026-04-18 09:56:01 AM,KXATPCHALLENGERMATCH-26APR18TABMMO-TAB,57,36,56,679,55,1428,54,2990,53,2098,58,5253,59,4477,60,4082,61,1246,62,2,57.5
2026-04-18 09:56:01 AM,KXATPCHALLENGERMATCH-26APR18TABMMO-TAB,57,26,56,679,55,1428,54,2990,53,2098,58,5253,59,4477,60,4082,61,1246,62,2,57.5
2026-04-18 09:56:01 AM,KXATPCHALLENGERMATCH-26APR18TABMMO-TAB,57,26,56,679,55,1428,54,2990,53,2098,58,5245,59,4477,60,4082,61,1246,62,2,57.5
2026-04-18 09:56:01 AM,KXATPCHALLENGERMATCH-26APR18TABMMO-TAB,57,26,56,683,55,1428,54,2990,53,2098,58,5245,59,4477,60,4082,61,1246,62,2,57.5
2026-04-18 09:56:01 AM,KXATPCHALLENGERMATCH-26APR18TABMMO-TAB,57,26,56,683,55,1432,54,2990,53,2098,58,5245,59,4477,60,4082,61,1246,62,2,57.5
2026-04-18 09:56:30 AM,KXATPCHALLENGERMATCH-26APR18TABMMO-TAB,57,26,56,683,55,1432,54,2990,53,3848,58,5245,59,4477,60,4082,61,1246,62,2,57.5
2026-04-18 09:59:21 AM,KXATPCHALLENGERMATCH-26APR18TABMMO-TAB,57,26,56,683,55,1432,54,2990,53,2098,58,5245,59,4477,60,4082,61,1246,62,2,57.5
2026-04-18 10:00:16 AM,KXATPCHALLENGERMATCH-26APR18TABMMO-TAB,57,26,56,683,55,1432,54,2990,53,2098,58,5125,59,4477,60,4082,61,1246,62,2,57.5
2026-04-18 10:00:16 AM,KXATPCHALLENGERMATCH-26APR18TABMMO-TAB,57,26,56,683,55,1432,54,2990,53,2098,58,5080,59,4477,60,4082,61,1246,62,2,57.5
2026-04-18 10:00:18 AM,KXATPCHALLENGERMATCH-26APR18TABMMO-TAB,57,26,56,683,55,1254,54,2990,53,2098,58,5080,59,4477,60,4082,61,1246,62,2,57.5
2026-04-18 10:00:18 AM,KXATPCHALLENGERMATCH-26APR18TABMMO-TAB,57,26,56,683,55,1213,54,2990,53,2098,58,5080,59,4477,60,4082,61,1246,62,2,57.5
2026-04-18 10:00:18 AM,KXATPCHALLENGERMATCH-26APR18TABMMO-TAB,57,26,56,683,55,1211,54,2990,53,2098,58,5080,59,4477,60,4082,61,1246,62,2,57.5
2026-04-18 10:00:18 AM,KXATPCHALLENGERMATCH-26APR18TABMMO-TAB,57,26,56,683,55,1204,54,2990,53,2098,58,5080,59,4477,60,4082,61,1246,62,2,57.5
2026-04-18 10:00:18 AM,KXATPCHALLENGERMATCH-26APR18TABMMO-TAB,57,26,56,683,55,1200,54,2990,53,2098,58,5080,59,4477,60,4082,61,1246,62,2,57.5
2026-04-18 10:00:18 AM,KXATPCHALLENGERMATCH-26APR18TABMMO-TAB,57,26,56,683,55,1190,54,2990,53,2098,58,5080,59,4477,60,4082,61,1246,62,2,57.5
2026-04-18 10:00:18 AM,KXATPCHALLENGERMATCH-26APR18TABMMO-TAB,57,26,56,683,55,1174,54,2990,53,2098,58,5080,59,4477,60,4082,61,1246,62,2,57.5
2026-04-18 10:00:18 AM,KXATPCHALLENGERMATCH-26APR18TABMMO-TAB,57,26,56,683,55,1140,54,2990,53,2098,58,5080,59,4477,60,4082,61,1246,62,2,57.5
2026-04-18 10:00:18 AM,KXATPCHALLENGERMATCH-26APR18TABMMO-TAB,57,26,56,683,55,1068,54,2990,53,2098,58,5080,59,4477,60,4082,61,1246,62,2,57.5
2026-04-18 10:00:18 AM,KXATPCHALLENGERMATCH-26APR18TABMMO-TAB,57,26,56,683,55,1056,54,2990,53,2098,58,5080,59,4477,60,4082,61,1246,62,2,57.5
2026-04-18 10:00:18 AM,KXATPCHALLENGERMATCH-26APR18TABMMO-TAB,57,26,56,683,55,1052,54,2990,53,2098,58,5080,59,4477,60,4082,61,1246,62,2,57.5
2026-04-18 10:00:18 AM,KXATPCHALLENGERMATCH-26APR18TABMMO-TAB,57,470,56,683,55,1052,54,2990,53,2098,58,5080,59,4477,60,4082,61,1246,62,2,57.5
2026-04-18 10:00:18 AM,KXATPCHALLENGERMATCH-26APR18TABMMO-TAB,57,470,56,743,55,1052,54,2990,53,2098,58,5080,59,4477,60,4082,61,1246,62,2,57.5
2026-04-18 10:00:18 AM,KXATPCHALLENGERMATCH-26APR18TABMMO-TAB,57,26,56,743,55,1052,54,2990,53,2098,58,5080,59,4477,60,4082,61,1246,62,2,57.5
2026-04-18 10:00:19 AM,KXATPCHALLENGERMATCH-26APR18TABMMO-TAB,57,26,56,743,55,1496,54,2990,53,2098,58,5080,59,4477,60,4082,61,1246,62,2,57.5
2026-04-18 10:00:19 AM,KXATPCHALLENGERMATCH-26APR18TABMMO-TAB,57,26,56,743,55,1052,54,2990,53,2098,58,5080,59,4477,60,4082,61,1246,62,2,57.5
2026-04-18 10:00:19 AM,KXATPCHALLENGERMATCH-26APR18TABMMO-TAB,57,470,56,743,55,1052,54,2990,53,2098,58,5080,59,4477,60,4082,61,1246,62,2,57.5
2026-04-18 10:02:18 AM,KXATPCHALLENGERMATCH-26APR18TABMMO-TAB,57,470,56,743,55,1052,54,2990,53,2098,58,5115,59,4477,60,4082,61,1246,62,2,57.5
2026-04-18 10:03:08 AM,KXATPCHALLENGERMATCH-26APR18TABMMO-TAB,57,470,56,743,55,1052,54,2999,53,2098,58,5115,59,4477,60,4082,61,1246,62,2,57.5
2026-04-18 10:05:17 AM,KXATPCHALLENGERMATCH-26APR18TABMMO-TAB,57,470,56,743,55,1052,54,2999,53,2098,58,5080,59,4477,60,4082,61,1246,62,2,57.5
2026-04-18 10:07:07 AM,KXATPCHALLENGERMATCH-26APR18TABMMO-TAB,57,470,56,743,55,1052,54,2999,53,3348,58,5080,59,4477,60,4082,61,1246,62,2,57.5
2026-04-18 10:08:56 AM,KXATPCHALLENGERMATCH-26APR18TABMMO-TAB,57,470,56,743,55,1052,54,2989,53,3348,58,5080,59,4477,60,4082,61,1246,62,2,57.5
2026-04-18 10:08:56 AM,KXATPCHALLENGERMATCH-26APR18TABMMO-TAB,57,470,56,743,55,1037,54,2989,53,3348,58,5080,59,4477,60,4082,61,1246,62,2,57.5
2026-04-18 10:08:56 AM,KXATPCHALLENGERMATCH-26APR18TABMMO-TAB,57,470,56,743,55,1037,54,2989,53,3348,58,5080,59,4467,60,4082,61,1246,62,2,57.5
2026-04-18 10:08:56 AM,KXATPCHALLENGERMATCH-26APR18TABMMO-TAB,57,470,56,743,55,1037,54,2989,53,3348,58,5065,59,4467,60,4082,61,1246,62,2,57.5
2026-04-18 10:08:56 AM,KXATPCHALLENGERMATCH-26APR18TABMMO-TAB,57,470,56,743,55,1052,54,2989,53,3348,58,5065,59,4467,60,4082,61,1246,62,2,57.5
2026-04-18 10:08:56 AM,KXATPCHALLENGERMATCH-26APR18TABMMO-TAB,57,470,56,743,55,1052,54,2999,53,3348,58,5065,59,4467,60,4082,61,1246,62,2,57.5
2026-04-18 10:08:56 AM,KXATPCHALLENGERMATCH-26APR18TABMMO-TAB,57,470,56,743,55,1052,54,2999,53,3348,58,5080,59,4467,60,4082,61,1246,62,2,57.5
2026-04-18 10:08:56 AM,KXATPCHALLENGERMATCH-26APR18TABMMO-TAB,57,470,56,743,55,1052,54,2999,53,3348,58,5080,59,4477,60,4082,61,1246,62,2,57.5
2026-04-18 10:09:13 AM,KXATPCHALLENGERMATCH-26APR18TABMMO-TAB,57,470,56,743,55,1052,54,2999,53,2098,58,5080,59,4477,60,4082,61,1246,62,2,57.5
2026-04-18 10:09:26 AM,KXATPCHALLENGERMATCH-26APR18TABMMO-TAB,57,470,56,743,55,1052,54,2990,53,2098,58,5080,59,4477,60,4082,61,1246,62,2,57.5
2026-04-18 10:09:26 AM,KXATPCHALLENGERMATCH-26APR18TABMMO-TAB,57,470,56,743,55,1052,54,2999,53,2098,58,5080,59,4477,60,4082,61,1246,62,2,57.5
2026-04-18 10:09:29 AM,KXATPCHALLENGERMATCH-26APR18TABMMO-TAB,57,470,56,743,55,1052,54,2999,53,2098,58,5135,59,4477,60,4082,61,1246,62,2,57.5
2026-04-18 10:09:29 AM,KXATPCHALLENGERMATCH-26APR18TABMMO-TAB,57,26,56,743,55,1052,54,2999,53,2098,58,5135,59,4477,60,4082,61,1246,62,2,57.5
2026-04-18 10:09:29 AM,KXATPCHALLENGERMATCH-26APR18TABMMO-TAB,57,26,56,716,55,1052,54,2999,53,2098,58,5135,59,4477,60,4082,61,1246,62,2,57.5
2026-04-18 10:09:29 AM,KXATPCHALLENGERMATCH-26APR18TABMMO-TAB,57,26,56,716,55,1468,54,2999,53,2098,58,5135,59,4477,60,4082,61,1246,62,2,57.5
2026-04-18 10:09:59 AM,KXATPCHALLENGERMATCH-26APR18TABMMO-TAB,57,26,56,716,55,1453,54,2999,53,2098,58,5135,59,4477,60,4082,61,1246,62,2,57.5
2026-04-18 10:09:59 AM,KXATPCHALLENGERMATCH-26APR18TABMMO-TAB,57,26,56,716,55,1453,54,2989,53,2098,58,5135,59,4477,60,4082,61,1246,62,2,57.5
2026-04-18 10:09:59 AM,KXATPCHALLENGERMATCH-26APR18TABMMO-TAB,57,26,56,716,55,1453,54,2989,53,2098,58,5120,59,4477,60,4082,61,1246,62,2,57.5
2026-04-18 10:09:59 AM,KXATPCHALLENGERMATCH-26APR18TABMMO-TAB,57,26,56,716,55,1453,54,2989,53,2098,58,5120,59,4467,60,4082,61,1246,62,2,57.5
2026-04-18 10:09:59 AM,KXATPCHALLENGERMATCH-26APR18TABMMO-TAB,57,26,56,716,55,1468,54,2989,53,2098,58,5120,59,4467,60,4082,61,1246,62,2,57.5
2026-04-18 10:09:59 AM,KXATPCHALLENGERMATCH-26APR18TABMMO-TAB,57,26,56,716,55,1468,54,2999,53,2098,58,5120,59,4467,60,4082,61,1246,62,2,57.5
2026-04-18 10:09:59 AM,KXATPCHALLENGERMATCH-26APR18TABMMO-TAB,57,26,56,716,55,1468,54,2999,53,2098,58,5135,59,4467,60,4082,61,1246,62,2,57.5
2026-04-18 10:09:59 AM,KXATPCHALLENGERMATCH-26APR18TABMMO-TAB,57,26,56,716,55,1483,54,2999,53,2098,58,5135,59,4467,60,4082,61,1246,62,2,57.5
2026-04-18 10:10:00 AM,KXATPCHALLENGERMATCH-26APR18TABMMO-TAB,57,26,56,716,55,1483,54,2999,53,2098,58,5135,59,4477,60,4082,61,1246,62,2,57.5
2026-04-18 10:10:00 AM,KXATPCHALLENGERMATCH-26APR18TABMMO-TAB,57,26,56,716,55,1468,54,2999,53,2098,58,5135,59,4477,60,4082,61,1246,62,2,57.5
2026-04-18 10:11:03 AM,KXATPCHALLENGERMATCH-26APR18TABMMO-TAB,57,26,56,716,55,1468,54,2989,53,2098,58,5135,59,4477,60,4082,61,1246,62,2,57.5
2026-04-18 10:11:03 AM,KXATPCHALLENGERMATCH-26APR18TABMMO-TAB,57,26,56,716,55,1453,54,2989,53,2098,58,5135,59,4477,60,4082,61,1246,62,2,57.5
2026-04-18 10:11:03 AM,KXATPCHALLENGERMATCH-26APR18TABMMO-TAB,57,26,56,716,55,1453,54,2989,53,2098,58,5120,59,4477,60,4082,61,1246,62,2,57.5
2026-04-18 10:11:03 AM,KXATPCHALLENGERMATCH-26APR18TABMMO-TAB,57,26,56,716,55,1453,54,2989,53,2098,58,5120,59,4467,60,4082,61,1246,62,2,57.5
2026-04-18 10:11:03 AM,KXATPCHALLENGERMATCH-26APR18TABMMO-TAB,57,26,56,716,55,1468,54,2989,53,2098,58,5120,59,4467,60,4082,61,1246,62,2,57.5
2026-04-18 10:11:03 AM,KXATPCHALLENGERMATCH-26APR18TABMMO-TAB,57,26,56,716,55,1468,54,2999,53,2098,58,5120,59,4467,60,4082,61,1246,62,2,57.5
2026-04-18 10:11:04 AM,KXATPCHALLENGERMATCH-26APR18TABMMO-TAB,57,26,56,716,55,1468,54,2999,53,2098,58,5135,59,4467,60,4082,61,1246,62,2,57.5
2026-04-18 10:11:04 AM,KXATPCHALLENGERMATCH-26APR18TABMMO-TAB,57,26,56,716,55,1468,54,2999,53,2098,58,5135,59,4477,60,4082,61,1246,62,2,57.5
2026-04-18 10:15:51 AM,KXATPCHALLENGERMATCH-26APR18TABMMO-TAB,57,26,56,716,55,1468,54,2990,53,2098,58,5135,59,4477,60,4082,61,1246,62,2,57.5
2026-04-18 10:19:16 AM,KXATPCHALLENGERMATCH-26APR18TABMMO-TAB,57,26,56,716,55,1468,54,2990,53,2098,58,5145,59,4477,60,4082,61,1246,62,2,57.5
2026-04-18 10:19:16 AM,KXATPCHALLENGERMATCH-26APR18TABMMO-TAB,57,26,56,711,55,1468,54,2990,53,2098,58,5145,59,4477,60,4082,61,1246,62,2,57.5
2026-04-18 10:19:16 AM,KXATPCHALLENGERMATCH-26APR18TABMMO-TAB,57,26,56,711,55,1463,54,2990,53,2098,58,5145,59,4477,60,4082,61,1246,62,2,57.5
2026-04-18 10:19:37 AM,KXATPCHALLENGERMATCH-26APR18TABMMO-TAB,57,26,56,711,55,1448,54,2990,53,2098,58,5145,59,4477,60,4082,61,1246,62,2,57.5
2026-04-18 10:19:37 AM,KXATPCHALLENGERMATCH-26APR18TABMMO-TAB,57,26,56,711,55,1448,54,2980,53,2098,58,5145,59,4477,60,4082,61,1246,62,2,57.5
2026-04-18 10:19:37 AM,KXATPCHALLENGERMATCH-26APR18TABMMO-TAB,57,26,56,711,55,1448,54,2980,53,2098,58,5130,59,4477,60,4082,61,1246,62,2,57.5
2026-04-18 10:19:37 AM,KXATPCHALLENGERMATCH-26APR18TABMMO-TAB,57,26,56,711,55,1448,54,2980,53,2098,58,5130,59,4467,60,4082,61,1246,62,2,57.5
2026-04-18 10:19:37 AM,KXATPCHALLENGERMATCH-26APR18TABMMO-TAB,57,26,56,711,55,1463,54,2980,53,2098,58,5130,59,4467,60,4082,61,1246,62,2,57.5
2026-04-18 10:19:37 AM,KXATPCHALLENGERMATCH-26APR18TABMMO-TAB,57,26,56,711,55,1463,54,2990,53,2098,58,5130,59,4467,60,4082,61,1246,62,2,57.5
2026-04-18 10:19:37 AM,KXATPCHALLENGERMATCH-26APR18TABMMO-TAB,57,26,56,711,55,1463,54,2990,53,2098,58,5145,59,4467,60,4082,61,1246,62,2,57.5
2026-04-18 10:19:37 AM,KXATPCHALLENGERMATCH-26APR18TABMMO-TAB,57,26,56,711,55,1463,54,2990,53,2098,58,5145,59,4477,60,4082,61,1246,62,2,57.5
2026-04-18 10:19:37 AM,KXATPCHALLENGERMATCH-26APR18TABMMO-TAB,57,26,56,711,55,1463,54,2990,53,3848,58,5145,59,4477,60,4082,61,1246,62,2,57.5
2026-04-18 10:22:21 AM,KXATPCHALLENGERMATCH-26APR18TABMMO-TAB,57,26,56,711,55,1463,54,2990,53,2098,58,5145,59,4477,60,4082,61,1246,62,2,57.5
2026-04-18 10:23:40 AM,KXATPCHALLENGERMATCH-26APR18TABMMO-TAB,57,26,56,711,55,1463,54,2990,53,3098,58,5145,59,4477,60,4082,61,1246,62,2,57.5
2026-04-18 10:24:32 AM,KXATPCHALLENGERMATCH-26APR18TABMMO-TAB,57,26,56,711,55,1463,54,2990,53,3098,58,5146,59,4477,60,4082,61,1246,62,2,57.5
2026-04-18 10:26:31 AM,KXATPCHALLENGERMATCH-26APR18TABMMO-TAB,57,26,56,711,55,1463,54,2990,53,2098,58,5146,59,4477,60,4082,61,1246,62,2,57.5
2026-04-18 10:27:25 AM,KXATPCHALLENGERMATCH-26APR18TABMMO-TAB,57,26,56,711,55,1463,54,2990,53,2098,58,5146,59,2477,60,4082,61,1246,62,2,57.5
2026-04-18 10:27:25 AM,KXATPCHALLENGERMATCH-26APR18TABMMO-TAB,57,26,56,711,55,1463,54,990,53,2098,58,5146,59,2477,60,4082,61,1246,62,2,57.5
2026-04-18 10:27:28 AM,KXATPCHALLENGERMATCH-26APR18TABMMO-TAB,57,26,56,711,55,1463,54,990,53,2098,58,5146,59,2477,60,2082,61,1246,62,2,57.5
2026-04-18 10:28:40 AM,KXATPCHALLENGERMATCH-26APR18TABMMO-TAB,57,26,56,711,55,1463,54,990,53,4848,58,5146,59,2477,60,2082,61,1246,62,2,57.5
2026-04-18 10:28:55 AM,KXATPCHALLENGERMATCH-26APR18TABMMO-TAB,57,26,56,711,55,1463,54,990,53,4848,58,5146,59,4477,60,2082,61,1246,62,2,57.5
2026-04-18 10:28:55 AM,KXATPCHALLENGERMATCH-26APR18TABMMO-TAB,57,26,56,711,55,1463,54,990,53,4848,58,5146,59,4477,60,4082,61,1246,62,2,57.5
2026-04-18 10:28:55 AM,KXATPCHALLENGERMATCH-26APR18TABMMO-TAB,57,26,56,711,55,1463,54,2990,53,4848,58,5146,59,4477,60,4082,61,1246,62,2,57.5
2026-04-18 10:30:00 AM,KXATPCHALLENGERMATCH-26APR18TABMMO-TAB,57,26,56,711,55,1463,54,2990,53,4848,58,2559,59,4477,60,4082,61,1246,62,2,57.5
2026-04-18 10:31:23 AM,KXATPCHALLENGERMATCH-26APR18TABMMO-TAB,57,26,56,711,55,1463,54,2990,53,2098,58,2559,59,4477,60,4082,61,1246,62,2,57.5
2026-04-18 10:34:32 AM,KXATPCHALLENGERMATCH-26APR18TABMMO-TAB,57,26,56,711,55,1463,54,2990,53,2098,58,2558,59,4477,60,4082,61,1246,62,2,57.5
2026-04-18 10:39:32 AM,KXATPCHALLENGERMATCH-26APR18TABMMO-TAB,57,26,56,711,55,1463,54,2990,53,2098,58,2542,59,4477,60,4082,61,1246,62,2,57.5
2026-04-18 10:48:00 AM,KXATPCHALLENGERMATCH-26APR18TABMMO-TAB,57,26,56,711,55,1463,54,2990,53,4848,58,2542,59,4477,60,4082,61,1246,62,2,57.5
2026-04-18 10:49:05 AM,KXATPCHALLENGERMATCH-26APR18TABMMO-TAB,57,26,56,711,55,1463,54,2990,53,2098,58,2542,59,4477,60,4082,61,1246,62,2,57.5
2026-04-18 10:54:04 AM,KXATPCHALLENGERMATCH-26APR18TABMMO-TAB,57,26,56,711,55,1463,54,2990,53,4848,58,2542,59,4477,60,4082,61,1246,62,2,57.5
2026-04-18 10:56:26 AM,KXATPCHALLENGERMATCH-26APR18TABMMO-TAB,57,26,56,711,55,1463,54,2990,53,2098,58,2542,59,4477,60,4082,61,1246,62,2,57.5
2026-04-18 10:57:32 AM,KXATPCHALLENGERMATCH-26APR18TABMMO-TAB,57,26,56,711,55,1463,54,2990,53,4848,58,2542,59,4477,60,4082,61,1246,62,2,57.5
2026-04-18 10:57:32 AM,KXATPCHALLENGERMATCH-26APR18TABMMO-TAB,57,26,56,711,55,1463,54,2990,53,4848,58,2534,59,4477,60,4082,61,1246,62,2,57.5
2026-04-18 10:57:36 AM,KXATPCHALLENGERMATCH-26APR18TABMMO-TAB,57,26,56,711,55,1463,54,2990,53,2098,58,2534,59,4477,60,4082,61,1246,62,2,57.5
2026-04-18 10:57:36 AM,KXATPCHALLENGERMATCH-26APR18TABMMO-TAB,57,26,56,711,55,1463,54,2990,53,4348,58,2534,59,4477,60,4082,61,1246,62,2,57.5
2026-04-18 10:58:06 AM,KXATPCHALLENGERMATCH-26APR18TABMMO-TAB,57,26,56,711,55,1463,54,2990,53,4348,58,2582,59,4477,60,4082,61,1246,62,2,57.5
2026-04-18 10:58:45 AM,KXATPCHALLENGERMATCH-26APR18TABMMO-TAB,57,26,56,711,55,1463,54,2990,53,4348,58,2534,59,4477,60,4082,61,1246,62,2,57.5
2026-04-18 11:00:23 AM,KXATPCHALLENGERMATCH-26APR18TABMMO-TAB,57,26,56,711,55,1463,54,2990,53,2098,58,2534,59,4477,60,4082,61,1246,62,2,57.5
2026-04-18 11:06:24 AM,KXATPCHALLENGERMATCH-26APR18TABMMO-TAB,57,26,56,711,55,1463,54,2990,53,2098,58,2533,59,4477,60,4082,61,1246,62,2,57.5
2026-04-18 11:07:31 AM,KXATPCHALLENGERMATCH-26APR18TABMMO-TAB,57,26,56,711,55,1463,54,2990,53,2098,58,2492,59,4477,60,4082,61,1246,62,2,57.5
2026-04-18 11:07:31 AM,KXATPCHALLENGERMATCH-26APR18TABMMO-TAB,57,26,56,711,55,1463,54,2990,53,4848,58,2492,59,4477,60,4082,61,1246,62,2,57.5
2026-04-18 11:09:26 AM,KXATPCHALLENGERMATCH-26APR18TABMMO-TAB,57,26,56,711,55,1463,54,2990,53,2098,58,2492,59,4477,60,4082,61,1246,62,2,57.5
2026-04-18 11:12:01 AM,KXATPCHALLENGERMATCH-26APR18TABMMO-TAB,57,26,56,711,55,1463,54,2990,53,2098,58,2502,59,4477,60,4082,61,1246,62,2,57.5
2026-04-18 11:12:01 AM,KXATPCHALLENGERMATCH-26APR18TABMMO-TAB,57,26,56,706,55,1463,54,2990,53,2098,58,2502,59,4477,60,4082,61,1246,62,2,57.5
2026-04-18 11:12:01 AM,KXATPCHALLENGERMATCH-26APR18TABMMO-TAB,57,26,56,706,55,1458,54,2990,53,2098,58,2502,59,4477,60,4082,61,1246,62,2,57.5
2026-04-18 11:15:21 AM,KXATPCHALLENGERMATCH-26APR18TABMMO-TAB,57,26,56,706,55,1458,54,2990,53,2098,58,2478,59,4477,60,4082,61,1246,62,2,57.5
2026-04-18 11:16:54 AM,KXATPCHALLENGERMATCH-26APR18TABMMO-TAB,57,26,56,706,55,1458,54,2990,53,2098,58,2696,59,4477,60,4082,61,1246,62,2,57.5
2026-04-18 11:16:56 AM,KXATPCHALLENGERMATCH-26APR18TABMMO-TAB,57,26,56,684,55,1458,54,2990,53,2098,58,2696,59,4477,60,4082,61,1246,62,2,57.5
2026-04-18 11:16:56 AM,KXATPCHALLENGERMATCH-26APR18TABMMO-TAB,57,26,56,680,55,1458,54,2990,53,2098,58,2696,59,4477,60,4082,61,1246,62,2,57.5
2026-04-18 11:16:56 AM,KXATPCHALLENGERMATCH-26APR18TABMMO-TAB,57,26,56,668,55,1458,54,2990,53,2098,58,2696,59,4477,60,4082,61,1246,62,2,57.5
2026-04-18 11:16:56 AM,KXATPCHALLENGERMATCH-26APR18TABMMO-TAB,57,26,56,598,55,1458,54,2990,53,2098,58,2696,59,4477,60,4082,61,1246,62,2,57.5
2026-04-18 11:16:56 AM,KXATPCHALLENGERMATCH-26APR18TABMMO-TAB,57,26,56,598,55,1349,54,2990,53,2098,58,2696,59,4477,60,4082,61,1246,62,2,57.5
2026-04-18 11:17:22 AM,KXATPCHALLENGERMATCH-26APR18TABMMO-TAB,57,26,56,598,55,1349,54,2990,53,2098,58,2679,59,4477,60,4082,61,1246,62,2,57.5
2026-04-18 11:19:18 AM,KXATPCHALLENGERMATCH-26APR18TABMMO-TAB,57,26,56,598,55,1334,54,2990,53,2098,58,2679,59,4477,60,4082,61,1246,62,2,57.5
2026-04-18 11:19:18 AM,KXATPCHALLENGERMATCH-26APR18TABMMO-TAB,57,26,56,598,55,1334,54,2980,53,2098,58,2679,59,4477,60,4082,61,1246,62,2,57.5
2026-04-18 11:19:18 AM,KXATPCHALLENGERMATCH-26APR18TABMMO-TAB,57,26,56,598,55,1334,54,2980,53,2098,58,2664,59,4477,60,4082,61,1246,62,2,57.5
2026-04-18 11:19:18 AM,KXATPCHALLENGERMATCH-26APR18TABMMO-TAB,57,26,56,598,55,1334,54,2980,53,2098,58,2664,59,4467,60,4082,61,1246,62,2,57.5
2026-04-18 11:19:19 AM,KXATPCHALLENGERMATCH-26APR18TABMMO-TAB,57,26,56,598,55,1349,54,2980,53,2098,58,2664,59,4467,60,4082,61,1246,62,2,57.5
2026-04-18 11:19:19 AM,KXATPCHALLENGERMATCH-26APR18TABMMO-TAB,57,26,56,598,55,1349,54,2990,53,2098,58,2664,59,4467,60,4082,61,1246,62,2,57.5
2026-04-18 11:19:19 AM,KXATPCHALLENGERMATCH-26APR18TABMMO-TAB,57,26,56,598,55,1349,54,2990,53,2098,58,2679,59,4467,60,4082,61,1246,62,2,57.5
2026-04-18 11:19:19 AM,KXATPCHALLENGERMATCH-26APR18TABMMO-TAB,57,26,56,598,55,1349,54,2990,53,2098,58,2679,59,4477,60,4082,61,1246,62,2,57.5
2026-04-18 11:20:31 AM,KXATPCHALLENGERMATCH-26APR18TABMMO-TAB,57,26,56,598,55,1334,54,2990,53,2098,58,2679,59,4477,60,4082,61,1246,62,2,57.5
2026-04-18 11:20:31 AM,KXATPCHALLENGERMATCH-26APR18TABMMO-TAB,57,26,56,598,55,1334,54,2980,53,2098,58,2679,59,4477,60,4082,61,1246,62,2,57.5
2026-04-18 11:20:31 AM,KXATPCHALLENGERMATCH-26APR18TABMMO-TAB,57,26,56,598,55,1334,54,2980,53,2098,58,2664,59,4477,60,4082,61,1246,62,2,57.5
2026-04-18 11:20:31 AM,KXATPCHALLENGERMATCH-26APR18TABMMO-TAB,57,26,56,598,55,1334,54,2980,53,2098,58,2664,59,4467,60,4082,61,1246,62,2,57.5
2026-04-18 11:20:31 AM,KXATPCHALLENGERMATCH-26APR18TABMMO-TAB,57,26,56,598,55,1349,54,2980,53,2098,58,2664,59,4467,60,4082,61,1246,62,2,57.5
2026-04-18 11:20:31 AM,KXATPCHALLENGERMATCH-26APR18TABMMO-TAB,57,26,56,598,55,1349,54,2990,53,2098,58,2664,59,4467,60,4082,61,1246,62,2,57.5
2026-04-18 11:20:31 AM,KXATPCHALLENGERMATCH-26APR18TABMMO-TAB,57,26,56,598,55,1349,54,2990,53,2098,58,2679,59,4467,60,4082,61,1246,62,2,57.5
2026-04-18 11:20:31 AM,KXATPCHALLENGERMATCH-26APR18TABMMO-TAB,57,26,56,598,55,1349,54,2990,53,2098,58,2679,59,4477,60,4082,61,1246,62,2,57.5
2026-04-18 11:23:36 AM,KXATPCHALLENGERMATCH-26APR18TABMMO-TAB,57,26,56,598,55,1349,54,2990,53,4848,58,2679,59,4477,60,4082,61,1246,62,2,57.5
2026-04-18 11:26:01 AM,KXATPCHALLENGERMATCH-26APR18TABMMO-TAB,57,26,56,598,55,1349,54,2990,53,4848,58,2681,59,4477,60,4082,61,1246,62,2,57.5
2026-04-18 11:26:01 AM,KXATPCHALLENGERMATCH-26APR18TABMMO-TAB,57,26,56,597,55,1349,54,2990,53,4848,58,2681,59,4477,60,4082,61,1246,62,2,57.5
2026-04-18 11:26:01 AM,KXATPCHALLENGERMATCH-26APR18TABMMO-TAB,57,26,56,597,55,1348,54,2990,53,4848,58,2681,59,4477,60,4082,61,1246,62,2,57.5
2026-04-18 11:26:05 AM,KXATPCHALLENGERMATCH-26APR18TABMMO-TAB,57,26,56,597,55,1348,54,2990,53,4848,58,2680,59,4477,60,4082,61,1246,62,2,57.5
2026-04-18 11:26:25 AM,KXATPCHALLENGERMATCH-26APR18TABMMO-TAB,57,26,56,597,55,1348,54,2990,53,2098,58,2680,59,4477,60,4082,61,1246,62,2,57.5
2026-04-18 11:28:41 AM,KXATPCHALLENGERMATCH-26APR18TABMMO-TAB,57,1026,56,597,55,1348,54,2990,53,2098,58,2680,59,4477,60,4082,61,1246,62,2,57.5
2026-04-18 11:28:46 AM,KXATPCHALLENGERMATCH-26APR18TABMMO-TAB,57,1026,56,2097,55,1348,54,2990,53,2098,58,2680,59,4477,60,4082,61,1246,62,2,57.5
2026-04-18 11:28:46 AM,KXATPCHALLENGERMATCH-26APR18TABMMO-TAB,57,1026,56,1822,55,1348,54,2990,53,2098,58,2680,59,4477,60,4082,61,1246,62,2,57.5
2026-04-18 11:28:46 AM,KXATPCHALLENGERMATCH-26APR18TABMMO-TAB,57,1301,56,1822,55,1348,54,2990,53,2098,58,2680,59,4477,60,4082,61,1246,62,2,57.5
2026-04-18 11:28:46 AM,KXATPCHALLENGERMATCH-26APR18TABMMO-TAB,57,1301,56,1822,55,1348,54,2990,53,2098,58,2405,59,4477,60,4082,61,1246,62,2,57.5
2026-04-18 11:28:46 AM,KXATPCHALLENGERMATCH-26APR18TABMMO-TAB,57,1301,56,1822,55,1348,54,2990,53,2098,58,2405,59,4752,60,4082,61,1246,62,2,57.5
2026-04-18 11:28:51 AM,KXATPCHALLENGERMATCH-26APR18TABMMO-TAB,57,1301,56,1822,55,3348,54,2990,53,2098,58,2405,59,4752,60,4082,61,1246,62,2,57.5
2026-04-18 11:33:59 AM,KXATPCHALLENGERMATCH-26APR18TABMMO-TAB,57,1301,56,1822,55,3348,54,2990,53,2098,58,2324,59,4752,60,4082,61,1246,62,2,57.5
2026-04-18 11:34:26 AM,KXATPCHALLENGERMATCH-26APR18TABMMO-TAB,57,1301,56,1822,55,3333,54,2990,53,2098,58,2324,59,4752,60,4082,61,1246,62,2,57.5
2026-04-18 11:34:26 AM,KXATPCHALLENGERMATCH-26APR18TABMMO-TAB,57,1301,56,1822,55,3333,54,2980,53,2098,58,2324,59,4752,60,4082,61,1246,62,2,57.5
2026-04-18 11:34:26 AM,KXATPCHALLENGERMATCH-26APR18TABMMO-TAB,57,1301,56,1822,55,3333,54,2980,53,2098,58,2309,59,4752,60,4082,61,1246,62,2,57.5
2026-04-18 11:34:26 AM,KXATPCHALLENGERMATCH-26APR18TABMMO-TAB,57,1301,56,1822,55,3333,54,2980,53,2098,58,2309,59,4742,60,4082,61,1246,62,2,57.5
2026-04-18 11:34:54 AM,KXATPCHALLENGERMATCH-26APR18TABMMO-TAB,57,1301,56,1822,55,3333,54,2980,53,2098,58,2310,59,4742,60,4082,61,1246,62,2,57.5
2026-04-18 11:34:54 AM,KXATPCHALLENGERMATCH-26APR18TABMMO-TAB,57,1301,56,1822,55,3348,54,2980,53,2098,58,2310,59,4742,60,4082,61,1246,62,2,57.5
2026-04-18 11:34:54 AM,KXATPCHALLENGERMATCH-26APR18TABMMO-TAB,57,1301,56,1822,55,3348,54,2990,53,2098,58,2310,59,4742,60,4082,61,1246,62,2,57.5
2026-04-18 11:34:54 AM,KXATPCHALLENGERMATCH-26APR18TABMMO-TAB,57,1301,56,1822,55,3348,54,2990,53,2098,58,2325,59,4742,60,4082,61,1246,62,2,57.5
2026-04-18 11:34:54 AM,KXATPCHALLENGERMATCH-26APR18TABMMO-TAB,57,1301,56,1822,55,3348,54,2990,53,2098,58,2325,59,4752,60,4082,61,1246,62,2,57.5
2026-04-18 11:35:03 AM,KXATPCHALLENGERMATCH-26APR18TABMMO-TAB,57,1301,56,1822,55,3348,54,2990,53,2098,58,2321,59,4752,60,4082,61,1246,62,2,57.5
2026-04-18 11:35:38 AM,KXATPCHALLENGERMATCH-26APR18TABMMO-TAB,57,1301,56,1822,55,3348,54,2990,53,2098,58,2320,59,4752,60,4082,61,1246,62,2,57.5
2026-04-18 11:36:18 AM,KXATPCHALLENGERMATCH-26APR18TABMMO-TAB,57,1301,56,1822,55,3348,54,2990,53,2098,58,2313,59,4752,60,4082,61,1246,62,2,57.5
2026-04-18 11:38:07 AM,KXATPCHALLENGERMATCH-26APR18TABMMO-TAB,57,1301,56,1822,55,3348,54,2990,53,2098,58,2248,59,4752,60,4082,61,1246,62,2,57.5
2026-04-18 11:39:11 AM,KXATPCHALLENGERMATCH-26APR18TABMMO-TAB,57,1301,56,1822,55,3348,54,2990,53,2098,58,2249,59,4752,60,4082,61,1246,62,2,57.5
2026-04-18 11:39:46 AM,KXATPCHALLENGERMATCH-26APR18TABMMO-TAB,57,1301,56,1822,55,3348,54,2990,53,2098,58,2248,59,4752,60,4082,61,1246,62,2,57.5
2026-04-18 11:39:58 AM,KXATPCHALLENGERMATCH-26APR18TABMMO-TAB,57,1301,56,1822,55,3348,54,2990,53,2098,58,2252,59,4752,60,4082,61,1246,62,2,57.5
2026-04-18 11:39:58 AM,KXATPCHALLENGERMATCH-26APR18TABMMO-TAB,57,1301,56,1822,55,3348,54,2990,53,3848,58,2252,59,4752,60,4082,61,1246,62,2,57.5
2026-04-18 11:39:59 AM,KXATPCHALLENGERMATCH-26APR18TABMMO-TAB,57,1301,56,1821,55,3348,54,2990,53,3848,58,2252,59,4752,60,4082,61,1246,62,2,57.5
2026-04-18 11:39:59 AM,KXATPCHALLENGERMATCH-26APR18TABMMO-TAB,57,1301,56,1821,55,3346,54,2990,53,3848,58,2252,59,4752,60,4082,61,1246,62,2,57.5
2026-04-18 11:42:43 AM,KXATPCHALLENGERMATCH-26APR18TABMMO-TAB,57,1301,56,1821,55,3346,54,2990,53,2098,58,2252,59,4752,60,4082,61,1246,62,2,57.5
2026-04-18 11:43:53 AM,KXATPCHALLENGERMATCH-26APR18TABMMO-TAB,57,1301,56,1821,55,3346,54,2990,53,2098,58,2262,59,4752,60,4082,61,1246,62,2,57.5
2026-04-18 11:43:53 AM,KXATPCHALLENGERMATCH-26APR18TABMMO-TAB,57,1301,56,1816,55,3346,54,2990,53,2098,58,2262,59,4752,60,4082,61,1246,62,2,57.5
2026-04-18 11:43:53 AM,KXATPCHALLENGERMATCH-26APR18TABMMO-TAB,57,1301,56,1816,55,3341,54,2990,53,2098,58,2262,59,4752,60,4082,61,1246,62,2,57.5
2026-04-18 11:46:12 AM,KXATPCHALLENGERMATCH-26APR18TABMMO-TAB,57,1301,56,1816,55,3341,54,2990,53,2098,58,1824,59,4752,60,4082,61,1246,62,2,57.5
2026-04-18 11:46:12 AM,KXATPCHALLENGERMATCH-26APR18TABMMO-TAB,57,1301,56,1816,55,3341,54,2990,53,2098,58,1024,59,4752,60,4082,61,1246,62,2,57.5
2026-04-18 11:46:12 AM,KXATPCHALLENGERMATCH-26APR18TABMMO-TAB,57,1301,56,1816,55,3341,54,2990,53,2098,58,596,59,4752,60,4082,61,1246,62,2,57.5
2026-04-18 11:46:12 AM,KXATPCHALLENGERMATCH-26APR18TABMMO-TAB,57,1301,56,1816,55,3341,54,2990,53,1298,58,596,59,4752,60,4082,61,1246,62,2,57.5
2026-04-18 11:46:12 AM,KXATPCHALLENGERMATCH-26APR18TABMMO-TAB,57,1301,56,1816,55,3341,54,2990,53,1298,58,596,59,4752,60,4082,61,446,62,2,57.5
2026-04-18 11:46:12 AM,KXATPCHALLENGERMATCH-26APR18TABMMO-TAB,57,1301,56,1816,55,2541,54,2990,53,1298,58,596,59,4752,60,4082,61,446,62,2,57.5
2026-04-18 11:46:12 AM,KXATPCHALLENGERMATCH-26APR18TABMMO-TAB,57,1301,56,1816,55,2541,54,2990,53,1298,58,596,59,4752,60,3282,61,446,62,2,57.5
2026-04-18 11:46:12 AM,KXATPCHALLENGERMATCH-26APR18TABMMO-TAB,57,1301,56,1816,55,2541,54,2990,53,1298,58,1432,59,4752,60,3282,61,446,62,2,57.5
2026-04-18 11:46:13 AM,KXATPCHALLENGERMATCH-26APR18TABMMO-TAB,57,1301,56,1816,55,2541,54,2990,53,2098,58,1432,59,4752,60,3282,61,446,62,2,57.5
2026-04-18 11:46:13 AM,KXATPCHALLENGERMATCH-26APR18TABMMO-TAB,57,1301,56,1816,55,2541,54,3790,53,2098,58,1432,59,4752,60,3282,61,446,62,2,57.5
2026-04-18 11:46:13 AM,KXATPCHALLENGERMATCH-26APR18TABMMO-TAB,57,1301,56,2616,55,2541,54,3790,53,2098,58,1432,59,4752,60,3282,61,446,62,2,57.5
2026-04-18 11:46:13 AM,KXATPCHALLENGERMATCH-26APR18TABMMO-TAB,57,1301,56,2616,55,2541,54,3790,53,2098,58,1432,59,5552,60,3282,61,446,62,2,57.5
2026-04-18 11:46:13 AM,KXATPCHALLENGERMATCH-26APR18TABMMO-TAB,57,1301,56,2616,55,2541,54,3790,53,2098,58,1432,59,5552,60,3282,61,446,62,802,57.5
2026-04-18 11:46:13 AM,KXATPCHALLENGERMATCH-26APR18TABMMO-TAB,57,1301,56,2616,55,2541,54,3790,53,2098,58,1432,59,5552,60,3282,61,1246,62,802,57.5
2026-04-18 11:46:57 AM,KXATPCHALLENGERMATCH-26APR18TABMMO-TAB,57,1301,56,2616,55,2541,54,3790,53,2098,58,1431,59,5552,60,3282,61,1246,62,802,57.5
2026-04-18 11:47:00 AM,KXATPCHALLENGERMATCH-26APR18TABMMO-TAB,57,1301,56,2616,55,2541,54,3790,53,2098,58,1432,59,5552,60,3282,61,1246,62,802,57.5
2026-04-18 11:47:01 AM,KXATPCHALLENGERMATCH-26APR18TABMMO-TAB,57,1301,56,2616,55,2541,54,3790,53,2098,58,1424,59,5552,60,3282,61,1246,62,802,57.5
2026-04-18 11:47:26 AM,KXATPCHALLENGERMATCH-26APR18TABMMO-TAB,57,1301,56,2616,55,2541,54,3790,53,2098,58,1423,59,5552,60,3282,61,1246,62,802,57.5
2026-04-18 11:51:03 AM,KXATPCHALLENGERMATCH-26APR18TABMMO-TAB,57,1301,56,2616,55,2541,54,3790,53,2098,58,1723,59,5552,60,3282,61,1246,62,802,57.5
2026-04-18 11:51:03 AM,KXATPCHALLENGERMATCH-26APR18TABMMO-TAB,57,1301,56,2616,55,2541,54,3790,53,2098,58,1758,59,5552,60,3282,61,1246,62,802,57.5
2026-04-18 11:51:03 AM,KXATPCHALLENGERMATCH-26APR18TABMMO-TAB,57,1301,56,2616,55,2576,54,3790,53,2098,58,1758,59,5552,60,3282,61,1246,62,802,57.5
2026-04-18 11:51:03 AM,KXATPCHALLENGERMATCH-26APR18TABMMO-TAB,57,1301,56,2589,55,2576,54,3790,53,2098,58,1758,59,5552,60,3282,61,1246,62,802,57.5
2026-04-18 11:51:03 AM,KXATPCHALLENGERMATCH-26APR18TABMMO-TAB,57,1301,56,2467,55,2576,54,3790,53,2098,58,1758,59,5552,60,3282,61,1246,62,802,57.5
2026-04-18 11:51:03 AM,KXATPCHALLENGERMATCH-26APR18TABMMO-TAB,57,1301,56,2467,55,2426,54,3790,53,2098,58,1758,59,5552,60,3282,61,1246,62,802,57.5
2026-04-18 11:51:04 AM,KXATPCHALLENGERMATCH-26APR18TABMMO-TAB,57,1301,56,2467,55,2426,54,3790,53,2098,58,1824,59,5552,60,3282,61,1246,62,802,57.5
2026-04-18 11:51:04 AM,KXATPCHALLENGERMATCH-26APR18TABMMO-TAB,57,1301,56,2434,55,2426,54,3790,53,2098,58,1824,59,5552,60,3282,61,1246,62,802,57.5
2026-04-18 11:51:04 AM,KXATPCHALLENGERMATCH-26APR18TABMMO-TAB,57,1301,56,2434,55,2393,54,3790,53,2098,58,1824,59,5552,60,3282,61,1246,62,802,57.5
2026-04-18 11:53:05 AM,KXATPCHALLENGERMATCH-26APR18TABMMO-TAB,57,1301,56,2434,55,2393,54,3790,53,2098,58,1761,59,5552,60,3282,61,1246,62,802,57.5
2026-04-18 11:53:05 AM,KXATPCHALLENGERMATCH-26APR18TABMMO-TAB,57,1301,56,2465,55,2393,54,3790,53,2098,58,1761,59,5552,60,3282,61,1246,62,802,57.5
2026-04-18 11:53:05 AM,KXATPCHALLENGERMATCH-26APR18TABMMO-TAB,57,1301,56,2465,55,2424,54,3790,53,2098,58,1761,59,5552,60,3282,61,1246,62,802,57.5
2026-04-18 11:53:43 AM,KXATPCHALLENGERMATCH-26APR18TABMMO-TAB,57,1301,56,2465,55,2424,54,3790,53,2098,58,1726,59,5552,60,3282,61,1246,62,802,57.5
2026-04-18 11:53:43 AM,KXATPCHALLENGERMATCH-26APR18TABMMO-TAB,57,1301,56,2465,55,2389,54,3790,53,2098,58,1726,59,5552,60,3282,61,1246,62,802,57.5
2026-04-18 11:53:57 AM,KXATPCHALLENGERMATCH-26APR18TABMMO-TAB,57,1301,56,2465,55,2389,54,3790,53,3798,58,1726,59,5552,60,3282,61,1246,62,802,57.5
2026-04-18 11:55:13 AM,KXATPCHALLENGERMATCH-26APR18TABMMO-TAB,57,1301,56,2465,55,2389,54,3790,53,2098,58,1726,59,5552,60,3282,61,1246,62,802,57.5
2026-04-18 11:55:50 AM,KXATPCHALLENGERMATCH-26APR18TABMMO-TAB,57,1301,56,2465,55,2389,54,3790,53,2098,58,1725,59,5552,60,3282,61,1246,62,802,57.5
2026-04-18 11:57:31 AM,KXATPCHALLENGERMATCH-26APR18TABMMO-TAB,57,1301,56,2465,55,2389,54,3790,53,2098,58,1592,59,5552,60,3282,61,1246,62,802,57.5
2026-04-18 11:57:31 AM,KXATPCHALLENGERMATCH-26APR18TABMMO-TAB,57,1301,56,2465,55,2389,54,3790,53,2098,58,1582,59,5552,60,3282,61,1246,62,802,57.5
2026-04-18 11:57:31 AM,KXATPCHALLENGERMATCH-26APR18TABMMO-TAB,57,1301,56,2465,55,2389,54,3790,53,2098,58,1559,59,5552,60,3282,61,1246,62,802,57.5
2026-04-18 11:57:32 AM,KXATPCHALLENGERMATCH-26APR18TABMMO-TAB,57,1301,56,2476,55,2389,54,3790,53,2098,58,1559,59,5552,60,3282,61,1246,62,802,57.5
2026-04-18 11:57:32 AM,KXATPCHALLENGERMATCH-26APR18TABMMO-TAB,57,1301,56,2476,55,2400,54,3790,53,2098,58,1559,59,5552,60,3282,61,1246,62,802,57.5
2026-04-18 11:58:03 AM,KXATPCHALLENGERMATCH-26APR18TABMMO-TAB,57,1301,56,2476,55,2400,54,3790,53,2098,58,1585,59,5552,60,3282,61,1246,62,802,57.5
2026-04-18 11:58:05 AM,KXATPCHALLENGERMATCH-26APR18TABMMO-TAB,57,1301,56,2465,55,2400,54,3790,53,2098,58,1585,59,5552,60,3282,61,1246,62,802,57.5
2026-04-18 11:58:05 AM,KXATPCHALLENGERMATCH-26APR18TABMMO-TAB,57,1301,56,2464,55,2400,54,3790,53,2098,58,1585,59,5552,60,3282,61,1246,62,802,57.5
2026-04-18 11:58:05 AM,KXATPCHALLENGERMATCH-26APR18TABMMO-TAB,57,1301,56,2464,55,2389,54,3790,53,2098,58,1585,59,5552,60,3282,61,1246,62,802,57.5
2026-04-18 11:58:05 AM,KXATPCHALLENGERMATCH-26APR18TABMMO-TAB,57,1301,56,2464,55,2388,54,3790,53,2098,58,1585,59,5552,60,3282,61,1246,62,802,57.5
2026-04-18 11:58:07 AM,KXATPCHALLENGERMATCH-26APR18TABMMO-TAB,57,1301,56,2464,55,2388,54,3790,53,2098,58,1620,59,5552,60,3282,61,1246,62,802,57.5
2026-04-18 11:58:07 AM,KXATPCHALLENGERMATCH-26APR18TABMMO-TAB,57,1301,56,2464,55,2423,54,3790,53,2098,58,1620,59,5552,60,3282,61,1246,62,802,57.5
2026-04-18 11:58:12 AM,KXATPCHALLENGERMATCH-26APR18TABMMO-TAB,57,1301,56,2464,55,2423,54,3780,53,2098,58,1620,59,5552,60,3282,61,1246,62,802,57.5
2026-04-18 11:58:12 AM,KXATPCHALLENGERMATCH-26APR18TABMMO-TAB,57,1301,56,2464,55,2423,54,3780,53,2098,58,1605,59,5552,60,3282,61,1246,62,802,57.5
2026-04-18 11:58:12 AM,KXATPCHALLENGERMATCH-26APR18TABMMO-TAB,57,1301,56,2479,55,2423,54,3780,53,2098,58,1605,59,5552,60,3282,61,1246,62,802,57.5
2026-04-18 11:58:12 AM,KXATPCHALLENGERMATCH-26APR18TABMMO-TAB,57,1301,56,2479,55,2423,54,3780,53,2098,58,1605,59,5557,60,3282,61,1246,62,802,57.5
2026-04-18 11:58:12 AM,KXATPCHALLENGERMATCH-26APR18TABMMO-TAB,57,1301,56,2479,55,2423,54,3780,53,2098,58,1605,59,5557,60,3292,61,1246,62,802,57.5
2026-04-18 11:58:19 AM,KXATPCHALLENGERMATCH-26APR18TABMMO-TAB,57,1301,56,2479,55,2423,54,3780,53,2098,58,1605,59,3557,60,3292,61,1246,62,802,57.5
2026-04-18 11:58:19 AM,KXATPCHALLENGERMATCH-26APR18TABMMO-TAB,57,1301,56,2479,55,2423,54,3780,53,2098,58,1605,59,3557,60,1292,61,1246,62,802,57.5
2026-04-18 11:58:19 AM,KXATPCHALLENGERMATCH-26APR18TABMMO-TAB,57,1301,56,2479,55,2423,54,3780,53,2098,58,1605,59,3557,60,1292,61,3246,62,802,57.5
2026-04-18 11:58:35 AM,KXATPCHALLENGERMATCH-26APR18TABMMO-TAB,57,1301,56,2464,55,2423,54,3780,53,2098,58,1605,59,3557,60,1292,61,3246,62,802,57.5
2026-04-18 11:58:35 AM,KXATPCHALLENGERMATCH-26APR18TABMMO-TAB,57,1301,56,2464,55,2423,54,3780,53,2098,58,1605,59,3557,60,1282,61,3246,62,802,57.5
2026-04-18 11:58:35 AM,KXATPCHALLENGERMATCH-26APR18TABMMO-TAB,57,1301,56,2464,55,2423,54,3790,53,2098,58,1605,59,3557,60,1282,61,3246,62,802,57.5
2026-04-18 11:58:35 AM,KXATPCHALLENGERMATCH-26APR18TABMMO-TAB,57,1301,56,2464,55,2423,54,3790,53,2098,58,1620,59,3557,60,1282,61,3246,62,802,57.5
2026-04-18 11:58:35 AM,KXATPCHALLENGERMATCH-26APR18TABMMO-TAB,57,1301,56,2479,55,2423,54,3790,53,2098,58,1620,59,3557,60,1282,61,3246,62,802,57.5
2026-04-18 11:58:35 AM,KXATPCHALLENGERMATCH-26APR18TABMMO-TAB,57,1301,56,2479,55,2423,54,3790,53,2098,58,1620,59,3557,60,1292,61,3246,62,802,57.5
2026-04-18 11:58:35 AM,KXATPCHALLENGERMATCH-26APR18TABMMO-TAB,57,1301,56,2479,55,2423,54,3780,53,2098,58,1620,59,3557,60,1292,61,3246,62,802,57.5
2026-04-18 11:58:35 AM,KXATPCHALLENGERMATCH-26APR18TABMMO-TAB,57,1301,56,2479,55,2423,54,3780,53,2098,58,1605,59,3557,60,1292,61,3246,62,802,57.5
2026-04-18 11:58:36 AM,KXATPCHALLENGERMATCH-26APR18TABMMO-TAB,57,1301,56,2464,55,2423,54,3780,53,2098,58,1605,59,3557,60,1292,61,3246,62,802,57.5
2026-04-18 11:58:36 AM,KXATPCHALLENGERMATCH-26APR18TABMMO-TAB,57,1301,56,2464,55,2423,54,3780,53,2098,58,1605,59,3557,60,1282,61,3246,62,802,57.5
2026-04-18 11:58:36 AM,KXATPCHALLENGERMATCH-26APR18TABMMO-TAB,57,1301,56,2464,55,2423,54,3790,53,2098,58,1605,59,3557,60,1282,61,3246,62,802,57.5
2026-04-18 11:58:36 AM,KXATPCHALLENGERMATCH-26APR18TABMMO-TAB,57,1301,56,2464,55,2423,54,3790,53,2098,58,1620,59,3557,60,1282,61,3246,62,802,57.5
2026-04-18 11:58:36 AM,KXATPCHALLENGERMATCH-26APR18TABMMO-TAB,57,1301,56,2479,55,2423,54,3790,53,2098,58,1620,59,3557,60,1282,61,3246,62,802,57.5
2026-04-18 11:58:36 AM,KXATPCHALLENGERMATCH-26APR18TABMMO-TAB,57,1301,56,2479,55,2423,54,3790,53,2098,58,1620,59,3557,60,1292,61,3246,62,802,57.5
2026-04-18 11:58:36 AM,KXATPCHALLENGERMATCH-26APR18TABMMO-TAB,57,1301,56,2479,55,2423,54,3780,53,2098,58,1620,59,3557,60,1292,61,3246,62,802,57.5
2026-04-18 11:58:36 AM,KXATPCHALLENGERMATCH-26APR18TABMMO-TAB,57,1301,56,2479,55,2423,54,3780,53,2098,58,1605,59,3557,60,1292,61,3246,62,802,57.5
2026-04-18 11:58:56 AM,KXATPCHALLENGERMATCH-26APR18TABMMO-TAB,57,1301,56,2479,55,2423,54,3780,53,2098,58,1603,59,3557,60,1292,61,3246,62,802,57.5
2026-04-18 11:58:57 AM,KXATPCHALLENGERMATCH-26APR18TABMMO-TAB,57,1301,56,2480,55,2423,54,3780,53,2098,58,1603,59,3557,60,1292,61,3246,62,802,57.5
2026-04-18 11:58:57 AM,KXATPCHALLENGERMATCH-26APR18TABMMO-TAB,57,1301,56,2480,55,2423,54,3780,53,2098,58,1568,59,3557,60,1292,61,3246,62,802,57.5
2026-04-18 11:58:57 AM,KXATPCHALLENGERMATCH-26APR18TABMMO-TAB,57,1301,56,2480,55,2423,54,3780,53,2098,58,1568,59,3557,60,1327,61,3246,62,802,57.5
2026-04-18 11:58:57 AM,KXATPCHALLENGERMATCH-26APR18TABMMO-TAB,57,1301,56,2480,55,2424,54,3780,53,2098,58,1568,59,3557,60,1327,61,3246,62,802,57.5
2026-04-18 11:59:10 AM,KXATPCHALLENGERMATCH-26APR18TABMMO-TAB,57,1301,56,2480,55,2424,54,3780,53,2098,58,1571,59,3557,60,1327,61,3246,62,802,57.5
2026-04-18 11:59:12 AM,KXATPCHALLENGERMATCH-26APR18TABMMO-TAB,57,1301,56,2479,55,2424,54,3780,53,2098,58,1571,59,3557,60,1327,61,3246,62,802,57.5
2026-04-18 11:59:12 AM,KXATPCHALLENGERMATCH-26APR18TABMMO-TAB,57,1301,56,2479,55,2423,54,3780,53,2098,58,1571,59,3557,60,1327,61,3246,62,802,57.5
2026-04-18 11:59:12 AM,KXATPCHALLENGERMATCH-26APR18TABMMO-TAB,57,1301,56,2479,55,2423,54,3780,53,2098,58,1584,59,3557,60,1327,61,3246,62,802,57.5
2026-04-18 11:59:13 AM,KXATPCHALLENGERMATCH-26APR18TABMMO-TAB,57,1301,56,2473,55,2423,54,3780,53,2098,58,1584,59,3557,60,1327,61,3246,62,802,57.5
2026-04-18 11:59:13 AM,KXATPCHALLENGERMATCH-26APR18TABMMO-TAB,57,1301,56,2473,55,2417,54,3780,53,2098,58,1584,59,3557,60,1327,61,3246,62,802,57.5
2026-04-18 11:59:28 AM,KXATPCHALLENGERMATCH-26APR18TABMMO-TAB,57,1301,56,2473,55,2417,54,3780,53,2098,58,1588,59,3557,60,1327,61,3246,62,802,57.5
2026-04-18 11:59:28 AM,KXATPCHALLENGERMATCH-26APR18TABMMO-TAB,57,1301,56,2471,55,2417,54,3780,53,2098,58,1588,59,3557,60,1327,61,3246,62,802,57.5
2026-04-18 11:59:28 AM,KXATPCHALLENGERMATCH-26APR18TABMMO-TAB,57,1301,56,2471,55,2415,54,3780,53,2098,58,1588,59,3557,60,1327,61,3246,62,802,57.5
2026-04-18 11:59:40 AM,KXATPCHALLENGERMATCH-26APR18TABMMO-TAB,57,1301,56,2471,55,2415,54,3780,53,2098,58,1588,59,3557,60,1327,61,1246,62,802,57.5
2026-04-18 11:59:40 AM,KXATPCHALLENGERMATCH-26APR18TABMMO-TAB,57,1301,56,2471,55,2415,54,3780,53,2098,58,1588,59,3557,60,2327,61,1246,62,802,57.5
2026-04-18 11:59:40 AM,KXATPCHALLENGERMATCH-26APR18TABMMO-TAB,57,1301,56,2471,55,2415,54,3780,53,2098,58,1588,59,3557,60,2327,61,2246,62,802,57.5
2026-04-18 11:59:40 AM,KXATPCHALLENGERMATCH-26APR18TABMMO-TAB,57,1301,56,2471,55,2415,54,3780,53,2098,58,1588,59,3557,60,2292,61,2246,62,802,57.5
2026-04-18 11:59:42 AM,KXATPCHALLENGERMATCH-26APR18TABMMO-TAB,57,1301,56,2471,55,2415,54,3780,53,2098,58,1587,59,3557,60,2292,61,2246,62,802,57.5
2026-04-18 11:59:43 AM,KXATPCHALLENGERMATCH-26APR18TABMMO-TAB,57,1301,56,2471,55,2380,54,3780,53,2098,58,1587,59,3557,60,2292,61,2246,62,802,57.5
2026-04-18 11:59:43 AM,KXATPCHALLENGERMATCH-26APR18TABMMO-TAB,57,1336,56,2471,55,2380,54,3780,53,2098,58,1587,59,3557,60,2292,61,2246,62,802,57.5
2026-04-18 11:59:43 AM,KXATPCHALLENGERMATCH-26APR18TABMMO-TAB,57,1336,56,2471,55,2380,54,3780,53,3748,58,1587,59,3557,60,2292,61,2246,62,802,57.5
2026-04-18 11:59:47 AM,KXATPCHALLENGERMATCH-26APR18TABMMO-TAB,57,1336,56,2471,55,2380,54,3780,53,3748,58,1587,59,3557,60,1292,61,2246,62,802,57.5
2026-04-18 11:59:47 AM,KXATPCHALLENGERMATCH-26APR18TABMMO-TAB,57,1336,56,2471,55,2380,54,3780,53,3748,58,1587,59,3557,60,1292,61,1246,62,802,57.5
2026-04-18 11:59:47 AM,KXATPCHALLENGERMATCH-26APR18TABMMO-TAB,57,1336,56,2471,55,2380,54,3780,53,3748,58,1587,59,3557,60,1392,61,1246,62,802,57.5
2026-04-18 11:59:47 AM,KXATPCHALLENGERMATCH-26APR18TABMMO-TAB,57,1336,56,2471,55,2380,54,3780,53,3748,58,1587,59,3657,60,1392,61,1246,62,802,57.5
2026-04-18 11:59:47 AM,KXATPCHALLENGERMATCH-26APR18TABMMO-TAB,57,1336,56,2471,55,2380,54,3780,53,3748,58,1587,59,3657,60,1392,61,1346,62,802,57.5
2026-04-18 11:59:47 AM,KXATPCHALLENGERMATCH-26APR18TABMMO-TAB,57,1301,56,2471,55,2380,54,3780,53,3748,58,1587,59,3657,60,1392,61,1346,62,802,57.5
2026-04-18 11:59:47 AM,KXATPCHALLENGERMATCH-26APR18TABMMO-TAB,57,1301,56,2471,55,2415,54,3780,53,3748,58,1587,59,3657,60,1392,61,1346,62,802,57.5
2026-04-18 11:59:47 AM,KXATPCHALLENGERMATCH-26APR18TABMMO-TAB,57,1301,56,2471,55,2415,54,3780,53,3748,58,1622,59,3657,60,1392,61,1346,62,802,57.5
2026-04-18 11:59:54 AM,KXATPCHALLENGERMATCH-26APR18TABMMO-TAB,57,1301,56,2471,55,2415,54,3780,53,3748,58,1622,59,3657,60,3292,61,1346,62,802,57.5
2026-04-18 11:59:54 AM,KXATPCHALLENGERMATCH-26APR18TABMMO-TAB,57,1301,56,2471,55,2415,54,3780,53,3748,58,1622,59,3657,60,3292,61,3246,62,802,57.5
2026-04-18 11:59:55 AM,KXATPCHALLENGERMATCH-26APR18TABMMO-TAB,57,1301,56,2471,55,2415,54,3780,53,3748,58,1622,59,3557,60,3292,61,3246,62,802,57.5
2026-04-18 12:00:17 PM,KXATPCHALLENGERMATCH-26APR18TABMMO-TAB,57,1301,56,2471,55,2415,54,3780,53,3748,58,1748,59,3557,60,3292,61,3246,62,802,57.5
2026-04-18 12:00:17 PM,KXATPCHALLENGERMATCH-26APR18TABMMO-TAB,57,1301,56,2471,55,2415,54,3780,53,3748,58,1664,59,3557,60,3292,61,3246,62,802,57.5
2026-04-18 12:00:17 PM,KXATPCHALLENGERMATCH-26APR18TABMMO-TAB,57,1301,56,2471,55,2415,54,3780,53,3748,58,1640,59,3557,60,3292,61,3246,62,802,57.5
2026-04-18 12:00:18 PM,KXATPCHALLENGERMATCH-26APR18TABMMO-TAB,57,1301,56,2471,55,2415,54,3780,53,3748,58,1605,59,3557,60,3292,61,3246,62,802,57.5
2026-04-18 12:00:18 PM,KXATPCHALLENGERMATCH-26APR18TABMMO-TAB,57,1301,56,2471,55,2415,54,3780,53,3748,58,1605,59,3592,60,3292,61,3246,62,802,57.5
2026-04-18 12:00:18 PM,KXATPCHALLENGERMATCH-26APR18TABMMO-TAB,57,1301,56,2451,55,2415,54,3780,53,3748,58,1605,59,3592,60,3292,61,3246,62,802,57.5
2026-04-18 12:00:18 PM,KXATPCHALLENGERMATCH-26APR18TABMMO-TAB,57,1301,56,2409,55,2415,54,3780,53,3748,58,1605,59,3592,60,3292,61,3246,62,802,57.5
2026-04-18 12:00:19 PM,KXATPCHALLENGERMATCH-26APR18TABMMO-TAB,57,1301,56,2409,55,2395,54,3780,53,3748,58,1605,59,3592,60,3292,61,3246,62,802,57.5
