ts_et,ticker,bid_1,bid_1_sz,bid_2,bid_2_sz,bid_3,bid_3_sz,bid_4,bid_4_sz,bid_5,bid_5_sz,ask_1,ask_1_sz,ask_2,ask_2_sz,ask_3,ask_3_sz,ask_4,ask_4_sz,ask_5,ask_5_sz,mid
2026-04-17 09:43:06 PM,KXATPMATCH-26APR18RUBMED-MED,38,211,37,7613,36,7544,35,5402,34,300,40,14202,41,19308,42,6143,43,1712,44,425,39.0
2026-04-17 09:43:06 PM,KXATPMATCH-26APR18RUBMED-MED,38,211,37,7613,36,7544,35,5402,34,300,40,14202,41,19308,42,6143,43,1712,44,424,39.0
2026-04-17 09:48:26 PM,KXATPMATCH-26APR18RUBMED-MED,38,211,37,7613,36,7544,35,5402,34,300,40,14152,41,19308,42,6143,43,1712,44,424,39.0
2026-04-17 09:49:06 PM,KXATPMATCH-26APR18RUBMED-MED,38,211,37,7613,36,7544,35,5402,34,300,40,14152,41,19308,42,6143,43,1712,44,425,39.0
2026-04-17 09:49:07 PM,KXATPMATCH-26APR18RUBMED-MED,38,211,37,7613,36,7544,35,5402,34,300,40,14152,41,19308,42,6143,43,1712,44,424,39.0
2026-04-17 09:55:15 PM,KXATPMATCH-26APR18RUBMED-MED,38,211,37,7613,36,7544,35,5402,34,300,40,14157,41,19308,42,6143,43,1712,44,424,39.0
2026-04-17 09:57:07 PM,KXATPMATCH-26APR18RUBMED-MED,38,211,37,7613,36,7544,35,5402,34,300,40,14157,41,19308,42,6143,43,1712,44,425,39.0
2026-04-17 09:57:08 PM,KXATPMATCH-26APR18RUBMED-MED,38,211,37,7613,36,7544,35,5402,34,300,40,14157,41,19308,42,6143,43,1712,44,424,39.0
2026-04-17 09:57:46 PM,KXATPMATCH-26APR18RUBMED-MED,38,55,37,7613,36,7544,35,5402,34,300,40,14157,41,19308,42,6143,43,1712,44,424,39.0
2026-04-17 09:58:08 PM,KXATPMATCH-26APR18RUBMED-MED,38,55,37,7613,36,7544,35,5402,34,300,40,14194,41,19308,42,6143,43,1712,44,424,39.0
2026-04-17 09:58:08 PM,KXATPMATCH-26APR18RUBMED-MED,38,55,37,7638,36,7544,35,5402,34,300,40,14194,41,19308,42,6143,43,1712,44,424,39.0
2026-04-17 10:00:25 PM,KXATPMATCH-26APR18RUBMED-MED,38,55,37,7638,36,7544,35,5402,34,300,40,20194,41,19308,42,6143,43,1712,44,424,39.0
2026-04-17 10:01:59 PM,KXATPMATCH-26APR18RUBMED-MED,38,55,37,7638,36,7544,35,5402,34,300,40,20157,41,19308,42,6143,43,1712,44,424,39.0
2026-04-17 10:01:59 PM,KXATPMATCH-26APR18RUBMED-MED,38,55,37,7613,36,7544,35,5402,34,300,40,20157,41,19308,42,6143,43,1712,44,424,39.0
2026-04-17 10:02:53 PM,KXATPMATCH-26APR18RUBMED-MED,38,55,37,7613,36,7544,35,5402,34,300,39,50,40,20157,41,19308,42,6143,43,1712,38.5
2026-04-17 10:05:01 PM,KXATPMATCH-26APR18RUBMED-MED,38,55,37,7613,36,7544,35,5402,34,300,39,43,40,20157,41,19308,42,6143,43,1712,38.5
2026-04-17 10:12:53 PM,KXATPMATCH-26APR18RUBMED-MED,38,55,37,7613,36,7544,35,5402,34,300,39,43,40,20157,41,18508,42,6143,43,1712,38.5
2026-04-17 10:12:53 PM,KXATPMATCH-26APR18RUBMED-MED,38,55,37,7117,36,7544,35,5402,34,300,39,43,40,20157,41,18508,42,6143,43,1712,38.5
2026-04-17 10:12:53 PM,KXATPMATCH-26APR18RUBMED-MED,38,55,37,7117,36,8344,35,5402,34,300,39,43,40,20157,41,18508,42,6143,43,1712,38.5
2026-04-17 10:12:53 PM,KXATPMATCH-26APR18RUBMED-MED,38,55,37,7117,36,8344,35,5402,34,300,39,43,40,20174,41,18508,42,6143,43,1712,38.5
2026-04-17 10:12:53 PM,KXATPMATCH-26APR18RUBMED-MED,38,55,37,7117,36,8344,35,5402,34,300,39,522,40,20174,41,18508,42,6143,43,1712,38.5
2026-04-17 10:14:47 PM,KXATPMATCH-26APR18RUBMED-MED,38,55,37,7117,36,8270,35,5402,34,300,39,522,40,20174,41,18508,42,6143,43,1712,38.5
2026-04-17 10:14:47 PM,KXATPMATCH-26APR18RUBMED-MED,38,55,37,7117,36,8285,35,5402,34,300,39,522,40,20174,41,18508,42,6143,43,1712,38.5
2026-04-17 10:14:47 PM,KXATPMATCH-26APR18RUBMED-MED,38,55,37,7117,36,3285,35,5402,34,300,39,522,40,20174,41,18508,42,6143,43,1712,38.5
2026-04-17 10:14:47 PM,KXATPMATCH-26APR18RUBMED-MED,38,55,37,7117,36,3285,35,5402,34,5300,39,522,40,20174,41,18508,42,6143,43,1712,38.5
2026-04-17 10:16:54 PM,KXATPMATCH-26APR18RUBMED-MED,38,55,37,7117,36,6457,35,5402,34,5300,39,522,40,20174,41,18508,42,6143,43,1712,38.5
2026-04-17 10:16:54 PM,KXATPMATCH-26APR18RUBMED-MED,38,55,37,5464,36,6457,35,5402,34,5300,39,522,40,20174,41,18508,42,6143,43,1712,38.5
2026-04-17 10:16:54 PM,KXATPMATCH-26APR18RUBMED-MED,38,55,37,3957,36,6457,35,5402,34,5300,39,522,40,20174,41,18508,42,6143,43,1712,38.5
2026-04-17 10:17:02 PM,KXATPMATCH-26APR18RUBMED-MED,38,55,37,7129,36,6457,35,5402,34,5300,39,522,40,20174,41,18508,42,6143,43,1712,38.5
2026-04-17 10:17:02 PM,KXATPMATCH-26APR18RUBMED-MED,38,55,37,7129,36,3285,35,5402,34,5300,39,522,40,20174,41,18508,42,6143,43,1712,38.5
2026-04-17 10:18:55 PM,KXATPMATCH-26APR18RUBMED-MED,38,55,37,7129,36,3285,35,7212,34,5300,39,522,40,20174,41,18508,42,6143,43,1712,38.5
2026-04-17 10:21:11 PM,KXATPMATCH-26APR18RUBMED-MED,38,55,37,7129,36,3292,35,7212,34,5300,39,522,40,20174,41,18508,42,6143,43,1712,38.5
2026-04-17 10:22:26 PM,KXATPMATCH-26APR18RUBMED-MED,38,55,37,7129,36,8292,35,7212,34,5300,39,522,40,20174,41,18508,42,6143,43,1712,38.5
2026-04-17 10:22:26 PM,KXATPMATCH-26APR18RUBMED-MED,38,55,37,7129,36,8292,35,7212,34,300,39,522,40,20174,41,18508,42,6143,43,1712,38.5
2026-04-17 10:22:57 PM,KXATPMATCH-26APR18RUBMED-MED,38,55,37,7129,36,8310,35,7212,34,300,39,522,40,20174,41,18508,42,6143,43,1712,38.5
2026-04-17 10:24:11 PM,KXATPMATCH-26APR18RUBMED-MED,38,55,37,7129,36,8310,35,7212,34,300,39,522,40,20151,41,18508,42,6143,43,1712,38.5
2026-04-17 10:24:11 PM,KXATPMATCH-26APR18RUBMED-MED,38,55,37,7129,36,8310,35,7212,34,300,39,522,40,20151,41,17920,42,6143,43,1712,38.5
2026-04-17 10:24:11 PM,KXATPMATCH-26APR18RUBMED-MED,38,55,37,7129,36,8310,35,7212,34,300,39,522,40,19988,41,17920,42,6143,43,1712,38.5
2026-04-17 10:24:11 PM,KXATPMATCH-26APR18RUBMED-MED,38,55,37,7129,36,8310,35,7212,34,300,39,522,40,19628,41,17920,42,6143,43,1712,38.5
2026-04-17 10:24:11 PM,KXATPMATCH-26APR18RUBMED-MED,38,55,37,7129,36,8310,35,7212,34,300,39,522,40,19628,41,17625,42,6143,43,1712,38.5
2026-04-17 10:24:11 PM,KXATPMATCH-26APR18RUBMED-MED,38,55,37,7129,36,8310,35,7212,34,300,39,522,40,19593,41,17625,42,6143,43,1712,38.5
2026-04-17 10:24:11 PM,KXATPMATCH-26APR18RUBMED-MED,38,55,37,7129,36,8310,35,7212,34,300,39,522,40,19570,41,17625,42,6143,43,1712,38.5
2026-04-17 10:24:11 PM,KXATPMATCH-26APR18RUBMED-MED,38,55,37,7129,36,8310,35,7212,34,300,39,522,40,19570,41,17625,42,6665,43,1712,38.5
2026-04-17 10:24:11 PM,KXATPMATCH-26APR18RUBMED-MED,38,55,37,7129,36,8310,35,7212,34,300,39,522,40,19570,41,18229,42,6665,43,1712,38.5
2026-04-17 10:24:13 PM,KXATPMATCH-26APR18RUBMED-MED,38,55,37,7129,36,8310,35,7212,34,300,39,299,40,19570,41,18229,42,6665,43,1712,38.5
2026-04-17 10:24:13 PM,KXATPMATCH-26APR18RUBMED-MED,38,55,37,7352,36,8310,35,7212,34,300,39,299,40,19570,41,18229,42,6665,43,1712,38.5
2026-04-17 10:24:29 PM,KXATPMATCH-26APR18RUBMED-MED,38,55,37,7352,36,8310,35,7212,34,300,39,299,40,19570,41,18264,42,6665,43,1712,38.5
2026-04-17 10:25:08 PM,KXATPMATCH-26APR18RUBMED-MED,38,55,37,7352,36,8310,35,7212,34,300,39,299,40,19570,41,18397,42,6665,43,1712,38.5
2026-04-17 10:27:04 PM,KXATPMATCH-26APR18RUBMED-MED,38,55,37,7352,36,8406,35,7212,34,300,39,299,40,19570,41,18397,42,6665,43,1712,38.5
2026-04-17 10:29:23 PM,KXATPMATCH-26APR18RUBMED-MED,38,55,37,7352,36,8406,35,7212,34,300,39,299,40,19570,41,17793,42,6665,43,1712,38.5
2026-04-17 10:29:23 PM,KXATPMATCH-26APR18RUBMED-MED,38,55,37,7352,36,8406,35,7212,34,300,39,299,40,19570,41,17758,42,6665,43,1712,38.5
2026-04-17 10:29:23 PM,KXATPMATCH-26APR18RUBMED-MED,38,55,37,7352,36,8406,35,7212,34,300,39,299,40,19570,41,17625,42,6665,43,1712,38.5
2026-04-17 10:29:23 PM,KXATPMATCH-26APR18RUBMED-MED,38,55,37,7352,36,8406,35,7212,34,300,39,299,40,19570,41,17625,42,6662,43,1712,38.5
2026-04-17 10:29:23 PM,KXATPMATCH-26APR18RUBMED-MED,38,55,37,7352,36,8406,35,7212,34,300,39,299,40,19570,41,17625,42,6143,43,1712,38.5
2026-04-17 10:29:23 PM,KXATPMATCH-26APR18RUBMED-MED,38,55,37,7352,36,8406,35,7212,34,300,39,299,40,19570,41,18382,42,6143,43,1712,38.5
2026-04-17 10:29:23 PM,KXATPMATCH-26APR18RUBMED-MED,38,55,37,7352,36,8406,35,7212,34,300,39,299,40,20342,41,18382,42,6143,43,1712,38.5
2026-04-17 10:29:24 PM,KXATPMATCH-26APR18RUBMED-MED,38,55,37,7352,36,8406,35,7212,34,300,39,299,40,20342,41,18423,42,6143,43,1712,38.5
2026-04-17 10:29:24 PM,KXATPMATCH-26APR18RUBMED-MED,38,55,37,7352,36,8310,35,7212,34,300,39,299,40,20342,41,18423,42,6143,43,1712,38.5
2026-04-17 10:29:24 PM,KXATPMATCH-26APR18RUBMED-MED,38,55,37,7352,36,8370,35,7212,34,300,39,299,40,20342,41,18423,42,6143,43,1712,38.5
2026-04-17 10:29:24 PM,KXATPMATCH-26APR18RUBMED-MED,38,55,37,7352,36,8370,35,7212,34,300,39,299,40,20342,41,16729,42,6143,43,1712,38.5
2026-04-17 10:29:25 PM,KXATPMATCH-26APR18RUBMED-MED,38,55,37,7352,36,8310,35,7212,34,300,39,299,40,20342,41,16729,42,6143,43,1712,38.5
2026-04-17 10:29:25 PM,KXATPMATCH-26APR18RUBMED-MED,38,55,37,7352,36,8329,35,7212,34,300,39,299,40,20342,41,16729,42,6143,43,1712,38.5
2026-04-17 10:29:25 PM,KXATPMATCH-26APR18RUBMED-MED,38,55,37,7177,36,8329,35,7212,34,300,39,299,40,20342,41,16729,42,6143,43,1712,38.5
2026-04-17 10:29:25 PM,KXATPMATCH-26APR18RUBMED-MED,38,55,37,7177,36,8329,35,7212,34,300,39,474,40,20342,41,16729,42,6143,43,1712,38.5
2026-04-17 10:37:25 PM,KXATPMATCH-26APR18RUBMED-MED,38,55,37,7177,36,8329,35,7212,34,300,39,474,40,20342,41,18423,42,6143,43,1712,38.5
2026-04-17 10:38:01 PM,KXATPMATCH-26APR18RUBMED-MED,38,55,37,7177,36,8329,35,7212,34,300,39,474,40,21512,41,18423,42,6143,43,1712,38.5
2026-04-17 10:41:10 PM,KXATPMATCH-26APR18RUBMED-MED,38,55,37,7177,36,8335,35,7212,34,300,39,474,40,21512,41,18423,42,6143,43,1712,38.5
2026-04-17 10:41:10 PM,KXATPMATCH-26APR18RUBMED-MED,38,55,37,7177,36,8335,35,7222,34,300,39,474,40,21512,41,18423,42,6143,43,1712,38.5
2026-04-17 10:41:10 PM,KXATPMATCH-26APR18RUBMED-MED,38,55,37,7177,36,8335,35,7222,34,300,39,488,40,21512,41,18423,42,6143,43,1712,38.5
2026-04-17 10:41:10 PM,KXATPMATCH-26APR18RUBMED-MED,38,55,37,7164,36,8335,35,7222,34,300,39,488,40,21512,41,18423,42,6143,43,1712,38.5
2026-04-17 10:41:10 PM,KXATPMATCH-26APR18RUBMED-MED,38,55,37,7163,36,8335,35,7222,34,300,39,488,40,21512,41,18423,42,6143,43,1712,38.5
2026-04-17 10:41:10 PM,KXATPMATCH-26APR18RUBMED-MED,38,55,37,7163,36,8335,35,7222,34,300,39,488,40,21512,41,18414,42,6143,43,1712,38.5
2026-04-17 10:41:23 PM,KXATPMATCH-26APR18RUBMED-MED,38,187,37,7163,36,8335,35,7222,34,300,39,488,40,21512,41,18414,42,6143,43,1712,38.5
2026-04-17 10:44:56 PM,KXATPMATCH-26APR18RUBMED-MED,38,187,37,7163,36,8335,35,7222,34,300,39,446,40,21512,41,18414,42,6143,43,1712,38.5
2026-04-17 10:44:56 PM,KXATPMATCH-26APR18RUBMED-MED,38,187,37,7163,36,8335,35,7222,34,300,39,441,40,21512,41,18414,42,6143,43,1712,38.5
2026-04-17 10:44:58 PM,KXATPMATCH-26APR18RUBMED-MED,38,187,37,7168,36,8335,35,7222,34,300,39,441,40,21512,41,18414,42,6143,43,1712,38.5
2026-04-17 10:44:58 PM,KXATPMATCH-26APR18RUBMED-MED,38,187,37,7168,36,8335,35,7222,34,300,39,442,40,21512,41,18414,42,6143,43,1712,38.5
2026-04-17 10:47:49 PM,KXATPMATCH-26APR18RUBMED-MED,38,187,37,7168,36,8316,35,7222,34,300,39,442,40,21512,41,18414,42,6143,43,1712,38.5
2026-04-17 10:50:13 PM,KXATPMATCH-26APR18RUBMED-MED,38,187,37,7168,36,8316,35,7222,34,300,39,395,40,21512,41,18414,42,6143,43,1712,38.5
2026-04-17 10:50:16 PM,KXATPMATCH-26APR18RUBMED-MED,38,187,37,7163,36,8316,35,7222,34,300,39,395,40,21512,41,18414,42,6143,43,1712,38.5
2026-04-17 10:50:16 PM,KXATPMATCH-26APR18RUBMED-MED,38,187,37,7215,36,8316,35,7222,34,300,39,395,40,21512,41,18414,42,6143,43,1712,38.5
2026-04-17 10:52:10 PM,KXATPMATCH-26APR18RUBMED-MED,38,187,37,7215,36,8316,35,7222,34,300,39,383,40,21512,41,18414,42,6143,43,1712,38.5
2026-04-17 10:52:13 PM,KXATPMATCH-26APR18RUBMED-MED,38,187,37,7163,36,8316,35,7222,34,300,39,383,40,21512,41,18414,42,6143,43,1712,38.5
2026-04-17 10:52:13 PM,KXATPMATCH-26APR18RUBMED-MED,38,187,37,7227,36,8316,35,7222,34,300,39,383,40,21512,41,18414,42,6143,43,1712,38.5
2026-04-17 10:53:21 PM,KXATPMATCH-26APR18RUBMED-MED,38,187,37,7227,36,8316,35,7222,34,300,39,371,40,21512,41,18414,42,6143,43,1712,38.5
2026-04-17 10:53:23 PM,KXATPMATCH-26APR18RUBMED-MED,38,187,37,7163,36,8316,35,7222,34,300,39,371,40,21512,41,18414,42,6143,43,1712,38.5
2026-04-17 10:53:23 PM,KXATPMATCH-26APR18RUBMED-MED,38,187,37,7239,36,8316,35,7222,34,300,39,371,40,21512,41,18414,42,6143,43,1712,38.5
2026-04-17 11:03:04 PM,KXATPMATCH-26APR18RUBMED-MED,38,204,37,7239,36,8316,35,7222,34,300,39,371,40,21512,41,18414,42,6143,43,1712,38.5
2026-04-17 11:03:25 PM,KXATPMATCH-26APR18RUBMED-MED,38,154,37,7239,36,8316,35,7222,34,300,39,371,40,21512,41,18414,42,6143,43,1712,38.5
2026-04-17 11:03:25 PM,KXATPMATCH-26APR18RUBMED-MED,38,149,37,7239,36,8316,35,7222,34,300,39,371,40,21512,41,18414,42,6143,43,1712,38.5
2026-04-17 11:03:25 PM,KXATPMATCH-26APR18RUBMED-MED,38,17,37,7239,36,8316,35,7222,34,300,39,371,40,21512,41,18414,42,6143,43,1712,38.5
2026-04-17 11:03:25 PM,KXATPMATCH-26APR18RUBMED-MED,37,7239,36,8316,35,7222,34,300,23,326,39,371,40,21512,41,18414,42,6143,43,1712,38.0
2026-04-17 11:03:25 PM,KXATPMATCH-26APR18RUBMED-MED,37,7239,36,8316,35,7222,34,300,23,326,38,109,39,371,40,21512,41,18414,42,6143,37.5
2026-04-17 11:03:25 PM,KXATPMATCH-26APR18RUBMED-MED,37,6989,36,8316,35,7222,34,300,23,326,38,109,39,371,40,21512,41,18414,42,6143,37.5
2026-04-17 11:03:25 PM,KXATPMATCH-26APR18RUBMED-MED,37,6989,36,8566,35,7222,34,300,23,326,38,109,39,371,40,21512,41,18414,42,6143,37.5
2026-04-17 11:03:25 PM,KXATPMATCH-26APR18RUBMED-MED,37,6989,36,8566,35,7222,34,300,23,326,38,109,39,371,40,21262,41,18414,42,6143,37.5
2026-04-17 11:03:25 PM,KXATPMATCH-26APR18RUBMED-MED,37,6989,36,8566,35,7222,34,300,23,326,38,109,39,621,40,21262,41,18414,42,6143,37.5
2026-04-17 11:04:04 PM,KXATPMATCH-26APR18RUBMED-MED,37,6989,36,8566,35,7222,34,300,23,326,38,109,39,621,40,21262,41,16720,42,6143,37.5
2026-04-17 11:04:31 PM,KXATPMATCH-26APR18RUBMED-MED,37,6990,36,8566,35,7222,34,300,23,326,38,109,39,621,40,21262,41,16720,42,6143,37.5
2026-04-17 11:06:46 PM,KXATPMATCH-26APR18RUBMED-MED,37,6990,36,8566,35,7222,34,300,23,326,39,621,40,21262,41,16720,42,6143,43,1712,38.0
2026-04-17 11:06:46 PM,KXATPMATCH-26APR18RUBMED-MED,37,6990,36,8566,35,7222,34,300,23,326,39,605,40,21262,41,16720,42,6143,43,1712,38.0
2026-04-17 11:06:46 PM,KXATPMATCH-26APR18RUBMED-MED,37,6990,36,8316,35,7222,34,300,23,326,39,605,40,21262,41,16720,42,6143,43,1712,38.0
2026-04-17 11:06:46 PM,KXATPMATCH-26APR18RUBMED-MED,37,7240,36,8316,35,7222,34,300,23,326,39,605,40,21262,41,16720,42,6143,43,1712,38.0
2026-04-17 11:06:46 PM,KXATPMATCH-26APR18RUBMED-MED,37,7240,36,8316,35,7222,34,300,23,326,39,355,40,21262,41,16720,42,6143,43,1712,38.0
2026-04-17 11:06:46 PM,KXATPMATCH-26APR18RUBMED-MED,37,7240,36,8316,35,7222,34,300,23,326,39,355,40,21512,41,16720,42,6143,43,1712,38.0
2026-04-17 11:06:49 PM,KXATPMATCH-26APR18RUBMED-MED,37,7164,36,8316,35,7222,34,300,23,326,39,355,40,21512,41,16720,42,6143,43,1712,38.0
2026-04-17 11:06:49 PM,KXATPMATCH-26APR18RUBMED-MED,37,7164,36,8316,35,7222,34,300,23,326,39,354,40,21512,41,16720,42,6143,43,1712,38.0
2026-04-17 11:06:49 PM,KXATPMATCH-26APR18RUBMED-MED,37,7256,36,8316,35,7222,34,300,23,326,39,354,40,21512,41,16720,42,6143,43,1712,38.0
2026-04-17 11:06:49 PM,KXATPMATCH-26APR18RUBMED-MED,37,7256,36,8316,35,7222,34,300,23,326,39,356,40,21512,41,16720,42,6143,43,1712,38.0
2026-04-17 11:07:34 PM,KXATPMATCH-26APR18RUBMED-MED,37,7256,36,8316,35,7222,34,300,23,326,39,356,40,21512,41,18414,42,6143,43,1712,38.0
2026-04-17 11:12:26 PM,KXATPMATCH-26APR18RUBMED-MED,37,7256,36,8418,35,7222,34,300,23,326,39,356,40,21512,41,18414,42,6143,43,1712,38.0
2026-04-17 11:13:34 PM,KXATPMATCH-26APR18RUBMED-MED,37,7256,36,8418,35,7222,34,300,23,326,39,353,40,21512,41,18414,42,6143,43,1712,38.0
2026-04-17 11:13:34 PM,KXATPMATCH-26APR18RUBMED-MED,37,7256,36,8418,35,7222,34,300,23,326,39,351,40,21512,41,18414,42,6143,43,1712,38.0
2026-04-17 11:13:34 PM,KXATPMATCH-26APR18RUBMED-MED,37,7256,36,8418,35,7222,34,300,23,326,39,356,40,21512,41,18414,42,6143,43,1712,38.0
2026-04-17 11:13:36 PM,KXATPMATCH-26APR18RUBMED-MED,37,7164,36,8418,35,7222,34,300,23,326,39,356,40,21512,41,18414,42,6143,43,1712,38.0
2026-04-17 11:13:36 PM,KXATPMATCH-26APR18RUBMED-MED,37,7164,36,8418,35,7222,34,300,23,326,39,353,40,21512,41,18414,42,6143,43,1712,38.0
2026-04-17 11:13:36 PM,KXATPMATCH-26APR18RUBMED-MED,37,7259,36,8418,35,7222,34,300,23,326,39,353,40,21512,41,18414,42,6143,43,1712,38.0
2026-04-17 11:17:59 PM,KXATPMATCH-26APR18RUBMED-MED,37,7259,36,8418,35,7222,34,300,23,326,39,351,40,21512,41,18414,42,6143,43,1712,38.0
2026-04-17 11:18:01 PM,KXATPMATCH-26APR18RUBMED-MED,37,7164,36,8418,35,7222,34,300,23,326,39,351,40,21512,41,18414,42,6143,43,1712,38.0
2026-04-17 11:18:01 PM,KXATPMATCH-26APR18RUBMED-MED,37,7261,36,8418,35,7222,34,300,23,326,39,351,40,21512,41,18414,42,6143,43,1712,38.0
2026-04-17 11:21:51 PM,KXATPMATCH-26APR18RUBMED-MED,37,7261,36,11589,35,7222,34,300,23,326,39,351,40,21512,41,18414,42,6143,43,1712,38.0
2026-04-17 11:21:52 PM,KXATPMATCH-26APR18RUBMED-MED,37,4089,36,11589,35,7222,34,300,23,326,39,351,40,21512,41,18414,42,6143,43,1712,38.0
2026-04-17 11:21:57 PM,KXATPMATCH-26APR18RUBMED-MED,37,4089,36,8418,35,7222,34,300,23,326,39,351,40,21512,41,18414,42,6143,43,1712,38.0
2026-04-17 11:22:00 PM,KXATPMATCH-26APR18RUBMED-MED,37,4089,36,11589,35,7222,34,300,23,326,39,351,40,21512,41,18414,42,6143,43,1712,38.0
2026-04-17 11:22:01 PM,KXATPMATCH-26APR18RUBMED-MED,37,4089,36,8418,35,7222,34,300,23,326,39,351,40,21512,41,18414,42,6143,43,1712,38.0
2026-04-17 11:22:08 PM,KXATPMATCH-26APR18RUBMED-MED,37,4089,36,11589,35,7222,34,300,23,326,39,351,40,21512,41,18414,42,6143,43,1712,38.0
2026-04-17 11:22:22 PM,KXATPMATCH-26APR18RUBMED-MED,37,4089,36,8418,35,7222,34,300,23,326,39,351,40,21512,41,18414,42,6143,43,1712,38.0
2026-04-17 11:22:23 PM,KXATPMATCH-26APR18RUBMED-MED,37,4089,36,11589,35,7222,34,300,23,326,39,351,40,21512,41,18414,42,6143,43,1712,38.0
2026-04-17 11:22:24 PM,KXATPMATCH-26APR18RUBMED-MED,37,4089,36,8418,35,7222,34,300,23,326,39,351,40,21512,41,18414,42,6143,43,1712,38.0
2026-04-17 11:22:31 PM,KXATPMATCH-26APR18RUBMED-MED,37,4089,36,11589,35,7222,34,300,23,326,39,351,40,21512,41,18414,42,6143,43,1712,38.0
2026-04-17 11:22:32 PM,KXATPMATCH-26APR18RUBMED-MED,37,4089,36,8418,35,7222,34,300,23,326,39,351,40,21512,41,18414,42,6143,43,1712,38.0
2026-04-17 11:22:40 PM,KXATPMATCH-26APR18RUBMED-MED,37,4089,36,11589,35,7222,34,300,23,326,39,351,40,21512,41,18414,42,6143,43,1712,38.0
2026-04-17 11:22:47 PM,KXATPMATCH-26APR18RUBMED-MED,37,4089,36,8418,35,7222,34,300,23,326,39,351,40,21512,41,18414,42,6143,43,1712,38.0
2026-04-17 11:22:48 PM,KXATPMATCH-26APR18RUBMED-MED,37,4089,36,11589,35,7222,34,300,23,326,39,351,40,21512,41,18414,42,6143,43,1712,38.0
2026-04-17 11:22:49 PM,KXATPMATCH-26APR18RUBMED-MED,37,4089,36,8418,35,7222,34,300,23,326,39,351,40,21512,41,18414,42,6143,43,1712,38.0
2026-04-17 11:22:57 PM,KXATPMATCH-26APR18RUBMED-MED,37,4089,36,11589,35,7222,34,300,23,326,39,351,40,21512,41,18414,42,6143,43,1712,38.0
2026-04-17 11:23:11 PM,KXATPMATCH-26APR18RUBMED-MED,37,4089,36,8418,35,7222,34,300,23,326,39,351,40,21512,41,18414,42,6143,43,1712,38.0
2026-04-17 11:23:12 PM,KXATPMATCH-26APR18RUBMED-MED,37,4089,36,11589,35,7222,34,300,23,326,39,351,40,21512,41,18414,42,6143,43,1712,38.0
2026-04-17 11:23:13 PM,KXATPMATCH-26APR18RUBMED-MED,37,4089,36,8418,35,7222,34,300,23,326,39,351,40,21512,41,18414,42,6143,43,1712,38.0
2026-04-17 11:23:21 PM,KXATPMATCH-26APR18RUBMED-MED,37,4089,36,11589,35,7222,34,300,23,326,39,351,40,21512,41,18414,42,6143,43,1712,38.0
2026-04-17 11:23:32 PM,KXATPMATCH-26APR18RUBMED-MED,37,4089,36,8418,35,7222,34,300,23,326,39,351,40,21512,41,18414,42,6143,43,1712,38.0
2026-04-17 11:23:33 PM,KXATPMATCH-26APR18RUBMED-MED,37,4089,36,11589,35,7222,34,300,23,326,39,351,40,21512,41,18414,42,6143,43,1712,38.0
2026-04-17 11:23:34 PM,KXATPMATCH-26APR18RUBMED-MED,37,4089,36,8418,35,7222,34,300,23,326,39,351,40,21512,41,18414,42,6143,43,1712,38.0
2026-04-17 11:23:41 PM,KXATPMATCH-26APR18RUBMED-MED,37,4089,36,11589,35,7222,34,300,23,326,39,351,40,21512,41,18414,42,6143,43,1712,38.0
2026-04-17 11:24:01 PM,KXATPMATCH-26APR18RUBMED-MED,37,4089,36,8418,35,7222,34,300,23,326,39,351,40,21512,41,18414,42,6143,43,1712,38.0
2026-04-17 11:24:02 PM,KXATPMATCH-26APR18RUBMED-MED,37,4089,36,11589,35,7222,34,300,23,326,39,351,40,21512,41,18414,42,6143,43,1712,38.0
2026-04-17 11:24:20 PM,KXATPMATCH-26APR18RUBMED-MED,37,4089,36,8418,35,7222,34,300,23,326,39,351,40,21512,41,18414,42,6143,43,1712,38.0
2026-04-17 11:24:20 PM,KXATPMATCH-26APR18RUBMED-MED,37,4089,36,11589,35,7222,34,300,23,326,39,351,40,21512,41,18414,42,6143,43,1712,38.0
2026-04-17 11:25:08 PM,KXATPMATCH-26APR18RUBMED-MED,37,4089,36,8418,35,7222,34,300,23,326,39,351,40,21512,41,18414,42,6143,43,1712,38.0
2026-04-17 11:25:08 PM,KXATPMATCH-26APR18RUBMED-MED,37,4089,36,11589,35,7222,34,300,23,326,39,351,40,21512,41,18414,42,6143,43,1712,38.0
2026-04-17 11:27:37 PM,KXATPMATCH-26APR18RUBMED-MED,37,4089,36,8418,35,7222,34,300,23,326,39,351,40,21512,41,18414,42,6143,43,1712,38.0
2026-04-17 11:27:37 PM,KXATPMATCH-26APR18RUBMED-MED,37,4089,36,11589,35,7222,34,300,23,326,39,351,40,21512,41,18414,42,6143,43,1712,38.0
2026-04-17 11:27:38 PM,KXATPMATCH-26APR18RUBMED-MED,37,4089,36,8418,35,7222,34,300,23,326,39,351,40,21512,41,18414,42,6143,43,1712,38.0
2026-04-17 11:27:46 PM,KXATPMATCH-26APR18RUBMED-MED,37,4089,36,11589,35,7222,34,300,23,326,39,351,40,21512,41,18414,42,6143,43,1712,38.0
2026-04-17 11:27:52 PM,KXATPMATCH-26APR18RUBMED-MED,37,4089,36,8418,35,7222,34,300,23,326,39,351,40,21512,41,18414,42,6143,43,1712,38.0
2026-04-17 11:27:54 PM,KXATPMATCH-26APR18RUBMED-MED,37,4089,36,11589,35,7222,34,300,23,326,39,351,40,21512,41,18414,42,6143,43,1712,38.0
2026-04-17 11:27:55 PM,KXATPMATCH-26APR18RUBMED-MED,37,4089,36,8418,35,7222,34,300,23,326,39,351,40,21512,41,18414,42,6143,43,1712,38.0
2026-04-17 11:28:03 PM,KXATPMATCH-26APR18RUBMED-MED,37,4089,36,11589,35,7222,34,300,23,326,39,351,40,21512,41,18414,42,6143,43,1712,38.0
2026-04-17 11:28:10 PM,KXATPMATCH-26APR18RUBMED-MED,37,4089,36,8418,35,7222,34,300,23,326,39,351,40,21512,41,18414,42,6143,43,1712,38.0
2026-04-17 11:28:12 PM,KXATPMATCH-26APR18RUBMED-MED,37,4089,36,11589,35,7222,34,300,23,326,39,351,40,21512,41,18414,42,6143,43,1712,38.0
2026-04-17 11:28:13 PM,KXATPMATCH-26APR18RUBMED-MED,37,4089,36,8418,35,7222,34,300,23,326,39,351,40,21512,41,18414,42,6143,43,1712,38.0
2026-04-17 11:28:20 PM,KXATPMATCH-26APR18RUBMED-MED,37,4089,36,11589,35,7222,34,300,23,326,39,351,40,21512,41,18414,42,6143,43,1712,38.0
2026-04-17 11:28:21 PM,KXATPMATCH-26APR18RUBMED-MED,37,4089,36,8418,35,7222,34,300,23,326,39,351,40,21512,41,18414,42,6143,43,1712,38.0
2026-04-17 11:28:29 PM,KXATPMATCH-26APR18RUBMED-MED,37,4089,36,11589,35,7222,34,300,23,326,39,351,40,21512,41,18414,42,6143,43,1712,38.0
2026-04-17 11:28:30 PM,KXATPMATCH-26APR18RUBMED-MED,37,4089,36,8418,35,7222,34,300,23,326,39,351,40,21512,41,18414,42,6143,43,1712,38.0
2026-04-17 11:28:37 PM,KXATPMATCH-26APR18RUBMED-MED,37,4089,36,11589,35,7222,34,300,23,326,39,351,40,21512,41,18414,42,6143,43,1712,38.0
2026-04-17 11:28:38 PM,KXATPMATCH-26APR18RUBMED-MED,37,4089,36,8418,35,7222,34,300,23,326,39,351,40,21512,41,18414,42,6143,43,1712,38.0
2026-04-17 11:28:45 PM,KXATPMATCH-26APR18RUBMED-MED,37,4089,36,11589,35,7222,34,300,23,326,39,351,40,21512,41,18414,42,6143,43,1712,38.0
2026-04-17 11:28:54 PM,KXATPMATCH-26APR18RUBMED-MED,37,4089,36,8418,35,7222,34,300,23,326,39,351,40,21512,41,18414,42,6143,43,1712,38.0
2026-04-17 11:28:55 PM,KXATPMATCH-26APR18RUBMED-MED,37,4089,36,11589,35,7222,34,300,23,326,39,351,40,21512,41,18414,42,6143,43,1712,38.0
2026-04-17 11:28:56 PM,KXATPMATCH-26APR18RUBMED-MED,37,4089,36,8418,35,7222,34,300,23,326,39,351,40,21512,41,18414,42,6143,43,1712,38.0
2026-04-17 11:29:04 PM,KXATPMATCH-26APR18RUBMED-MED,37,4089,36,11589,35,7222,34,300,23,326,39,351,40,21512,41,18414,42,6143,43,1712,38.0
2026-04-17 11:29:12 PM,KXATPMATCH-26APR18RUBMED-MED,37,4089,36,8418,35,7222,34,300,23,326,39,351,40,21512,41,18414,42,6143,43,1712,38.0
2026-04-17 11:29:13 PM,KXATPMATCH-26APR18RUBMED-MED,37,4089,36,11589,35,7222,34,300,23,326,39,351,40,21512,41,18414,42,6143,43,1712,38.0
2026-04-17 11:29:14 PM,KXATPMATCH-26APR18RUBMED-MED,37,4089,36,8418,35,7222,34,300,23,326,39,351,40,21512,41,18414,42,6143,43,1712,38.0
2026-04-17 11:29:22 PM,KXATPMATCH-26APR18RUBMED-MED,37,4089,36,11589,35,7222,34,300,23,326,39,351,40,21512,41,18414,42,6143,43,1712,38.0
2026-04-17 11:29:24 PM,KXATPMATCH-26APR18RUBMED-MED,37,4089,36,8418,35,7222,34,300,23,326,39,351,40,21512,41,18414,42,6143,43,1712,38.0
2026-04-17 11:29:30 PM,KXATPMATCH-26APR18RUBMED-MED,37,4089,36,11589,35,7222,34,300,23,326,39,351,40,21512,41,18414,42,6143,43,1712,38.0
2026-04-17 11:29:34 PM,KXATPMATCH-26APR18RUBMED-MED,37,4089,36,8418,35,7222,34,300,23,326,39,351,40,21512,41,18414,42,6143,43,1712,38.0
2026-04-17 11:29:40 PM,KXATPMATCH-26APR18RUBMED-MED,37,4089,36,11589,35,7222,34,300,23,326,39,351,40,21512,41,18414,42,6143,43,1712,38.0
2026-04-17 11:29:41 PM,KXATPMATCH-26APR18RUBMED-MED,37,4089,36,8418,35,7222,34,300,23,326,39,351,40,21512,41,18414,42,6143,43,1712,38.0
2026-04-17 11:29:41 PM,KXATPMATCH-26APR18RUBMED-MED,37,4089,36,8418,35,7222,34,300,23,326,39,350,40,21512,41,18414,42,6143,43,1712,38.0
2026-04-17 11:29:44 PM,KXATPMATCH-26APR18RUBMED-MED,37,3992,36,8418,35,7222,34,300,23,326,39,350,40,21512,41,18414,42,6143,43,1712,38.0
2026-04-17 11:29:44 PM,KXATPMATCH-26APR18RUBMED-MED,37,4090,36,8418,35,7222,34,300,23,326,39,350,40,21512,41,18414,42,6143,43,1712,38.0
2026-04-17 11:29:48 PM,KXATPMATCH-26APR18RUBMED-MED,37,4090,36,11589,35,7222,34,300,23,326,39,350,40,21512,41,18414,42,6143,43,1712,38.0
2026-04-17 11:29:52 PM,KXATPMATCH-26APR18RUBMED-MED,37,4090,36,8418,35,7222,34,300,23,326,39,350,40,21512,41,18414,42,6143,43,1712,38.0
2026-04-17 11:29:56 PM,KXATPMATCH-26APR18RUBMED-MED,37,4090,36,11589,35,7222,34,300,23,326,39,350,40,21512,41,18414,42,6143,43,1712,38.0
2026-04-17 11:29:57 PM,KXATPMATCH-26APR18RUBMED-MED,37,4090,36,8418,35,7222,34,300,23,326,39,350,40,21512,41,18414,42,6143,43,1712,38.0
2026-04-17 11:30:05 PM,KXATPMATCH-26APR18RUBMED-MED,37,4090,36,11589,35,7222,34,300,23,326,39,350,40,21512,41,18414,42,6143,43,1712,38.0
2026-04-17 11:30:08 PM,KXATPMATCH-26APR18RUBMED-MED,37,4090,36,8418,35,7222,34,300,23,326,39,350,40,21512,41,18414,42,6143,43,1712,38.0
2026-04-17 11:30:13 PM,KXATPMATCH-26APR18RUBMED-MED,37,4090,36,11589,35,7222,34,300,23,326,39,350,40,21512,41,18414,42,6143,43,1712,38.0
2026-04-17 11:30:13 PM,KXATPMATCH-26APR18RUBMED-MED,37,4105,36,11589,35,7222,34,300,23,326,39,350,40,21512,41,18414,42,6143,43,1712,38.0
2026-04-17 11:30:14 PM,KXATPMATCH-26APR18RUBMED-MED,37,4105,36,8418,35,7222,34,300,23,326,39,350,40,21512,41,18414,42,6143,43,1712,38.0
2026-04-17 11:30:16 PM,KXATPMATCH-26APR18RUBMED-MED,37,4105,36,8418,35,7222,34,300,23,326,39,350,40,21535,41,18414,42,6143,43,1712,38.0
2026-04-17 11:30:21 PM,KXATPMATCH-26APR18RUBMED-MED,37,4105,36,11589,35,7222,34,300,23,326,39,350,40,21535,41,18414,42,6143,43,1712,38.0
2026-04-17 11:30:24 PM,KXATPMATCH-26APR18RUBMED-MED,37,4105,36,8418,35,7222,34,300,23,326,39,350,40,21535,41,18414,42,6143,43,1712,38.0
2026-04-17 11:30:31 PM,KXATPMATCH-26APR18RUBMED-MED,37,4105,36,11589,35,7222,34,300,23,326,39,350,40,21535,41,18414,42,6143,43,1712,38.0
2026-04-17 11:30:31 PM,KXATPMATCH-26APR18RUBMED-MED,37,4105,36,11589,35,7222,34,300,23,326,39,350,40,20256,41,18414,42,6143,43,1712,38.0
2026-04-17 11:30:31 PM,KXATPMATCH-26APR18RUBMED-MED,37,4105,36,11589,35,7222,34,300,23,326,39,1629,40,20256,41,18414,42,6143,43,1712,38.0
2026-04-17 11:30:54 PM,KXATPMATCH-26APR18RUBMED-MED,37,4090,36,11589,35,7222,34,300,23,326,39,1629,40,20256,41,18414,42,6143,43,1712,38.0
2026-04-17 11:31:00 PM,KXATPMATCH-26APR18RUBMED-MED,37,4090,36,8418,35,7222,34,300,23,326,39,1629,40,20256,41,18414,42,6143,43,1712,38.0
2026-04-17 11:31:00 PM,KXATPMATCH-26APR18RUBMED-MED,37,4090,36,11589,35,7222,34,300,23,326,39,1629,40,20256,41,18414,42,6143,43,1712,38.0
2026-04-17 11:31:02 PM,KXATPMATCH-26APR18RUBMED-MED,37,4090,36,8418,35,7222,34,300,23,326,39,1629,40,20256,41,18414,42,6143,43,1712,38.0
2026-04-17 11:31:05 PM,KXATPMATCH-26APR18RUBMED-MED,37,4100,36,8418,35,7222,34,300,23,326,39,1629,40,20256,41,18414,42,6143,43,1712,38.0
2026-04-17 11:31:05 PM,KXATPMATCH-26APR18RUBMED-MED,37,4110,36,8418,35,7222,34,300,23,326,39,1629,40,20256,41,18414,42,6143,43,1712,38.0
2026-04-17 11:31:05 PM,KXATPMATCH-26APR18RUBMED-MED,37,4110,36,8418,35,7222,34,300,23,326,39,1629,40,20256,41,18414,42,6153,43,1712,38.0
2026-04-17 11:31:05 PM,KXATPMATCH-26APR18RUBMED-MED,37,4110,36,8418,35,7222,34,300,23,326,39,1629,40,20256,41,18414,42,6163,43,1712,38.0
2026-04-17 11:31:09 PM,KXATPMATCH-26APR18RUBMED-MED,37,4110,36,11589,35,7222,34,300,23,326,39,1629,40,20256,41,18414,42,6163,43,1712,38.0
2026-04-17 11:31:15 PM,KXATPMATCH-26APR18RUBMED-MED,37,4110,36,8418,35,7222,34,300,23,326,39,1629,40,20256,41,18414,42,6163,43,1712,38.0
2026-04-17 11:31:18 PM,KXATPMATCH-26APR18RUBMED-MED,37,4110,36,11589,35,7222,34,300,23,326,39,1629,40,20256,41,18414,42,6163,43,1712,38.0
2026-04-17 11:31:18 PM,KXATPMATCH-26APR18RUBMED-MED,37,4110,36,11589,35,7222,34,300,23,326,39,11629,40,20256,41,18414,42,6163,43,1712,38.0
2026-04-17 11:31:19 PM,KXATPMATCH-26APR18RUBMED-MED,37,2394,36,11589,35,7222,34,300,23,326,39,11629,40,20256,41,18414,42,6163,43,1712,38.0
2026-04-17 11:31:19 PM,KXATPMATCH-26APR18RUBMED-MED,37,2394,36,11589,35,8938,34,300,23,326,39,11629,40,20256,41,18414,42,6163,43,1712,38.0
2026-04-17 11:31:52 PM,KXATPMATCH-26APR18RUBMED-MED,37,2394,36,8418,35,8938,34,300,23,326,39,11629,40,20256,41,18414,42,6163,43,1712,38.0
2026-04-17 11:31:52 PM,KXATPMATCH-26APR18RUBMED-MED,37,2394,36,11589,35,8938,34,300,23,326,39,11629,40,20256,41,18414,42,6163,43,1712,38.0
2026-04-17 11:31:53 PM,KXATPMATCH-26APR18RUBMED-MED,37,2144,36,11589,35,8938,34,300,23,326,39,11629,40,20256,41,18414,42,6163,43,1712,38.0
2026-04-17 11:31:53 PM,KXATPMATCH-26APR18RUBMED-MED,37,2144,36,11839,35,8938,34,300,23,326,39,11629,40,20256,41,18414,42,6163,43,1712,38.0
2026-04-17 11:31:53 PM,KXATPMATCH-26APR18RUBMED-MED,37,2144,36,11839,35,8938,34,300,23,326,39,11629,40,20006,41,18414,42,6163,43,1712,38.0
2026-04-17 11:31:53 PM,KXATPMATCH-26APR18RUBMED-MED,37,2144,36,11839,35,8938,34,300,23,326,39,11879,40,20006,41,18414,42,6163,43,1712,38.0
2026-04-17 11:31:53 PM,KXATPMATCH-26APR18RUBMED-MED,37,2144,36,11589,35,8938,34,300,23,326,39,11879,40,20006,41,18414,42,6163,43,1712,38.0
2026-04-17 11:31:53 PM,KXATPMATCH-26APR18RUBMED-MED,37,2394,36,11589,35,8938,34,300,23,326,39,11879,40,20006,41,18414,42,6163,43,1712,38.0
2026-04-17 11:31:53 PM,KXATPMATCH-26APR18RUBMED-MED,37,2394,36,11589,35,8938,34,300,23,326,39,11629,40,20006,41,18414,42,6163,43,1712,38.0
2026-04-17 11:31:53 PM,KXATPMATCH-26APR18RUBMED-MED,37,2394,36,11589,35,8938,34,300,23,326,39,11629,40,20256,41,18414,42,6163,43,1712,38.0
2026-04-17 11:31:54 PM,KXATPMATCH-26APR18RUBMED-MED,37,2394,36,8418,35,8938,34,300,23,326,39,11629,40,20256,41,18414,42,6163,43,1712,38.0
2026-04-17 11:31:54 PM,KXATPMATCH-26APR18RUBMED-MED,37,2144,36,8418,35,8938,34,300,23,326,39,11629,40,20256,41,18414,42,6163,43,1712,38.0
2026-04-17 11:31:54 PM,KXATPMATCH-26APR18RUBMED-MED,37,2144,36,8668,35,8938,34,300,23,326,39,11629,40,20256,41,18414,42,6163,43,1712,38.0
2026-04-17 11:31:54 PM,KXATPMATCH-26APR18RUBMED-MED,37,2144,36,8668,35,8938,34,300,23,326,39,11629,40,20006,41,18414,42,6163,43,1712,38.0
2026-04-17 11:31:54 PM,KXATPMATCH-26APR18RUBMED-MED,37,2144,36,8668,35,8938,34,300,23,326,39,11879,40,20006,41,18414,42,6163,43,1712,38.0
2026-04-17 11:32:01 PM,KXATPMATCH-26APR18RUBMED-MED,37,2144,36,11839,35,8938,34,300,23,326,39,11879,40,20006,41,18414,42,6163,43,1712,38.0
2026-04-17 11:32:01 PM,KXATPMATCH-26APR18RUBMED-MED,37,2144,36,11589,35,8938,34,300,23,326,39,11879,40,20006,41,18414,42,6163,43,1712,38.0
2026-04-17 11:32:01 PM,KXATPMATCH-26APR18RUBMED-MED,37,2394,36,11589,35,8938,34,300,23,326,39,11879,40,20006,41,18414,42,6163,43,1712,38.0
2026-04-17 11:32:01 PM,KXATPMATCH-26APR18RUBMED-MED,37,2394,36,11589,35,8938,34,300,23,326,39,11629,40,20006,41,18414,42,6163,43,1712,38.0
2026-04-17 11:32:01 PM,KXATPMATCH-26APR18RUBMED-MED,37,2394,36,11589,35,8938,34,300,23,326,39,11629,40,20256,41,18414,42,6163,43,1712,38.0
2026-04-17 11:32:04 PM,KXATPMATCH-26APR18RUBMED-MED,37,2394,36,8418,35,8938,34,300,23,326,39,11629,40,20256,41,18414,42,6163,43,1712,38.0
2026-04-17 11:32:04 PM,KXATPMATCH-26APR18RUBMED-MED,37,2144,36,8418,35,8938,34,300,23,326,39,11629,40,20256,41,18414,42,6163,43,1712,38.0
2026-04-17 11:32:04 PM,KXATPMATCH-26APR18RUBMED-MED,37,2144,36,8668,35,8938,34,300,23,326,39,11629,40,20256,41,18414,42,6163,43,1712,38.0
2026-04-17 11:32:05 PM,KXATPMATCH-26APR18RUBMED-MED,37,2144,36,8668,35,8938,34,300,23,326,39,11629,40,20006,41,18414,42,6163,43,1712,38.0
2026-04-17 11:32:05 PM,KXATPMATCH-26APR18RUBMED-MED,37,2144,36,8668,35,8938,34,300,23,326,39,11879,40,20006,41,18414,42,6163,43,1712,38.0
2026-04-17 11:32:10 PM,KXATPMATCH-26APR18RUBMED-MED,37,2144,36,11839,35,8938,34,300,23,326,39,11879,40,20006,41,18414,42,6163,43,1712,38.0
2026-04-17 11:32:10 PM,KXATPMATCH-26APR18RUBMED-MED,37,2144,36,11589,35,8938,34,300,23,326,39,11879,40,20006,41,18414,42,6163,43,1712,38.0
2026-04-17 11:32:10 PM,KXATPMATCH-26APR18RUBMED-MED,37,2394,36,11589,35,8938,34,300,23,326,39,11879,40,20006,41,18414,42,6163,43,1712,38.0
2026-04-17 11:32:10 PM,KXATPMATCH-26APR18RUBMED-MED,37,2394,36,11589,35,8938,34,300,23,326,39,11629,40,20006,41,18414,42,6163,43,1712,38.0
2026-04-17 11:32:10 PM,KXATPMATCH-26APR18RUBMED-MED,37,2394,36,11589,35,8938,34,300,23,326,39,11629,40,20256,41,18414,42,6163,43,1712,38.0
2026-04-17 11:32:40 PM,KXATPMATCH-26APR18RUBMED-MED,37,5565,36,11589,35,8938,34,300,23,326,39,11629,40,20256,41,18414,42,6163,43,1712,38.0
2026-04-17 11:32:40 PM,KXATPMATCH-26APR18RUBMED-MED,37,5565,36,8418,35,8938,34,300,23,326,39,11629,40,20256,41,18414,42,6163,43,1712,38.0
2026-04-17 11:32:40 PM,KXATPMATCH-26APR18RUBMED-MED,37,5565,36,8418,35,7222,34,300,23,326,39,11629,40,20256,41,18414,42,6163,43,1712,38.0
2026-04-17 11:32:41 PM,KXATPMATCH-26APR18RUBMED-MED,37,7281,36,8418,35,7222,34,300,23,326,39,11629,40,20256,41,18414,42,6163,43,1712,38.0
2026-04-17 11:33:48 PM,KXATPMATCH-26APR18RUBMED-MED,37,7281,36,8418,35,7222,34,300,23,326,39,11617,40,20256,41,18414,42,6163,43,1712,38.0
2026-04-17 11:33:51 PM,KXATPMATCH-26APR18RUBMED-MED,37,7183,36,8418,35,7222,34,300,23,326,39,11617,40,20256,41,18414,42,6163,43,1712,38.0
2026-04-17 11:33:51 PM,KXATPMATCH-26APR18RUBMED-MED,37,7293,36,8418,35,7222,34,300,23,326,39,11617,40,20256,41,18414,42,6163,43,1712,38.0
2026-04-17 11:35:57 PM,KXATPMATCH-26APR18RUBMED-MED,37,7293,36,8418,35,7222,34,300,23,326,39,11600,40,20256,41,18414,42,6163,43,1712,38.0
2026-04-17 11:36:00 PM,KXATPMATCH-26APR18RUBMED-MED,37,7183,36,8418,35,7222,34,300,23,326,39,11600,40,20256,41,18414,42,6163,43,1712,38.0
2026-04-17 11:36:00 PM,KXATPMATCH-26APR18RUBMED-MED,37,7310,36,8418,35,7222,34,300,23,326,39,11600,40,20256,41,18414,42,6163,43,1712,38.0
2026-04-17 11:37:38 PM,KXATPMATCH-26APR18RUBMED-MED,37,7310,36,8418,35,7222,34,300,23,326,39,11596,40,20256,41,18414,42,6163,43,1712,38.0
2026-04-17 11:37:39 PM,KXATPMATCH-26APR18RUBMED-MED,37,7183,36,8418,35,7222,34,300,23,326,39,11596,40,20256,41,18414,42,6163,43,1712,38.0
2026-04-17 11:37:39 PM,KXATPMATCH-26APR18RUBMED-MED,37,7314,36,8418,35,7222,34,300,23,326,39,11596,40,20256,41,18414,42,6163,43,1712,38.0
2026-04-17 11:38:23 PM,KXATPMATCH-26APR18RUBMED-MED,37,7314,36,8418,35,7222,34,300,23,326,39,11545,40,20256,41,18414,42,6163,43,1712,38.0
2026-04-17 11:38:26 PM,KXATPMATCH-26APR18RUBMED-MED,37,7183,36,8418,35,7222,34,300,23,326,39,11545,40,20256,41,18414,42,6163,43,1712,38.0
2026-04-17 11:38:26 PM,KXATPMATCH-26APR18RUBMED-MED,37,7183,36,8418,35,7222,34,300,23,326,39,11543,40,20256,41,18414,42,6163,43,1712,38.0
2026-04-17 11:38:26 PM,KXATPMATCH-26APR18RUBMED-MED,37,7365,36,8418,35,7222,34,300,23,326,39,11543,40,20256,41,18414,42,6163,43,1712,38.0
2026-04-17 11:38:26 PM,KXATPMATCH-26APR18RUBMED-MED,37,7365,36,8418,35,7222,34,300,23,326,39,11546,40,20256,41,18414,42,6163,43,1712,38.0
2026-04-17 11:40:13 PM,KXATPMATCH-26APR18RUBMED-MED,37,7365,36,8418,35,7222,34,300,23,326,39,11546,40,20305,41,18414,42,6163,43,1712,38.0
2026-04-17 11:43:09 PM,KXATPMATCH-26APR18RUBMED-MED,37,7365,36,8418,35,7222,34,300,23,326,39,11546,40,20305,41,18414,42,7163,43,1712,38.0
2026-04-17 11:47:19 PM,KXATPMATCH-26APR18RUBMED-MED,37,7365,36,8418,35,7222,34,300,13,197,39,11546,40,20305,41,18414,42,7163,43,1712,38.0
2026-04-17 11:47:19 PM,KXATPMATCH-26APR18RUBMED-MED,37,7365,36,8418,35,7222,34,300,13,197,39,11546,40,20590,41,18414,42,7163,43,1712,38.0
2026-04-17 11:47:21 PM,KXATPMATCH-26APR18RUBMED-MED,37,7317,36,8418,35,7222,34,300,13,197,39,11546,40,20590,41,18414,42,7163,43,1712,38.0
2026-04-17 11:47:21 PM,KXATPMATCH-26APR18RUBMED-MED,37,7135,36,8418,35,7222,34,300,13,197,39,11546,40,20590,41,18414,42,7163,43,1712,38.0
2026-04-17 11:47:21 PM,KXATPMATCH-26APR18RUBMED-MED,37,7135,36,8418,35,7222,34,300,13,197,39,11543,40,20590,41,18414,42,7163,43,1712,38.0
2026-04-17 11:47:21 PM,KXATPMATCH-26APR18RUBMED-MED,37,7013,36,8418,35,7222,34,300,13,197,39,11543,40,20590,41,18414,42,7163,43,1712,38.0
2026-04-17 11:47:21 PM,KXATPMATCH-26APR18RUBMED-MED,37,7013,36,8418,35,7222,34,300,13,197,39,11898,40,20590,41,18414,42,7163,43,1712,38.0
2026-04-17 11:58:02 PM,KXATPMATCH-26APR18RUBMED-MED,38,20,37,7013,36,8418,35,7222,34,300,39,11898,40,20590,41,18414,42,7163,43,1712,38.5
2026-04-17 11:58:02 PM,KXATPMATCH-26APR18RUBMED-MED,38,20,37,7013,36,8418,35,7222,34,300,39,11898,40,20610,41,18414,42,7163,43,1712,38.5
2026-04-17 11:58:13 PM,KXATPMATCH-26APR18RUBMED-MED,38,20,37,7013,36,8418,35,7222,34,300,39,11898,40,21059,41,18414,42,7163,43,1712,38.5
2026-04-17 11:58:13 PM,KXATPMATCH-26APR18RUBMED-MED,38,20,37,7013,36,8418,35,8460,34,300,39,11898,40,21059,41,18414,42,7163,43,1712,38.5
2026-04-17 11:58:16 PM,KXATPMATCH-26APR18RUBMED-MED,38,20,37,6831,36,8418,35,8460,34,300,39,11898,40,21059,41,18414,42,7163,43,1712,38.5
2026-04-17 11:58:16 PM,KXATPMATCH-26APR18RUBMED-MED,38,20,37,6831,36,8418,35,8460,34,300,39,11543,40,21059,41,18414,42,7163,43,1712,38.5
2026-04-17 11:58:16 PM,KXATPMATCH-26APR18RUBMED-MED,38,20,37,6831,36,8418,35,8460,34,300,39,12080,40,21059,41,18414,42,7163,43,1712,38.5
2026-04-17 11:58:16 PM,KXATPMATCH-26APR18RUBMED-MED,38,20,37,6831,36,8418,35,8460,34,300,39,12080,40,24491,41,18414,42,7163,43,1712,38.5
2026-04-17 11:58:16 PM,KXATPMATCH-26APR18RUBMED-MED,38,20,37,5115,36,8418,35,8460,34,300,39,12080,40,24491,41,18414,42,7163,43,1712,38.5
2026-04-17 11:58:16 PM,KXATPMATCH-26APR18RUBMED-MED,38,20,37,5115,36,6702,35,8460,34,300,39,12080,40,24491,41,18414,42,7163,43,1712,38.5
2026-04-17 11:58:23 PM,KXATPMATCH-26APR18RUBMED-MED,38,20,37,5115,36,6687,35,8460,34,300,39,12080,40,24491,41,18414,42,7163,43,1712,38.5
2026-04-17 11:58:23 PM,KXATPMATCH-26APR18RUBMED-MED,38,20,37,5115,36,6695,35,8460,34,300,39,12080,40,24491,41,18414,42,7163,43,1712,38.5
2026-04-17 11:58:27 PM,KXATPMATCH-26APR18RUBMED-MED,38,20,37,5115,36,6687,35,8460,34,300,39,12080,40,24491,41,18414,42,7163,43,1712,38.5
2026-04-17 11:58:27 PM,KXATPMATCH-26APR18RUBMED-MED,38,20,37,5115,36,6669,35,8460,34,300,39,12080,40,24491,41,18414,42,7163,43,1712,38.5
2026-04-17 11:58:57 PM,KXATPMATCH-26APR18RUBMED-MED,38,20,37,5115,36,6567,35,8460,34,300,39,12080,40,24491,41,18414,42,7163,43,1712,38.5
2026-04-17 11:58:57 PM,KXATPMATCH-26APR18RUBMED-MED,38,20,37,5115,36,6578,35,8460,34,300,39,12080,40,24491,41,18414,42,7163,43,1712,38.5
2026-04-18 12:00:57 AM,KXATPMATCH-26APR18RUBMED-MED,38,20,37,5115,36,6580,35,8460,34,300,39,12080,40,24491,41,18414,42,7163,43,1712,38.5
2026-04-18 12:00:57 AM,KXATPMATCH-26APR18RUBMED-MED,38,20,37,5115,36,6580,35,8462,34,300,39,12080,40,24491,41,18414,42,7163,43,1712,38.5
2026-04-18 12:01:07 AM,KXATPMATCH-26APR18RUBMED-MED,38,40,37,5115,36,6580,35,8462,34,300,39,12080,40,24491,41,18414,42,7163,43,1712,38.5
2026-04-18 12:01:07 AM,KXATPMATCH-26APR18RUBMED-MED,38,40,37,5115,36,6580,35,8462,34,300,39,12080,40,24511,41,18414,42,7163,43,1712,38.5
2026-04-18 12:03:12 AM,KXATPMATCH-26APR18RUBMED-MED,38,40,37,5115,36,6580,35,8462,34,300,39,12066,40,24511,41,18414,42,7163,43,1712,38.5
2026-04-18 12:03:13 AM,KXATPMATCH-26APR18RUBMED-MED,38,40,37,5129,36,6580,35,8462,34,300,39,12066,40,24511,41,18414,42,7163,43,1712,38.5
2026-04-18 12:06:58 AM,KXATPMATCH-26APR18RUBMED-MED,38,40,37,5129,36,6580,35,8452,34,300,39,12066,40,24511,41,18414,42,7163,43,1712,38.5
2026-04-18 12:06:58 AM,KXATPMATCH-26APR18RUBMED-MED,38,40,37,5130,36,6580,35,8452,34,300,39,12066,40,24511,41,18414,42,7163,43,1712,38.5
2026-04-18 12:06:58 AM,KXATPMATCH-26APR18RUBMED-MED,38,40,37,5130,36,6580,35,8452,34,300,39,12052,40,24511,41,18414,42,7163,43,1712,38.5
2026-04-18 12:06:58 AM,KXATPMATCH-26APR18RUBMED-MED,38,40,37,5130,36,6580,35,8452,34,300,39,12052,40,24511,41,18424,42,7163,43,1712,38.5
2026-04-18 12:06:59 AM,KXATPMATCH-26APR18RUBMED-MED,38,40,37,5144,36,6580,35,8452,34,300,39,12052,40,24511,41,18424,42,7163,43,1712,38.5
2026-04-18 12:07:30 AM,KXATPMATCH-26APR18RUBMED-MED,38,40,37,5144,36,6580,35,8452,34,300,39,12052,40,24511,41,18287,42,7163,43,1712,38.5
2026-04-18 12:07:30 AM,KXATPMATCH-26APR18RUBMED-MED,38,40,37,5144,36,6573,35,8452,34,300,39,12052,40,24511,41,18287,42,7163,43,1712,38.5
2026-04-18 12:07:30 AM,KXATPMATCH-26APR18RUBMED-MED,38,40,37,5144,36,6573,35,8471,34,300,39,12052,40,24511,41,18287,42,7163,43,1712,38.5
2026-04-18 12:07:30 AM,KXATPMATCH-26APR18RUBMED-MED,38,40,37,5144,36,6562,35,8471,34,300,39,12052,40,24511,41,18287,42,7163,43,1712,38.5
2026-04-18 12:07:30 AM,KXATPMATCH-26APR18RUBMED-MED,38,40,37,5144,36,6562,35,8471,34,300,39,12052,40,24511,41,18287,42,7302,43,1712,38.5
2026-04-18 12:08:37 AM,KXATPMATCH-26APR18RUBMED-MED,38,40,37,5144,36,9626,35,8471,34,300,39,12052,40,24511,41,18287,42,7302,43,1712,38.5
2026-04-18 12:08:37 AM,KXATPMATCH-26APR18RUBMED-MED,38,40,37,1973,36,9626,35,8471,34,300,39,12052,40,24511,41,18287,42,7302,43,1712,38.5
2026-04-18 12:08:38 AM,KXATPMATCH-26APR18RUBMED-MED,38,40,37,1500,36,9626,35,8471,34,300,39,12052,40,24511,41,18287,42,7302,43,1712,38.5
2026-04-18 12:08:38 AM,KXATPMATCH-26APR18RUBMED-MED,38,40,37,1500,36,9626,35,8471,34,300,39,12052,40,24511,41,16593,42,7302,43,1712,38.5
2026-04-18 12:08:38 AM,KXATPMATCH-26APR18RUBMED-MED,38,40,37,1500,36,9626,35,8471,34,300,39,13691,40,24511,41,16593,42,7302,43,1712,38.5
2026-04-18 12:08:38 AM,KXATPMATCH-26APR18RUBMED-MED,38,40,37,1500,36,9626,35,8471,34,300,39,13691,40,24511,41,16593,42,7297,43,1712,38.5
2026-04-18 12:08:38 AM,KXATPMATCH-26APR18RUBMED-MED,38,40,37,1500,36,9626,35,8471,34,300,39,13691,40,24511,41,16593,42,7296,43,1712,38.5
2026-04-18 12:08:38 AM,KXATPMATCH-26APR18RUBMED-MED,38,40,37,1500,36,9626,35,8471,34,300,39,13691,40,24511,41,16593,42,7288,43,1712,38.5
2026-04-18 12:08:38 AM,KXATPMATCH-26APR18RUBMED-MED,38,40,37,1500,36,9626,35,8471,34,300,39,13691,40,24511,41,16593,42,7288,43,1226,38.5
2026-04-18 12:08:38 AM,KXATPMATCH-26APR18RUBMED-MED,38,40,37,1500,36,9626,35,8471,34,300,39,13691,40,24511,41,16335,42,7288,43,1226,38.5
2026-04-18 12:08:38 AM,KXATPMATCH-26APR18RUBMED-MED,38,40,37,1500,36,9626,35,8471,34,300,39,13691,40,24511,41,16335,42,6796,43,1226,38.5
2026-04-18 12:08:38 AM,KXATPMATCH-26APR18RUBMED-MED,38,40,37,1500,36,9626,35,8471,34,300,39,13691,40,24511,41,16335,42,6793,43,1226,38.5
2026-04-18 12:08:38 AM,KXATPMATCH-26APR18RUBMED-MED,38,40,37,1500,36,9626,35,8471,34,300,39,13691,40,24462,41,16335,42,6793,43,1226,38.5
2026-04-18 12:08:38 AM,KXATPMATCH-26APR18RUBMED-MED,38,40,37,1500,36,9626,35,8471,34,300,39,13691,40,24462,41,16335,42,6793,43,1219,38.5
2026-04-18 12:08:38 AM,KXATPMATCH-26APR18RUBMED-MED,38,40,37,1500,36,9626,35,8471,34,300,39,13691,40,24462,41,16335,42,6792,43,1219,38.5
2026-04-18 12:08:38 AM,KXATPMATCH-26APR18RUBMED-MED,38,40,37,1500,36,9626,35,8471,34,300,39,13691,40,24177,41,16335,42,6792,43,1219,38.5
2026-04-18 12:08:38 AM,KXATPMATCH-26APR18RUBMED-MED,38,40,37,1500,36,9626,35,8471,34,300,39,13691,40,23405,41,16335,42,6792,43,1219,38.5
2026-04-18 12:08:38 AM,KXATPMATCH-26APR18RUBMED-MED,38,40,37,1500,36,9626,35,8471,34,300,39,13691,40,23382,41,16335,42,6792,43,1219,38.5
2026-04-18 12:08:38 AM,KXATPMATCH-26APR18RUBMED-MED,38,40,37,1500,36,9626,35,8471,34,300,39,13691,40,22933,41,16335,42,6792,43,1219,38.5
2026-04-18 12:08:38 AM,KXATPMATCH-26APR18RUBMED-MED,38,40,37,1500,36,6562,35,8471,34,300,39,13691,40,22933,41,16335,42,6792,43,1219,38.5
2026-04-18 12:08:38 AM,KXATPMATCH-26APR18RUBMED-MED,38,40,37,1500,36,6562,35,8471,34,300,39,14308,40,22933,41,16335,42,6792,43,1219,38.5
2026-04-18 12:08:38 AM,KXATPMATCH-26APR18RUBMED-MED,38,40,37,838,36,6562,35,8471,34,300,39,14308,40,22933,41,16335,42,6792,43,1219,38.5
2026-04-18 12:08:38 AM,KXATPMATCH-26APR18RUBMED-MED,38,40,37,588,36,6562,35,8471,34,300,39,14308,40,22933,41,16335,42,6792,43,1219,38.5
2026-04-18 12:08:38 AM,KXATPMATCH-26APR18RUBMED-MED,38,40,37,588,36,6562,35,8471,34,300,39,14308,40,23448,41,16335,42,6792,43,1219,38.5
2026-04-18 12:08:38 AM,KXATPMATCH-26APR18RUBMED-MED,38,40,37,588,36,6812,35,8471,34,300,39,14308,40,23448,41,16335,42,6792,43,1219,38.5
2026-04-18 12:08:38 AM,KXATPMATCH-26APR18RUBMED-MED,38,40,37,588,36,6812,35,8471,34,300,39,15886,40,23448,41,16335,42,6792,43,1219,38.5
2026-04-18 12:08:38 AM,KXATPMATCH-26APR18RUBMED-MED,38,40,37,588,36,6812,35,8471,34,300,39,15269,40,23448,41,16335,42,6792,43,1219,38.5
2026-04-18 12:08:38 AM,KXATPMATCH-26APR18RUBMED-MED,38,40,37,588,36,6812,35,8471,34,300,39,15269,40,23448,41,16300,42,6792,43,1219,38.5
2026-04-18 12:08:38 AM,KXATPMATCH-26APR18RUBMED-MED,38,40,37,588,36,6812,35,8471,34,300,39,15269,40,23198,41,16300,42,6792,43,1219,38.5
2026-04-18 12:08:38 AM,KXATPMATCH-26APR18RUBMED-MED,38,40,37,588,36,6812,35,8471,34,300,39,15519,40,23198,41,16300,42,6792,43,1219,38.5
2026-04-18 12:08:38 AM,KXATPMATCH-26APR18RUBMED-MED,38,40,37,588,36,6812,35,8471,34,300,39,13880,40,23198,41,16300,42,6792,43,1219,38.5
2026-04-18 12:08:38 AM,KXATPMATCH-26APR18RUBMED-MED,38,40,37,588,36,6812,35,8471,34,300,39,13880,40,24864,41,16300,42,6792,43,1219,38.5
2026-04-18 12:08:38 AM,KXATPMATCH-26APR18RUBMED-MED,38,40,37,588,36,6812,35,8471,34,300,39,13880,40,25228,41,16300,42,6792,43,1219,38.5
2026-04-18 12:08:38 AM,KXATPMATCH-26APR18RUBMED-MED,38,40,37,588,36,6812,35,8471,34,300,39,13880,40,25228,41,16300,42,7281,43,1219,38.5
2026-04-18 12:08:40 AM,KXATPMATCH-26APR18RUBMED-MED,38,40,37,574,36,6812,35,8471,34,300,39,13880,40,25228,41,16300,42,7281,43,1219,38.5
2026-04-18 12:08:40 AM,KXATPMATCH-26APR18RUBMED-MED,38,40,37,574,36,6812,35,8471,34,300,39,13343,40,25228,41,16300,42,7281,43,1219,38.5
2026-04-18 12:08:40 AM,KXATPMATCH-26APR18RUBMED-MED,38,40,37,574,36,6812,35,8471,34,300,39,13343,40,25211,41,16300,42,7281,43,1219,38.5
2026-04-18 12:08:40 AM,KXATPMATCH-26APR18RUBMED-MED,38,40,37,574,36,6812,35,8471,34,300,39,13343,40,24428,41,16300,42,7281,43,1219,38.5
2026-04-18 12:08:40 AM,KXATPMATCH-26APR18RUBMED-MED,38,40,37,574,36,6466,35,8471,34,300,39,13343,40,24428,41,16300,42,7281,43,1219,38.5
2026-04-18 12:08:40 AM,KXATPMATCH-26APR18RUBMED-MED,38,40,37,574,36,6466,35,9271,34,300,39,13343,40,24428,41,16300,42,7281,43,1219,38.5
2026-04-18 12:08:40 AM,KXATPMATCH-26APR18RUBMED-MED,38,40,37,574,36,6466,35,9271,34,300,39,13911,40,24428,41,16300,42,7281,43,1219,38.5
2026-04-18 12:08:40 AM,KXATPMATCH-26APR18RUBMED-MED,38,40,37,574,36,6466,35,9271,34,300,39,14240,40,24428,41,16300,42,7281,43,1219,38.5
2026-04-18 12:08:41 AM,KXATPMATCH-26APR18RUBMED-MED,38,40,37,574,36,6466,35,9271,34,300,39,14240,40,24428,41,14229,42,7281,43,1219,38.5
2026-04-18 12:08:41 AM,KXATPMATCH-26APR18RUBMED-MED,38,40,37,574,36,6466,35,9271,34,300,39,14240,40,24428,41,14126,42,7281,43,1219,38.5
2026-04-18 12:08:41 AM,KXATPMATCH-26APR18RUBMED-MED,38,40,37,574,36,6466,35,9271,34,300,39,14240,40,24428,41,14046,42,7281,43,1219,38.5
2026-04-18 12:08:41 AM,KXATPMATCH-26APR18RUBMED-MED,38,40,37,574,36,6466,35,9271,34,300,39,14240,40,24428,41,14036,42,7281,43,1219,38.5
2026-04-18 12:08:41 AM,KXATPMATCH-26APR18RUBMED-MED,38,40,37,574,36,6466,35,9271,34,300,39,14240,40,24428,41,13955,42,7281,43,1219,38.5
2026-04-18 12:08:41 AM,KXATPMATCH-26APR18RUBMED-MED,38,40,37,574,36,6466,35,9271,34,300,39,14240,40,24428,41,13932,42,7281,43,1219,38.5
2026-04-18 12:08:41 AM,KXATPMATCH-26APR18RUBMED-MED,38,40,37,574,36,6466,35,9271,34,300,39,14240,40,24428,41,13925,42,7281,43,1219,38.5
2026-04-18 12:08:41 AM,KXATPMATCH-26APR18RUBMED-MED,38,40,37,574,36,6466,35,9271,34,300,39,14240,40,24428,41,13920,42,7281,43,1219,38.5
2026-04-18 12:08:41 AM,KXATPMATCH-26APR18RUBMED-MED,38,40,37,574,36,6466,35,9271,34,300,39,14240,40,24428,41,13919,42,7281,43,1219,38.5
2026-04-18 12:08:41 AM,KXATPMATCH-26APR18RUBMED-MED,38,40,37,574,36,6466,35,9271,34,300,39,14240,40,24428,41,13909,42,7281,43,1219,38.5
2026-04-18 12:08:41 AM,KXATPMATCH-26APR18RUBMED-MED,38,40,37,574,36,6466,35,9271,34,300,39,14240,40,24428,41,13868,42,7281,43,1219,38.5
2026-04-18 12:08:41 AM,KXATPMATCH-26APR18RUBMED-MED,38,40,37,574,36,6466,35,9271,34,300,39,14240,40,24428,41,13712,42,7281,43,1219,38.5
2026-04-18 12:08:41 AM,KXATPMATCH-26APR18RUBMED-MED,38,40,37,574,36,6466,35,9271,34,300,39,14240,40,24428,41,13702,42,7281,43,1219,38.5
2026-04-18 12:08:41 AM,KXATPMATCH-26APR18RUBMED-MED,38,40,37,574,36,6466,35,9271,34,300,39,14240,40,24428,41,13700,42,7281,43,1219,38.5
2026-04-18 12:08:41 AM,KXATPMATCH-26APR18RUBMED-MED,38,40,37,574,36,6466,35,9271,34,300,39,14240,40,24428,41,13694,42,7281,43,1219,38.5
2026-04-18 12:08:41 AM,KXATPMATCH-26APR18RUBMED-MED,38,40,37,574,36,6466,35,9271,34,300,39,14240,40,24428,41,13217,42,7281,43,1219,38.5
2026-04-18 12:08:41 AM,KXATPMATCH-26APR18RUBMED-MED,38,40,37,574,36,6466,35,9271,34,300,39,14240,40,24428,41,13214,42,7281,43,1219,38.5
2026-04-18 12:08:41 AM,KXATPMATCH-26APR18RUBMED-MED,38,40,37,574,36,6466,35,9271,34,300,39,14240,40,24428,41,13209,42,7281,43,1219,38.5
2026-04-18 12:08:41 AM,KXATPMATCH-26APR18RUBMED-MED,38,40,37,574,36,6466,35,9271,34,300,39,14240,40,24428,41,13144,42,7281,43,1219,38.5
2026-04-18 12:08:41 AM,KXATPMATCH-26APR18RUBMED-MED,38,40,37,574,36,6466,35,9271,34,300,39,14240,40,24428,41,13113,42,7281,43,1219,38.5
2026-04-18 12:08:41 AM,KXATPMATCH-26APR18RUBMED-MED,38,40,37,574,36,6466,35,9271,34,300,39,14240,40,24428,41,13035,42,7281,43,1219,38.5
2026-04-18 12:08:41 AM,KXATPMATCH-26APR18RUBMED-MED,38,40,37,574,36,6466,35,9271,34,300,39,14240,40,24428,41,13028,42,7281,43,1219,38.5
2026-04-18 12:08:41 AM,KXATPMATCH-26APR18RUBMED-MED,38,40,37,574,36,6466,35,9271,34,300,39,14240,40,24428,41,13019,42,7281,43,1219,38.5
2026-04-18 12:08:41 AM,KXATPMATCH-26APR18RUBMED-MED,38,40,37,574,36,6466,35,9271,34,300,39,14240,40,24428,41,13012,42,7281,43,1219,38.5
2026-04-18 12:08:41 AM,KXATPMATCH-26APR18RUBMED-MED,38,40,37,574,36,6466,35,9271,34,300,39,14240,40,24428,41,13002,42,7281,43,1219,38.5
2026-04-18 12:08:41 AM,KXATPMATCH-26APR18RUBMED-MED,38,40,37,574,36,6466,35,9271,34,300,39,14240,40,24428,41,12950,42,7281,43,1219,38.5
2026-04-18 12:08:41 AM,KXATPMATCH-26APR18RUBMED-MED,38,40,37,574,36,6466,35,9271,34,300,39,14240,40,24428,41,12945,42,7281,43,1219,38.5
2026-04-18 12:08:41 AM,KXATPMATCH-26APR18RUBMED-MED,38,40,37,574,36,6466,35,9271,34,300,39,14240,40,24428,41,12920,42,7281,43,1219,38.5
2026-04-18 12:08:41 AM,KXATPMATCH-26APR18RUBMED-MED,38,40,37,574,36,6466,35,9271,34,300,39,14240,40,24428,41,12035,42,7281,43,1219,38.5
2026-04-18 12:08:41 AM,KXATPMATCH-26APR18RUBMED-MED,38,40,37,574,36,6466,35,9271,34,300,39,14240,40,24428,41,11996,42,7281,43,1219,38.5
2026-04-18 12:08:41 AM,KXATPMATCH-26APR18RUBMED-MED,38,40,37,574,36,6466,35,9271,34,300,39,14240,40,24428,41,11957,42,7281,43,1219,38.5
2026-04-18 12:08:41 AM,KXATPMATCH-26APR18RUBMED-MED,38,40,37,574,36,6466,35,9271,34,300,39,14240,40,24428,41,11902,42,7281,43,1219,38.5
2026-04-18 12:08:41 AM,KXATPMATCH-26APR18RUBMED-MED,38,40,37,574,36,6466,35,9271,34,300,39,14240,40,24428,41,9909,42,7281,43,1219,38.5
2026-04-18 12:08:41 AM,KXATPMATCH-26APR18RUBMED-MED,38,40,37,574,36,6466,35,9271,34,300,39,27040,40,24428,41,9909,42,7281,43,1219,38.5
2026-04-18 12:08:42 AM,KXATPMATCH-26APR18RUBMED-MED,38,40,37,574,36,6466,35,9271,34,300,39,27040,40,20996,41,9909,42,7281,43,1219,38.5
2026-04-18 12:08:42 AM,KXATPMATCH-26APR18RUBMED-MED,38,40,37,574,36,6466,35,9271,34,300,39,27040,40,19652,41,9909,42,7281,43,1219,38.5
2026-04-18 12:08:42 AM,KXATPMATCH-26APR18RUBMED-MED,38,40,37,574,36,6466,35,9271,34,300,39,27040,40,19574,41,9909,42,7281,43,1219,38.5
2026-04-18 12:08:42 AM,KXATPMATCH-26APR18RUBMED-MED,38,40,37,574,36,6466,35,9271,34,300,39,27040,40,19573,41,9909,42,7281,43,1219,38.5
2026-04-18 12:08:42 AM,KXATPMATCH-26APR18RUBMED-MED,38,40,37,574,36,6466,35,9271,34,300,39,27040,40,19563,41,9909,42,7281,43,1219,38.5
2026-04-18 12:08:42 AM,KXATPMATCH-26APR18RUBMED-MED,38,40,37,574,36,6466,35,9271,34,300,39,27040,40,19212,41,9909,42,7281,43,1219,38.5
2026-04-18 12:08:42 AM,KXATPMATCH-26APR18RUBMED-MED,38,40,37,574,36,6466,35,9271,34,300,39,27040,40,18978,41,9909,42,7281,43,1219,38.5
2026-04-18 12:08:43 AM,KXATPMATCH-26APR18RUBMED-MED,38,40,37,574,36,6466,35,9271,34,300,39,27040,40,18963,41,9909,42,7281,43,1219,38.5
2026-04-18 12:08:43 AM,KXATPMATCH-26APR18RUBMED-MED,38,40,37,574,36,6466,35,9271,34,300,39,27040,40,18363,41,9909,42,7281,43,1219,38.5
2026-04-18 12:08:43 AM,KXATPMATCH-26APR18RUBMED-MED,38,40,37,574,36,6466,35,9271,34,300,39,27040,40,18362,41,9909,42,7281,43,1219,38.5
2026-04-18 12:08:43 AM,KXATPMATCH-26APR18RUBMED-MED,38,40,37,574,36,6466,35,9271,34,300,39,27040,40,18032,41,9909,42,7281,43,1219,38.5
2026-04-18 12:08:47 AM,KXATPMATCH-26APR18RUBMED-MED,38,40,37,574,36,9515,35,9271,34,300,39,27040,40,18032,41,9909,42,7281,43,1219,38.5
2026-04-18 12:09:19 AM,KXATPMATCH-26APR18RUBMED-MED,38,40,37,574,36,9515,35,8871,34,300,39,27040,40,18032,41,9909,42,7281,43,1219,38.5
2026-04-18 12:09:23 AM,KXATPMATCH-26APR18RUBMED-MED,38,40,37,574,36,9515,35,8871,34,700,39,27040,40,18032,41,9909,42,7281,43,1219,38.5
2026-04-18 12:10:22 AM,KXATPMATCH-26APR18RUBMED-MED,38,40,37,574,36,9515,35,8871,34,700,39,26711,40,18032,41,9909,42,7281,43,1219,38.5
2026-04-18 12:10:22 AM,KXATPMATCH-26APR18RUBMED-MED,38,40,37,574,36,9515,35,8871,34,700,39,27040,40,18032,41,9909,42,7281,43,1219,38.5
2026-04-18 12:10:25 AM,KXATPMATCH-26APR18RUBMED-MED,38,40,37,574,36,9061,35,8871,34,700,39,27040,40,18032,41,9909,42,7281,43,1219,38.5
2026-04-18 12:10:25 AM,KXATPMATCH-26APR18RUBMED-MED,38,40,37,574,36,9061,35,8871,34,700,39,26983,40,18032,41,9909,42,7281,43,1219,38.5
2026-04-18 12:10:25 AM,KXATPMATCH-26APR18RUBMED-MED,38,40,37,574,36,9061,35,8871,34,700,39,26808,40,18032,41,9909,42,7281,43,1219,38.5
2026-04-18 12:10:25 AM,KXATPMATCH-26APR18RUBMED-MED,38,40,37,574,36,9061,35,8071,34,700,39,26808,40,18032,41,9909,42,7281,43,1219,38.5
2026-04-18 12:10:25 AM,KXATPMATCH-26APR18RUBMED-MED,38,40,37,574,36,9061,35,8071,34,700,39,26240,40,18032,41,9909,42,7281,43,1219,38.5
2026-04-18 12:10:25 AM,KXATPMATCH-26APR18RUBMED-MED,38,40,37,574,36,9061,35,8071,34,700,39,25911,40,18032,41,9909,42,7281,43,1219,38.5
2026-04-18 12:10:27 AM,KXATPMATCH-26APR18RUBMED-MED,38,40,37,574,36,9061,35,8871,34,700,39,25911,40,18032,41,9909,42,7281,43,1219,38.5
2026-04-18 12:10:27 AM,KXATPMATCH-26APR18RUBMED-MED,38,40,37,574,36,9061,35,8871,34,700,39,26711,40,18032,41,9909,42,7281,43,1219,38.5
2026-04-18 12:10:27 AM,KXATPMATCH-26APR18RUBMED-MED,38,40,37,574,36,9061,35,8871,34,700,39,27494,40,18032,41,9909,42,7281,43,1219,38.5
2026-04-18 12:10:28 AM,KXATPMATCH-26APR18RUBMED-MED,38,40,37,574,36,9061,35,8871,34,700,39,26711,40,18032,41,9909,42,7281,43,1219,38.5
2026-04-18 12:10:28 AM,KXATPMATCH-26APR18RUBMED-MED,38,40,37,574,36,9061,35,8871,34,700,39,27494,40,18032,41,9909,42,7281,43,1219,38.5
2026-04-18 12:10:39 AM,KXATPMATCH-26APR18RUBMED-MED,38,40,37,574,36,9061,35,8871,34,700,39,27494,40,18032,41,10046,42,7281,43,1219,38.5
2026-04-18 12:10:39 AM,KXATPMATCH-26APR18RUBMED-MED,38,40,37,574,36,9061,35,8871,34,700,39,27494,40,18032,41,10046,42,7142,43,1219,38.5
2026-04-18 12:10:39 AM,KXATPMATCH-26APR18RUBMED-MED,38,40,37,574,36,9079,35,8871,34,700,39,27494,40,18032,41,10046,42,7142,43,1219,38.5
2026-04-18 12:12:36 AM,KXATPMATCH-26APR18RUBMED-MED,38,40,37,574,36,9079,35,8871,34,700,39,26711,40,18032,41,10046,42,7142,43,1219,38.5
2026-04-18 12:12:36 AM,KXATPMATCH-26APR18RUBMED-MED,38,40,37,574,36,9079,35,8871,34,700,39,27494,40,18032,41,10046,42,7142,43,1219,38.5
2026-04-18 12:14:18 AM,KXATPMATCH-26APR18RUBMED-MED,38,40,37,573,36,9079,35,8871,34,700,39,27494,40,18032,41,10046,42,7142,43,1219,38.5
2026-04-18 12:14:18 AM,KXATPMATCH-26APR18RUBMED-MED,38,40,37,573,36,9079,35,8871,34,700,39,26711,40,18032,41,10046,42,7142,43,1219,38.5
2026-04-18 12:14:18 AM,KXATPMATCH-26APR18RUBMED-MED,38,40,37,573,36,9079,35,8871,34,700,39,27494,40,18032,41,10046,42,7142,43,1219,38.5
2026-04-18 12:15:24 AM,KXATPMATCH-26APR18RUBMED-MED,38,40,37,573,36,9079,35,8871,34,700,39,27494,40,16366,41,10046,42,7142,43,1219,38.5
2026-04-18 12:16:33 AM,KXATPMATCH-26APR18RUBMED-MED,38,40,37,573,36,9079,35,8871,34,700,39,26711,40,16366,41,10046,42,7142,43,1219,38.5
2026-04-18 12:16:33 AM,KXATPMATCH-26APR18RUBMED-MED,38,40,37,573,36,9079,35,8871,34,700,39,27494,40,16366,41,10046,42,7142,43,1219,38.5
2026-04-18 12:16:34 AM,KXATPMATCH-26APR18RUBMED-MED,38,40,37,563,36,9079,35,8871,34,700,39,27494,40,16366,41,10046,42,7142,43,1219,38.5
2026-04-18 12:16:34 AM,KXATPMATCH-26APR18RUBMED-MED,38,40,37,553,36,9079,35,8871,34,700,39,27494,40,16366,41,10046,42,7142,43,1219,38.5
2026-04-18 12:16:34 AM,KXATPMATCH-26APR18RUBMED-MED,38,40,37,553,36,9089,35,8871,34,700,39,27494,40,16366,41,10046,42,7142,43,1219,38.5
2026-04-18 12:16:34 AM,KXATPMATCH-26APR18RUBMED-MED,38,40,37,553,36,9099,35,8871,34,700,39,27494,40,16366,41,10046,42,7142,43,1219,38.5
2026-04-18 12:16:34 AM,KXATPMATCH-26APR18RUBMED-MED,38,40,37,553,36,9099,35,8871,34,700,39,27494,40,16366,41,10046,42,7132,43,1219,38.5
2026-04-18 12:16:35 AM,KXATPMATCH-26APR18RUBMED-MED,38,40,37,553,36,9099,35,8871,34,700,39,27494,40,16366,41,10046,42,7122,43,1219,38.5
2026-04-18 12:16:35 AM,KXATPMATCH-26APR18RUBMED-MED,38,40,37,553,36,9099,35,8871,34,700,39,27494,40,16366,41,10056,42,7122,43,1219,38.5
2026-04-18 12:16:35 AM,KXATPMATCH-26APR18RUBMED-MED,38,40,37,553,36,9099,35,8871,34,700,39,27494,40,16366,41,10066,42,7122,43,1219,38.5
2026-04-18 12:17:00 AM,KXATPMATCH-26APR18RUBMED-MED,38,40,37,553,36,9099,35,8871,34,700,39,26711,40,16366,41,10066,42,7122,43,1219,38.5
2026-04-18 12:17:00 AM,KXATPMATCH-26APR18RUBMED-MED,38,40,37,553,36,9099,35,8871,34,700,39,27494,40,16366,41,10066,42,7122,43,1219,38.5
2026-04-18 12:17:26 AM,KXATPMATCH-26APR18RUBMED-MED,38,40,37,553,36,9099,35,8871,34,700,39,27494,40,18032,41,10066,42,7122,43,1219,38.5
2026-04-18 12:18:31 AM,KXATPMATCH-26APR18RUBMED-MED,38,40,37,553,36,9099,35,8871,34,700,39,26711,40,18032,41,10066,42,7122,43,1219,38.5
2026-04-18 12:18:31 AM,KXATPMATCH-26APR18RUBMED-MED,38,40,37,553,36,9099,35,8871,34,700,39,27494,40,18032,41,10066,42,7122,43,1219,38.5
2026-04-18 12:20:10 AM,KXATPMATCH-26APR18RUBMED-MED,38,40,37,553,36,9099,35,8871,34,700,39,26711,40,18032,41,10066,42,7122,43,1219,38.5
2026-04-18 12:20:10 AM,KXATPMATCH-26APR18RUBMED-MED,38,40,37,553,36,9099,35,8871,34,700,39,27494,40,18032,41,10066,42,7122,43,1219,38.5
2026-04-18 12:20:18 AM,KXATPMATCH-26APR18RUBMED-MED,38,40,37,553,36,9099,35,8871,34,700,39,26711,40,18032,41,10066,42,7122,43,1219,38.5
2026-04-18 12:20:18 AM,KXATPMATCH-26APR18RUBMED-MED,38,40,37,553,36,9099,35,8871,34,700,39,27494,40,18032,41,10066,42,7122,43,1219,38.5
2026-04-18 12:21:14 AM,KXATPMATCH-26APR18RUBMED-MED,38,40,37,553,36,9099,35,8871,34,700,39,26711,40,18032,41,10066,42,7122,43,1219,38.5
2026-04-18 12:21:14 AM,KXATPMATCH-26APR18RUBMED-MED,38,40,37,553,36,9099,35,8871,34,700,39,27494,40,18032,41,10066,42,7122,43,1219,38.5
2026-04-18 12:21:45 AM,KXATPMATCH-26APR18RUBMED-MED,38,40,37,553,36,9099,35,8873,34,700,39,27494,40,18032,41,10066,42,7122,43,1219,38.5
2026-04-18 12:21:49 AM,KXATPMATCH-26APR18RUBMED-MED,38,40,37,553,36,9097,35,8873,34,700,39,27494,40,18032,41,10066,42,7122,43,1219,38.5
2026-04-18 12:23:24 AM,KXATPMATCH-26APR18RUBMED-MED,38,40,37,553,36,9097,35,8873,34,700,39,27494,40,21220,41,10066,42,7122,43,1219,38.5
2026-04-18 12:23:24 AM,KXATPMATCH-26APR18RUBMED-MED,38,40,37,553,36,7075,35,8873,34,700,39,27494,40,21220,41,10066,42,7122,43,1219,38.5
2026-04-18 12:23:24 AM,KXATPMATCH-26APR18RUBMED-MED,38,40,37,553,36,7075,35,8873,34,700,39,27494,40,21220,41,8559,42,7122,43,1219,38.5
2026-04-18 12:23:24 AM,KXATPMATCH-26APR18RUBMED-MED,38,40,37,553,36,7075,35,8873,34,700,39,27494,40,21220,41,6906,42,7122,43,1219,38.5
2026-04-18 12:23:27 AM,KXATPMATCH-26APR18RUBMED-MED,38,40,37,553,36,7075,35,8873,34,700,39,26711,40,21220,41,6906,42,7122,43,1219,38.5
2026-04-18 12:23:27 AM,KXATPMATCH-26APR18RUBMED-MED,38,40,37,553,36,7075,35,8873,34,700,39,27494,40,21220,41,6906,42,7122,43,1219,38.5
2026-04-18 12:23:36 AM,KXATPMATCH-26APR18RUBMED-MED,38,40,37,553,36,7075,35,8873,34,700,39,26711,40,21220,41,6906,42,7122,43,1219,38.5
2026-04-18 12:23:36 AM,KXATPMATCH-26APR18RUBMED-MED,38,40,37,553,36,7075,35,8873,34,700,39,27494,40,21220,41,6906,42,7122,43,1219,38.5
2026-04-18 12:24:58 AM,KXATPMATCH-26APR18RUBMED-MED,38,40,37,553,36,7075,35,8873,34,700,39,26711,40,21220,41,6906,42,7122,43,1219,38.5
2026-04-18 12:24:58 AM,KXATPMATCH-26APR18RUBMED-MED,38,40,37,553,36,7075,35,8873,34,700,39,27494,40,21220,41,6906,42,7122,43,1219,38.5
2026-04-18 12:26:18 AM,KXATPMATCH-26APR18RUBMED-MED,38,40,37,553,36,7075,35,8873,34,700,39,26711,40,21220,41,6906,42,7122,43,1219,38.5
2026-04-18 12:26:18 AM,KXATPMATCH-26APR18RUBMED-MED,38,40,37,553,36,7075,35,8873,34,700,39,27494,40,21220,41,6906,42,7122,43,1219,38.5
2026-04-18 12:27:45 AM,KXATPMATCH-26APR18RUBMED-MED,38,40,37,553,36,7075,35,8873,34,700,39,26711,40,21220,41,6906,42,7122,43,1219,38.5
2026-04-18 12:27:45 AM,KXATPMATCH-26APR18RUBMED-MED,38,40,37,553,36,7075,35,8873,34,700,39,27494,40,21220,41,6906,42,7122,43,1219,38.5
2026-04-18 12:28:25 AM,KXATPMATCH-26APR18RUBMED-MED,38,44,37,553,36,7075,35,8873,34,700,39,27494,40,21220,41,6906,42,7122,43,1219,38.5
2026-04-18 12:29:00 AM,KXATPMATCH-26APR18RUBMED-MED,38,44,37,553,36,6720,35,8873,34,700,39,27494,40,21220,41,6906,42,7122,43,1219,38.5
2026-04-18 12:29:04 AM,KXATPMATCH-26APR18RUBMED-MED,38,44,37,553,36,6720,35,8873,34,700,39,26711,40,21220,41,6906,42,7122,43,1219,38.5
2026-04-18 12:29:04 AM,KXATPMATCH-26APR18RUBMED-MED,38,44,37,553,36,6720,35,8873,34,700,39,27494,40,21220,41,6906,42,7122,43,1219,38.5
2026-04-18 12:29:51 AM,KXATPMATCH-26APR18RUBMED-MED,38,44,37,553,36,6720,35,8873,34,700,39,27494,40,21220,41,6906,42,7122,43,520,38.5
2026-04-18 12:29:51 AM,KXATPMATCH-26APR18RUBMED-MED,38,44,37,553,36,6720,35,8873,34,700,39,29117,40,21220,41,6906,42,7122,43,520,38.5
2026-04-18 12:29:55 AM,KXATPMATCH-26APR18RUBMED-MED,38,44,37,553,36,6720,35,8873,34,700,39,28334,40,21220,41,6906,42,7122,43,520,38.5
2026-04-18 12:29:55 AM,KXATPMATCH-26APR18RUBMED-MED,38,44,37,553,36,6720,35,8873,34,700,39,29117,40,21220,41,6906,42,7122,43,520,38.5
2026-04-18 12:32:18 AM,KXATPMATCH-26APR18RUBMED-MED,38,44,37,553,36,6720,35,8873,34,700,39,28334,40,21220,41,6906,42,7122,43,520,38.5
2026-04-18 12:32:18 AM,KXATPMATCH-26APR18RUBMED-MED,38,44,37,553,36,6720,35,8873,34,700,39,29117,40,21220,41,6906,42,7122,43,520,38.5
2026-04-18 12:33:03 AM,KXATPMATCH-26APR18RUBMED-MED,38,44,37,553,36,6720,35,8873,34,700,39,28334,40,21220,41,6906,42,7122,43,520,38.5
2026-04-18 12:33:03 AM,KXATPMATCH-26APR18RUBMED-MED,38,44,37,553,36,6720,35,8873,34,700,39,29117,40,21220,41,6906,42,7122,43,520,38.5
2026-04-18 12:33:03 AM,KXATPMATCH-26APR18RUBMED-MED,38,44,37,553,36,6720,35,8873,34,700,39,29117,40,19554,41,6906,42,7122,43,520,38.5
2026-04-18 12:33:03 AM,KXATPMATCH-26APR18RUBMED-MED,38,44,37,553,36,6720,35,8873,34,700,39,27539,40,19554,41,6906,42,7122,43,520,38.5
2026-04-18 12:33:03 AM,KXATPMATCH-26APR18RUBMED-MED,38,44,37,553,36,6720,35,8873,34,700,39,27539,40,19039,41,6906,42,7122,43,520,38.5
2026-04-18 12:33:03 AM,KXATPMATCH-26APR18RUBMED-MED,38,44,37,553,36,6720,35,8873,34,700,39,27539,40,18675,41,6906,42,7122,43,520,38.5
2026-04-18 12:33:03 AM,KXATPMATCH-26APR18RUBMED-MED,38,44,37,553,36,6720,35,8873,34,700,39,27539,40,18675,41,8600,42,7122,43,520,38.5
2026-04-18 12:33:03 AM,KXATPMATCH-26APR18RUBMED-MED,38,44,37,553,36,6720,35,8873,34,700,39,27539,40,18675,41,9136,42,7122,43,520,38.5
2026-04-18 12:33:03 AM,KXATPMATCH-26APR18RUBMED-MED,38,44,37,553,36,6720,35,8873,34,700,39,27539,40,18675,41,9136,42,7122,43,1003,38.5
2026-04-18 12:33:03 AM,KXATPMATCH-26APR18RUBMED-MED,38,44,37,553,36,6720,35,8873,34,700,39,27539,40,20253,41,9136,42,7122,43,1003,38.5
2026-04-18 12:33:04 AM,KXATPMATCH-26APR18RUBMED-MED,38,44,37,553,36,6720,35,8873,34,700,39,26756,40,20253,41,9136,42,7122,43,1003,38.5
2026-04-18 12:33:04 AM,KXATPMATCH-26APR18RUBMED-MED,38,44,37,553,36,6933,35,8873,34,700,39,26756,40,20253,41,9136,42,7122,43,1003,38.5
2026-04-18 12:33:04 AM,KXATPMATCH-26APR18RUBMED-MED,38,44,37,553,36,6933,35,8873,34,700,39,27326,40,20253,41,9136,42,7122,43,1003,38.5
2026-04-18 12:33:42 AM,KXATPMATCH-26APR18RUBMED-MED,38,44,37,553,36,6933,35,8873,34,700,39,26756,40,20253,41,9136,42,7122,43,1003,38.5
2026-04-18 12:33:42 AM,KXATPMATCH-26APR18RUBMED-MED,38,44,37,553,36,6933,35,8873,34,700,39,27326,40,20253,41,9136,42,7122,43,1003,38.5
2026-04-18 12:35:39 AM,KXATPMATCH-26APR18RUBMED-MED,38,44,37,553,36,6933,35,8854,34,700,39,27326,40,20253,41,9136,42,7122,43,1003,38.5
2026-04-18 12:35:39 AM,KXATPMATCH-26APR18RUBMED-MED,38,44,37,553,36,7009,35,8854,34,700,39,27326,40,20253,41,9136,42,7122,43,1003,38.5
2026-04-18 12:35:44 AM,KXATPMATCH-26APR18RUBMED-MED,38,44,37,553,36,7009,35,8854,34,700,39,26756,40,20253,41,9136,42,7122,43,1003,38.5
2026-04-18 12:35:44 AM,KXATPMATCH-26APR18RUBMED-MED,38,44,37,553,36,7009,35,8854,34,700,39,26511,40,20253,41,9136,42,7122,43,1003,38.5
2026-04-18 12:35:44 AM,KXATPMATCH-26APR18RUBMED-MED,38,44,37,553,36,7009,35,8854,34,700,39,27081,40,20253,41,9136,42,7122,43,1003,38.5
2026-04-18 12:35:48 AM,KXATPMATCH-26APR18RUBMED-MED,38,44,37,553,36,7009,35,8854,34,700,39,26511,40,20253,41,9136,42,7122,43,1003,38.5
2026-04-18 12:35:48 AM,KXATPMATCH-26APR18RUBMED-MED,38,44,37,553,36,7009,35,8854,34,700,39,27081,40,20253,41,9136,42,7122,43,1003,38.5
2026-04-18 12:37:21 AM,KXATPMATCH-26APR18RUBMED-MED,38,44,37,553,36,7009,35,8854,34,700,39,26511,40,20253,41,9136,42,7122,43,1003,38.5
2026-04-18 12:37:21 AM,KXATPMATCH-26APR18RUBMED-MED,38,44,37,553,36,7009,35,8854,34,700,39,27081,40,20253,41,9136,42,7122,43,1003,38.5
2026-04-18 12:38:16 AM,KXATPMATCH-26APR18RUBMED-MED,38,44,37,553,36,7009,35,8854,34,700,39,26511,40,20253,41,9136,42,7122,43,1003,38.5
2026-04-18 12:38:16 AM,KXATPMATCH-26APR18RUBMED-MED,38,44,37,553,36,7009,35,8854,34,700,39,27081,40,20253,41,9136,42,7122,43,1003,38.5
2026-04-18 12:38:18 AM,KXATPMATCH-26APR18RUBMED-MED,38,44,37,553,36,7009,35,8854,34,700,39,26511,40,20253,41,9136,42,7122,43,1003,38.5
2026-04-18 12:38:18 AM,KXATPMATCH-26APR18RUBMED-MED,38,44,37,553,36,7009,35,8854,34,700,39,27081,40,20253,41,9136,42,7122,43,1003,38.5
2026-04-18 12:38:48 AM,KXATPMATCH-26APR18RUBMED-MED,38,44,37,553,36,7009,35,8854,34,700,39,28189,40,20253,41,9136,42,7122,43,1003,38.5
2026-04-18 12:38:48 AM,KXATPMATCH-26APR18RUBMED-MED,38,44,37,553,36,7009,35,8854,34,700,39,28189,40,20253,41,9136,42,7122,43,523,38.5
2026-04-18 12:38:49 AM,KXATPMATCH-26APR18RUBMED-MED,38,44,37,553,36,7009,35,8854,34,700,39,27619,40,20253,41,9136,42,7122,43,523,38.5
2026-04-18 12:38:49 AM,KXATPMATCH-26APR18RUBMED-MED,38,44,37,553,36,7009,35,8854,34,700,39,28189,40,20253,41,9136,42,7122,43,523,38.5
2026-04-18 12:39:45 AM,KXATPMATCH-26APR18RUBMED-MED,38,44,37,553,36,7009,35,8854,34,700,39,27619,40,20253,41,9136,42,7122,43,523,38.5
2026-04-18 12:39:45 AM,KXATPMATCH-26APR18RUBMED-MED,38,44,37,553,36,7009,35,8854,34,700,39,28189,40,20253,41,9136,42,7122,43,523,38.5
2026-04-18 12:39:45 AM,KXATPMATCH-26APR18RUBMED-MED,38,44,37,553,36,7044,35,8854,34,700,39,28189,40,20253,41,9136,42,7122,43,523,38.5
2026-04-18 12:39:52 AM,KXATPMATCH-26APR18RUBMED-MED,38,44,37,553,36,7044,35,8854,34,700,39,28189,40,20253,41,7442,42,7122,43,523,38.5
2026-04-18 12:40:19 AM,KXATPMATCH-26APR18RUBMED-MED,38,44,37,553,36,7044,35,8854,34,700,39,27707,40,20253,41,7442,42,7122,43,523,38.5
2026-04-18 12:40:19 AM,KXATPMATCH-26APR18RUBMED-MED,38,44,37,553,36,7009,35,8854,34,700,39,27707,40,20253,41,7442,42,7122,43,523,38.5
2026-04-18 12:40:20 AM,KXATPMATCH-26APR18RUBMED-MED,38,44,37,553,36,7009,35,8854,34,700,39,27137,40,20253,41,7442,42,7122,43,523,38.5
2026-04-18 12:40:20 AM,KXATPMATCH-26APR18RUBMED-MED,38,44,37,553,36,7009,35,8854,34,700,39,27707,40,20253,41,7442,42,7122,43,523,38.5
2026-04-18 12:40:35 AM,KXATPMATCH-26APR18RUBMED-MED,38,44,37,553,36,7009,35,8854,34,700,39,27137,40,20253,41,7442,42,7122,43,523,38.5
2026-04-18 12:40:35 AM,KXATPMATCH-26APR18RUBMED-MED,38,44,37,553,36,7009,35,8854,34,700,39,27707,40,20253,41,7442,42,7122,43,523,38.5
2026-04-18 12:40:35 AM,KXATPMATCH-26APR18RUBMED-MED,38,44,37,553,36,7044,35,8854,34,700,39,27707,40,20253,41,7442,42,7122,43,523,38.5
2026-04-18 12:40:46 AM,KXATPMATCH-26APR18RUBMED-MED,38,44,37,553,36,7044,35,8854,34,700,39,27707,40,20253,41,9136,42,7122,43,523,38.5
2026-04-18 12:43:15 AM,KXATPMATCH-26APR18RUBMED-MED,38,44,37,553,36,7044,35,8854,34,700,39,27137,40,20253,41,9136,42,7122,43,523,38.5
2026-04-18 12:43:15 AM,KXATPMATCH-26APR18RUBMED-MED,38,44,37,553,36,7044,35,8854,34,700,39,27707,40,20253,41,9136,42,7122,43,523,38.5
2026-04-18 12:43:21 AM,KXATPMATCH-26APR18RUBMED-MED,38,44,37,553,36,7044,35,8854,34,700,39,27137,40,20253,41,9136,42,7122,43,523,38.5
2026-04-18 12:43:21 AM,KXATPMATCH-26APR18RUBMED-MED,38,44,37,553,36,7044,35,8854,34,700,39,27707,40,20253,41,9136,42,7122,43,523,38.5
2026-04-18 12:43:23 AM,KXATPMATCH-26APR18RUBMED-MED,38,44,37,553,36,7044,35,8854,34,700,39,27846,40,20253,41,9136,42,7122,43,523,38.5
2026-04-18 12:43:49 AM,KXATPMATCH-26APR18RUBMED-MED,38,44,37,553,36,7044,35,8854,34,700,39,27276,40,20253,41,9136,42,7122,43,523,38.5
2026-04-18 12:43:49 AM,KXATPMATCH-26APR18RUBMED-MED,38,44,37,553,36,7044,35,8854,34,700,39,27846,40,20253,41,9136,42,7122,43,523,38.5
2026-04-18 12:44:18 AM,KXATPMATCH-26APR18RUBMED-MED,38,44,37,553,36,7044,35,8854,34,700,39,27276,40,20253,41,9136,42,7122,43,523,38.5
2026-04-18 12:44:18 AM,KXATPMATCH-26APR18RUBMED-MED,38,44,37,553,36,7044,35,8854,34,700,39,27846,40,20253,41,9136,42,7122,43,523,38.5
2026-04-18 12:44:39 AM,KXATPMATCH-26APR18RUBMED-MED,38,45,37,553,36,7044,35,8854,34,700,39,27846,40,20253,41,9136,42,7122,43,523,38.5
2026-04-18 12:45:50 AM,KXATPMATCH-26APR18RUBMED-MED,38,45,37,553,36,7044,35,8854,34,700,39,27276,40,20253,41,9136,42,7122,43,523,38.5
2026-04-18 12:45:50 AM,KXATPMATCH-26APR18RUBMED-MED,38,45,37,553,36,7044,35,8854,34,700,39,27846,40,20253,41,9136,42,7122,43,523,38.5
2026-04-18 12:46:02 AM,KXATPMATCH-26APR18RUBMED-MED,38,45,37,553,36,7009,35,8854,34,700,39,27846,40,20253,41,9136,42,7122,43,523,38.5
2026-04-18 12:46:43 AM,KXATPMATCH-26APR18RUBMED-MED,38,45,37,553,36,6755,35,8854,34,700,39,27846,40,20253,41,9136,42,7122,43,523,38.5
2026-04-18 12:46:43 AM,KXATPMATCH-26APR18RUBMED-MED,38,45,37,553,36,6583,35,8854,34,700,39,27846,40,20253,41,9136,42,7122,43,523,38.5
2026-04-18 12:46:45 AM,KXATPMATCH-26APR18RUBMED-MED,38,45,37,553,36,6583,35,8854,34,700,39,27276,40,20253,41,9136,42,7122,43,523,38.5
2026-04-18 12:46:45 AM,KXATPMATCH-26APR18RUBMED-MED,38,45,37,553,36,6583,35,8854,34,700,39,27846,40,20253,41,9136,42,7122,43,523,38.5
2026-04-18 12:47:00 AM,KXATPMATCH-26APR18RUBMED-MED,38,45,37,553,36,6573,35,8854,34,700,39,27846,40,20253,41,9136,42,7122,43,523,38.5
2026-04-18 12:47:00 AM,KXATPMATCH-26APR18RUBMED-MED,38,45,37,553,36,6563,35,8854,34,700,39,27846,40,20253,41,9136,42,7122,43,523,38.5
2026-04-18 12:47:00 AM,KXATPMATCH-26APR18RUBMED-MED,38,45,37,563,36,6563,35,8854,34,700,39,27846,40,20253,41,9136,42,7122,43,523,38.5
2026-04-18 12:47:14 AM,KXATPMATCH-26APR18RUBMED-MED,38,45,37,563,36,6563,35,8854,34,700,39,27276,40,20253,41,9136,42,7122,43,523,38.5
2026-04-18 12:47:14 AM,KXATPMATCH-26APR18RUBMED-MED,38,45,37,563,36,6563,35,8854,34,700,39,27846,40,20253,41,9136,42,7122,43,523,38.5
2026-04-18 12:47:55 AM,KXATPMATCH-26APR18RUBMED-MED,38,45,37,563,36,6563,35,8854,34,2585,39,27846,40,20253,41,9136,42,7122,43,523,38.5
2026-04-18 12:47:55 AM,KXATPMATCH-26APR18RUBMED-MED,38,45,37,563,36,6498,35,8854,34,2585,39,27846,40,20253,41,9136,42,7122,43,523,38.5
2026-04-18 12:47:56 AM,KXATPMATCH-26APR18RUBMED-MED,38,45,37,563,36,6285,35,8854,34,2585,39,27846,40,20253,41,9136,42,7122,43,523,38.5
2026-04-18 12:47:56 AM,KXATPMATCH-26APR18RUBMED-MED,38,45,37,563,36,6285,35,8854,34,2585,39,27276,40,20253,41,9136,42,7122,43,523,38.5
2026-04-18 12:47:56 AM,KXATPMATCH-26APR18RUBMED-MED,38,45,37,563,36,6285,35,8854,34,2585,39,28059,40,20253,41,9136,42,7122,43,523,38.5
2026-04-18 12:47:56 AM,KXATPMATCH-26APR18RUBMED-MED,38,45,37,563,36,6285,35,8854,34,2585,39,27276,40,20253,41,9136,42,7122,43,523,38.5
2026-04-18 12:47:56 AM,KXATPMATCH-26APR18RUBMED-MED,38,45,37,563,36,6285,35,8854,34,2585,39,28059,40,20253,41,9136,42,7122,43,523,38.5
2026-04-18 12:48:00 AM,KXATPMATCH-26APR18RUBMED-MED,38,45,37,563,36,6285,35,8854,34,2585,39,27276,40,20253,41,9136,42,7122,43,523,38.5
2026-04-18 12:48:00 AM,KXATPMATCH-26APR18RUBMED-MED,38,45,37,563,36,6285,35,8854,34,2585,39,28059,40,20253,41,9136,42,7122,43,523,38.5
2026-04-18 12:48:35 AM,KXATPMATCH-26APR18RUBMED-MED,38,45,37,563,36,6285,35,8854,34,2585,39,27276,40,20253,41,9136,42,7122,43,523,38.5
2026-04-18 12:48:35 AM,KXATPMATCH-26APR18RUBMED-MED,38,45,37,563,36,6285,35,8854,34,2585,39,28059,40,20253,41,9136,42,7122,43,523,38.5
2026-04-18 12:49:00 AM,KXATPMATCH-26APR18RUBMED-MED,38,45,37,563,36,6238,35,8854,34,2585,39,28059,40,20253,41,9136,42,7122,43,523,38.5
2026-04-18 12:49:04 AM,KXATPMATCH-26APR18RUBMED-MED,38,45,37,563,36,6238,35,8854,34,2585,39,27276,40,20253,41,9136,42,7122,43,523,38.5
2026-04-18 12:49:04 AM,KXATPMATCH-26APR18RUBMED-MED,38,45,37,563,36,6238,35,8854,34,2585,39,28059,40,20253,41,9136,42,7122,43,523,38.5
2026-04-18 12:49:35 AM,KXATPMATCH-26APR18RUBMED-MED,38,45,37,562,36,6238,35,8854,34,2585,39,28059,40,20253,41,9136,42,7122,43,523,38.5
2026-04-18 12:49:35 AM,KXATPMATCH-26APR18RUBMED-MED,38,45,37,548,36,6238,35,8854,34,2585,39,28059,40,20253,41,9136,42,7122,43,523,38.5
2026-04-18 12:49:35 AM,KXATPMATCH-26APR18RUBMED-MED,38,45,37,548,36,6238,35,8864,34,2585,39,28059,40,20253,41,9136,42,7122,43,523,38.5
2026-04-18 12:49:35 AM,KXATPMATCH-26APR18RUBMED-MED,38,45,37,548,36,6238,35,8864,34,2585,39,28074,40,20253,41,9136,42,7122,43,523,38.5
2026-04-18 12:49:35 AM,KXATPMATCH-26APR18RUBMED-MED,38,45,37,548,36,6238,35,8864,34,2585,39,28074,40,20253,41,9126,42,7122,43,523,38.5
2026-04-18 12:49:41 AM,KXATPMATCH-26APR18RUBMED-MED,38,45,37,548,36,6238,35,8864,34,7585,39,28074,40,20253,41,9126,42,7122,43,523,38.5
2026-04-18 12:49:41 AM,KXATPMATCH-26APR18RUBMED-MED,38,45,37,548,36,1238,35,8864,34,7585,39,28074,40,20253,41,9126,42,7122,43,523,38.5
2026-04-18 12:49:41 AM,KXATPMATCH-26APR18RUBMED-MED,38,45,37,548,36,799,35,8864,34,7585,39,28074,40,20253,41,9126,42,7122,43,523,38.5
2026-04-18 12:49:41 AM,KXATPMATCH-26APR18RUBMED-MED,38,45,37,548,36,799,35,8864,34,7585,39,28074,40,20253,41,9126,42,2122,43,523,38.5
2026-04-18 12:49:41 AM,KXATPMATCH-26APR18RUBMED-MED,38,45,37,548,36,799,35,8864,34,8829,39,28074,40,20253,41,9126,42,2122,43,523,38.5
2026-04-18 12:49:45 AM,KXATPMATCH-26APR18RUBMED-MED,38,45,37,548,36,799,35,8864,34,8829,39,28074,40,20253,41,9126,42,7122,43,523,38.5
2026-04-18 12:50:18 AM,KXATPMATCH-26APR18RUBMED-MED,38,45,37,548,36,799,35,8864,34,8829,39,27291,40,20253,41,9126,42,7122,43,523,38.5
2026-04-18 12:50:18 AM,KXATPMATCH-26APR18RUBMED-MED,38,45,37,548,36,799,35,8864,34,8829,39,28074,40,20253,41,9126,42,7122,43,523,38.5
2026-04-18 12:51:07 AM,KXATPMATCH-26APR18RUBMED-MED,38,45,37,548,36,799,35,8864,34,8829,39,27291,40,20253,41,9126,42,7122,43,523,38.5
2026-04-18 12:51:07 AM,KXATPMATCH-26APR18RUBMED-MED,38,45,37,548,36,799,35,8864,34,8829,39,28074,40,20253,41,9126,42,7122,43,523,38.5
2026-04-18 12:52:44 AM,KXATPMATCH-26APR18RUBMED-MED,38,45,37,548,36,799,35,8864,34,8829,39,27291,40,20253,41,9126,42,7122,43,523,38.5
2026-04-18 12:52:44 AM,KXATPMATCH-26APR18RUBMED-MED,38,45,37,548,36,799,35,8864,34,8829,39,28074,40,20253,41,9126,42,7122,43,523,38.5
2026-04-18 12:53:07 AM,KXATPMATCH-26APR18RUBMED-MED,38,45,37,548,36,799,35,8864,34,8829,39,27291,40,20253,41,9126,42,7122,43,523,38.5
2026-04-18 12:53:07 AM,KXATPMATCH-26APR18RUBMED-MED,38,45,37,548,36,799,35,8864,34,8829,39,28074,40,20253,41,9126,42,7122,43,523,38.5
2026-04-18 12:53:30 AM,KXATPMATCH-26APR18RUBMED-MED,38,45,37,548,36,799,35,8864,34,8829,39,27291,40,20253,41,9126,42,7122,43,523,38.5
2026-04-18 12:53:30 AM,KXATPMATCH-26APR18RUBMED-MED,38,45,37,548,36,799,35,8864,34,8829,39,28074,40,20253,41,9126,42,7122,43,523,38.5
2026-04-18 12:54:40 AM,KXATPMATCH-26APR18RUBMED-MED,38,45,37,548,36,809,35,8864,34,8829,39,28074,40,20253,41,9126,42,7122,43,523,38.5
2026-04-18 12:54:40 AM,KXATPMATCH-26APR18RUBMED-MED,38,45,37,548,36,733,35,8864,34,8829,39,28074,40,20253,41,9126,42,7122,43,523,38.5
2026-04-18 12:54:42 AM,KXATPMATCH-26APR18RUBMED-MED,38,45,37,548,36,824,35,8864,34,8829,39,28074,40,20253,41,9126,42,7122,43,523,38.5
2026-04-18 12:54:42 AM,KXATPMATCH-26APR18RUBMED-MED,38,45,37,548,36,5824,35,8864,34,8829,39,28074,40,20253,41,9126,42,7122,43,523,38.5
2026-04-18 12:54:42 AM,KXATPMATCH-26APR18RUBMED-MED,38,45,37,548,36,5824,35,8864,34,3829,39,28074,40,20253,41,9126,42,7122,43,523,38.5
2026-04-18 12:56:18 AM,KXATPMATCH-26APR18RUBMED-MED,38,45,37,548,36,5824,35,8864,34,3829,39,27291,40,20253,41,9126,42,7122,43,523,38.5
2026-04-18 12:56:18 AM,KXATPMATCH-26APR18RUBMED-MED,38,45,37,548,36,5824,35,8864,34,3829,39,28074,40,20253,41,9126,42,7122,43,523,38.5
2026-04-18 12:58:12 AM,KXATPMATCH-26APR18RUBMED-MED,38,45,37,548,36,5824,35,8864,34,3829,39,27291,40,20253,41,9126,42,7122,43,523,38.5
2026-04-18 12:58:12 AM,KXATPMATCH-26APR18RUBMED-MED,38,45,37,548,36,5824,35,8864,34,3829,39,28074,40,20253,41,9126,42,7122,43,523,38.5
2026-04-18 12:58:41 AM,KXATPMATCH-26APR18RUBMED-MED,38,45,37,548,36,5824,35,8864,34,3829,39,27291,40,20253,41,9126,42,7122,43,523,38.5
2026-04-18 12:58:41 AM,KXATPMATCH-26APR18RUBMED-MED,38,45,37,548,36,5824,35,8864,34,3829,39,28074,40,20253,41,9126,42,7122,43,523,38.5
2026-04-18 12:59:38 AM,KXATPMATCH-26APR18RUBMED-MED,38,45,37,548,36,5824,35,8864,34,8829,39,28074,40,20253,41,9126,42,7122,43,523,38.5
2026-04-18 12:59:38 AM,KXATPMATCH-26APR18RUBMED-MED,38,45,37,548,36,824,35,8864,34,8829,39,28074,40,20253,41,9126,42,7122,43,523,38.5
2026-04-18 12:59:38 AM,KXATPMATCH-26APR18RUBMED-MED,38,45,37,548,36,733,35,8864,34,8829,39,28074,40,20253,41,9126,42,7122,43,523,38.5
2026-04-18 12:59:39 AM,KXATPMATCH-26APR18RUBMED-MED,38,45,37,548,36,817,35,8864,34,8829,39,28074,40,20253,41,9126,42,7122,43,523,38.5
2026-04-18 01:00:04 AM,KXATPMATCH-26APR18RUBMED-MED,38,45,37,548,36,817,35,8864,34,8829,39,28068,40,20253,41,9126,42,7122,43,523,38.5
2026-04-18 01:00:05 AM,KXATPMATCH-26APR18RUBMED-MED,38,45,37,548,36,3161,35,8864,34,8829,39,28068,40,20253,41,9126,42,7122,43,523,38.5
2026-04-18 01:00:07 AM,KXATPMATCH-26APR18RUBMED-MED,38,45,37,548,36,3161,35,8864,34,8829,39,27285,40,20253,41,9126,42,7122,43,523,38.5
2026-04-18 01:00:07 AM,KXATPMATCH-26APR18RUBMED-MED,38,45,37,548,36,3161,35,8864,34,8829,39,28068,40,20253,41,9126,42,7122,43,523,38.5
2026-04-18 01:00:08 AM,KXATPMATCH-26APR18RUBMED-MED,38,45,37,548,36,3161,35,8864,34,8829,39,27285,40,20253,41,9126,42,7122,43,523,38.5
2026-04-18 01:00:08 AM,KXATPMATCH-26APR18RUBMED-MED,38,45,37,548,36,3161,35,8864,34,8829,39,28068,40,20253,41,9126,42,7122,43,523,38.5
2026-04-18 01:00:55 AM,KXATPMATCH-26APR18RUBMED-MED,38,45,37,548,36,3161,35,8864,34,8829,39,27285,40,20253,41,9126,42,7122,43,523,38.5
2026-04-18 01:00:55 AM,KXATPMATCH-26APR18RUBMED-MED,38,45,37,548,36,3161,35,8864,34,8829,39,28068,40,20253,41,9126,42,7122,43,523,38.5
2026-04-18 01:01:18 AM,KXATPMATCH-26APR18RUBMED-MED,38,45,37,548,36,3161,35,8864,34,8829,39,27285,40,20253,41,9126,42,7122,43,523,38.5
2026-04-18 01:01:18 AM,KXATPMATCH-26APR18RUBMED-MED,38,45,37,548,36,3161,35,8864,34,8829,39,28068,40,20253,41,9126,42,7122,43,523,38.5
2026-04-18 01:03:18 AM,KXATPMATCH-26APR18RUBMED-MED,38,45,37,548,36,3161,35,8864,34,6944,39,28068,40,20253,41,9126,42,7122,43,523,38.5
2026-04-18 01:03:18 AM,KXATPMATCH-26APR18RUBMED-MED,38,45,37,548,36,3161,35,8864,34,6944,39,26445,40,20253,41,9126,42,7122,43,523,38.5
2026-04-18 01:03:18 AM,KXATPMATCH-26APR18RUBMED-MED,38,45,37,2900,36,3161,35,8864,34,6944,39,26445,40,20253,41,9126,42,7122,43,523,38.5
2026-04-18 01:04:33 AM,KXATPMATCH-26APR18RUBMED-MED,38,45,37,2900,36,3161,35,8864,34,6944,39,25662,40,20253,41,9126,42,7122,43,523,38.5
2026-04-18 01:04:33 AM,KXATPMATCH-26APR18RUBMED-MED,38,45,37,2900,36,3161,35,8864,34,6944,39,26445,40,20253,41,9126,42,7122,43,523,38.5
2026-04-18 01:05:51 AM,KXATPMATCH-26APR18RUBMED-MED,38,45,37,2900,36,3161,35,8864,34,6944,39,26445,40,18675,41,9126,42,7122,43,523,38.5
2026-04-18 01:05:51 AM,KXATPMATCH-26APR18RUBMED-MED,38,45,37,2900,36,3161,35,8864,34,6944,39,26445,40,18675,41,9126,42,7122,43,40,38.5
2026-04-18 01:05:51 AM,KXATPMATCH-26APR18RUBMED-MED,38,45,37,2900,36,3161,35,8864,34,6944,39,26445,40,18675,41,7432,42,7122,43,40,38.5
2026-04-18 01:05:51 AM,KXATPMATCH-26APR18RUBMED-MED,38,45,37,2900,36,3161,35,8864,34,6944,39,26445,40,20341,41,7432,42,7122,43,40,38.5
2026-04-18 01:05:51 AM,KXATPMATCH-26APR18RUBMED-MED,38,45,37,2900,36,3161,35,8864,34,6944,39,26445,40,20341,41,6899,42,7122,43,40,38.5
2026-04-18 01:05:52 AM,KXATPMATCH-26APR18RUBMED-MED,38,45,37,2900,36,3161,35,8864,34,6944,39,26445,40,21103,41,6899,42,7122,43,40,38.5
2026-04-18 01:05:52 AM,KXATPMATCH-26APR18RUBMED-MED,38,45,37,2900,36,3161,35,8864,34,6944,39,28023,40,21103,41,6899,42,7122,43,40,38.5
2026-04-18 01:05:55 AM,KXATPMATCH-26APR18RUBMED-MED,38,45,37,2900,36,3161,35,8864,34,6944,39,27240,40,21103,41,6899,42,7122,43,40,38.5
2026-04-18 01:05:55 AM,KXATPMATCH-26APR18RUBMED-MED,38,45,37,2900,36,3161,35,8719,34,6944,39,27240,40,21103,41,6899,42,7122,43,40,38.5
2026-04-18 01:05:55 AM,KXATPMATCH-26APR18RUBMED-MED,38,45,37,2900,36,3161,35,8719,34,7744,39,27240,40,21103,41,6899,42,7122,43,40,38.5
2026-04-18 01:05:55 AM,KXATPMATCH-26APR18RUBMED-MED,38,45,37,2900,36,3161,35,8719,34,7744,39,28040,40,21103,41,6899,42,7122,43,40,38.5
2026-04-18 01:06:06 AM,KXATPMATCH-26APR18RUBMED-MED,38,45,37,2900,36,3161,35,8893,34,7744,39,28040,40,21103,41,6899,42,7122,43,40,38.5
2026-04-18 01:06:06 AM,KXATPMATCH-26APR18RUBMED-MED,38,45,37,2900,36,3027,35,8893,34,7744,39,28040,40,21103,41,6899,42,7122,43,40,38.5
2026-04-18 01:06:06 AM,KXATPMATCH-26APR18RUBMED-MED,38,45,37,2900,36,3027,35,8719,34,7744,39,28040,40,21103,41,6899,42,7122,43,40,38.5
2026-04-18 01:06:14 AM,KXATPMATCH-26APR18RUBMED-MED,38,45,37,2900,36,3193,35,8719,34,7744,39,28040,40,21103,41,6899,42,7122,43,40,38.5
2026-04-18 01:06:22 AM,KXATPMATCH-26APR18RUBMED-MED,38,45,37,2900,36,3193,35,8719,34,7744,39,27240,40,21103,41,6899,42,7122,43,40,38.5
2026-04-18 01:06:22 AM,KXATPMATCH-26APR18RUBMED-MED,38,45,37,2900,36,3193,35,8719,34,7744,39,28040,40,21103,41,6899,42,7122,43,40,38.5
2026-04-18 01:06:38 AM,KXATPMATCH-26APR18RUBMED-MED,38,45,37,2900,36,3193,35,8719,34,7744,39,27240,40,21103,41,6899,42,7122,43,40,38.5
2026-04-18 01:06:38 AM,KXATPMATCH-26APR18RUBMED-MED,38,45,37,2900,36,3193,35,8719,34,7744,39,28040,40,21103,41,6899,42,7122,43,40,38.5
2026-04-18 01:08:36 AM,KXATPMATCH-26APR18RUBMED-MED,38,45,37,2900,36,3193,35,8719,34,7744,39,27240,40,21103,41,6899,42,7122,43,40,38.5
2026-04-18 01:08:36 AM,KXATPMATCH-26APR18RUBMED-MED,38,45,37,2900,36,3193,35,8719,34,7744,39,28040,40,21103,41,6899,42,7122,43,40,38.5
2026-04-18 01:08:41 AM,KXATPMATCH-26APR18RUBMED-MED,38,45,37,2900,36,3193,35,8719,34,7744,39,27240,40,21103,41,6899,42,7122,43,40,38.5
2026-04-18 01:08:41 AM,KXATPMATCH-26APR18RUBMED-MED,38,45,37,2900,36,3193,35,8719,34,7744,39,28040,40,21103,41,6899,42,7122,43,40,38.5
2026-04-18 01:11:10 AM,KXATPMATCH-26APR18RUBMED-MED,38,45,37,2900,36,3193,35,8719,34,7744,39,27494,40,21103,41,6899,42,7122,43,40,38.5
2026-04-18 01:11:10 AM,KXATPMATCH-26APR18RUBMED-MED,38,45,37,2900,36,3193,35,8719,34,7744,39,26822,40,21103,41,6899,42,7122,43,40,38.5
2026-04-18 01:11:14 AM,KXATPMATCH-26APR18RUBMED-MED,38,45,37,2900,36,3193,35,8719,34,7744,39,26022,40,21103,41,6899,42,7122,43,40,38.5
2026-04-18 01:11:14 AM,KXATPMATCH-26APR18RUBMED-MED,38,45,37,2900,36,3193,35,8719,34,7744,39,26822,40,21103,41,6899,42,7122,43,40,38.5
2026-04-18 01:11:18 AM,KXATPMATCH-26APR18RUBMED-MED,38,45,37,2900,36,3193,35,8719,34,7744,39,26022,40,21103,41,6899,42,7122,43,40,38.5
2026-04-18 01:11:18 AM,KXATPMATCH-26APR18RUBMED-MED,38,45,37,2900,36,3193,35,8719,34,7744,39,26822,40,21103,41,6899,42,7122,43,40,38.5
2026-04-18 01:11:35 AM,KXATPMATCH-26APR18RUBMED-MED,38,45,37,2900,36,3193,35,8719,34,7744,39,26022,40,21103,41,6899,42,7122,43,40,38.5
2026-04-18 01:11:35 AM,KXATPMATCH-26APR18RUBMED-MED,38,45,37,2900,36,3193,35,8719,34,7744,39,26822,40,21103,41,6899,42,7122,43,40,38.5
2026-04-18 01:11:54 AM,KXATPMATCH-26APR18RUBMED-MED,38,45,37,2900,36,3193,35,8719,34,7744,39,26022,40,21103,41,6899,42,7122,43,40,38.5
2026-04-18 01:11:54 AM,KXATPMATCH-26APR18RUBMED-MED,38,45,37,2900,36,3193,35,8719,34,7744,39,26822,40,21103,41,6899,42,7122,43,40,38.5
2026-04-18 01:12:06 AM,KXATPMATCH-26APR18RUBMED-MED,38,45,37,547,36,3193,35,8719,34,7744,39,28896,40,21099,41,6889,42,7122,43,40,38.5
2026-04-18 01:12:06 AM,KXATPMATCH-26APR18RUBMED-MED,38,45,37,547,36,3193,35,8719,34,7744,39,28096,40,21099,41,6889,42,7122,43,40,38.5
2026-04-18 01:12:06 AM,KXATPMATCH-26APR18RUBMED-MED,38,45,37,547,36,3193,35,8719,34,7744,39,28896,40,21099,41,6889,42,7122,43,40,38.5
2026-04-18 01:12:31 AM,KXATPMATCH-26APR18RUBMED-MED,38,45,37,547,36,3193,35,8719,34,7744,39,28896,40,19433,41,6889,42,7122,43,40,38.5
2026-04-18 01:13:12 AM,KXATPMATCH-26APR18RUBMED-MED,38,45,37,547,36,3193,35,8719,34,7744,39,28096,40,19433,41,6889,42,7122,43,40,38.5
2026-04-18 01:13:12 AM,KXATPMATCH-26APR18RUBMED-MED,38,45,37,547,36,3193,35,8719,34,7744,39,28896,40,19433,41,6889,42,7122,43,40,38.5
2026-04-18 01:13:19 AM,KXATPMATCH-26APR18RUBMED-MED,38,45,37,547,36,3193,35,8719,34,7744,39,28096,40,19433,41,6889,42,7122,43,40,38.5
2026-04-18 01:13:19 AM,KXATPMATCH-26APR18RUBMED-MED,38,45,37,547,36,3193,35,8719,34,7744,39,28896,40,19433,41,6889,42,7122,43,40,38.5
2026-04-18 01:13:37 AM,KXATPMATCH-26APR18RUBMED-MED,38,45,37,547,36,3193,35,8719,34,7744,39,28096,40,19433,41,6889,42,7122,43,40,38.5
2026-04-18 01:13:37 AM,KXATPMATCH-26APR18RUBMED-MED,38,45,37,547,36,3193,35,8719,34,7744,39,28896,40,19433,41,6889,42,7122,43,40,38.5
2026-04-18 01:13:39 AM,KXATPMATCH-26APR18RUBMED-MED,38,45,37,547,36,3193,35,8719,34,7744,39,28096,40,19433,41,6889,42,7122,43,40,38.5
2026-04-18 01:13:39 AM,KXATPMATCH-26APR18RUBMED-MED,38,45,37,547,36,3193,35,8719,34,7744,39,28896,40,19433,41,6889,42,7122,43,40,38.5
2026-04-18 01:14:06 AM,KXATPMATCH-26APR18RUBMED-MED,38,45,37,547,36,3193,35,8719,34,7744,39,28896,40,21099,41,6889,42,7122,43,40,38.5
2026-04-18 01:14:33 AM,KXATPMATCH-26APR18RUBMED-MED,38,45,37,547,36,3193,35,8719,34,7744,39,28096,40,21099,41,6889,42,7122,43,40,38.5
2026-04-18 01:14:33 AM,KXATPMATCH-26APR18RUBMED-MED,38,45,37,547,36,3193,35,8719,34,7744,39,28896,40,21099,41,6889,42,7122,43,40,38.5
2026-04-18 01:14:49 AM,KXATPMATCH-26APR18RUBMED-MED,38,45,37,547,36,3228,35,8719,34,7744,39,28896,40,21099,41,6889,42,7122,43,40,38.5
2026-04-18 01:14:52 AM,KXATPMATCH-26APR18RUBMED-MED,38,45,37,547,36,3228,35,8719,34,7744,39,28096,40,21099,41,6889,42,7122,43,40,38.5
2026-04-18 01:14:52 AM,KXATPMATCH-26APR18RUBMED-MED,38,45,37,547,36,3228,35,8719,34,7744,39,28896,40,21099,41,6889,42,7122,43,40,38.5
2026-04-18 01:15:25 AM,KXATPMATCH-26APR18RUBMED-MED,38,45,37,547,36,3094,35,8719,34,7744,39,28896,40,21099,41,6889,42,7122,43,40,38.5
2026-04-18 01:15:29 AM,KXATPMATCH-26APR18RUBMED-MED,38,45,37,547,36,3094,35,8719,34,7744,39,28096,40,21099,41,6889,42,7122,43,40,38.5
2026-04-18 01:15:29 AM,KXATPMATCH-26APR18RUBMED-MED,38,45,37,547,36,3094,35,8719,34,7744,39,28896,40,21099,41,6889,42,7122,43,40,38.5
2026-04-18 01:16:59 AM,KXATPMATCH-26APR18RUBMED-MED,38,45,37,537,36,3094,35,8719,34,7744,39,28896,40,21099,41,6889,42,7122,43,40,38.5
2026-04-18 01:16:59 AM,KXATPMATCH-26APR18RUBMED-MED,38,45,37,537,36,3104,35,8719,34,7744,39,28896,40,21099,41,6889,42,7122,43,40,38.5
2026-04-18 01:16:59 AM,KXATPMATCH-26APR18RUBMED-MED,38,45,37,537,36,3114,35,8719,34,7744,39,28896,40,21099,41,6889,42,7122,43,40,38.5
2026-04-18 01:17:18 AM,KXATPMATCH-26APR18RUBMED-MED,38,45,37,537,36,3114,35,8719,34,7744,39,28096,40,21099,41,6889,42,7122,43,40,38.5
2026-04-18 01:17:18 AM,KXATPMATCH-26APR18RUBMED-MED,38,45,37,537,36,3114,35,8719,34,7744,39,28896,40,21099,41,6889,42,7122,43,40,38.5
2026-04-18 01:17:29 AM,KXATPMATCH-26APR18RUBMED-MED,38,45,37,537,36,3114,35,8719,34,7744,39,28896,40,21099,41,6889,42,7122,43,40,38.5
2026-04-18 01:17:46 AM,KXATPMATCH-26APR18RUBMED-MED,38,45,37,537,36,3082,35,8719,34,7744,39,28896,40,21099,41,6889,42,7122,43,40,38.5
2026-04-18 01:17:47 AM,KXATPMATCH-26APR18RUBMED-MED,38,45,37,537,36,3089,35,8719,34,7744,39,28896,40,21099,41,6889,42,7122,43,40,38.5
2026-04-18 01:17:48 AM,KXATPMATCH-26APR18RUBMED-MED,38,45,37,537,36,3089,35,8719,34,7744,39,28096,40,21099,41,6889,42,7122,43,40,38.5
2026-04-18 01:17:48 AM,KXATPMATCH-26APR18RUBMED-MED,38,45,37,537,36,3089,35,8719,34,7744,39,28896,40,21099,41,6889,42,7122,43,40,38.5
2026-04-18 01:18:01 AM,KXATPMATCH-26APR18RUBMED-MED,38,45,37,537,36,3089,35,8719,34,7744,39,28096,40,21099,41,6889,42,7122,43,40,38.5
2026-04-18 01:18:01 AM,KXATPMATCH-26APR18RUBMED-MED,38,45,37,537,36,3089,35,8719,34,7744,39,28896,40,21099,41,6889,42,7122,43,40,38.5
2026-04-18 01:18:38 AM,KXATPMATCH-26APR18RUBMED-MED,38,45,37,537,36,3054,35,8719,34,7744,39,28896,40,21099,41,6889,42,7122,43,40,38.5
2026-04-18 01:18:48 AM,KXATPMATCH-26APR18RUBMED-MED,38,45,37,537,36,3054,35,8719,34,7744,39,28896,40,21099,41,7889,42,7122,43,40,38.5
2026-04-18 01:18:55 AM,KXATPMATCH-26APR18RUBMED-MED,38,45,37,537,36,3047,35,8719,34,7744,39,28896,40,21099,41,7889,42,7122,43,40,38.5
2026-04-18 01:18:57 AM,KXATPMATCH-26APR18RUBMED-MED,38,45,37,537,36,3047,35,8719,34,7744,39,28096,40,21099,41,7889,42,7122,43,40,38.5
2026-04-18 01:18:57 AM,KXATPMATCH-26APR18RUBMED-MED,38,45,37,537,36,3047,35,8719,34,7744,39,28896,40,21099,41,7889,42,7122,43,40,38.5
2026-04-18 01:19:06 AM,KXATPMATCH-26APR18RUBMED-MED,38,45,37,537,36,3047,35,8719,34,10028,39,28896,40,21099,41,7889,42,7122,43,40,38.5
2026-04-18 01:19:06 AM,KXATPMATCH-26APR18RUBMED-MED,38,45,37,537,36,2963,35,8719,34,10028,39,28896,40,21099,41,7889,42,7122,43,40,38.5
2026-04-18 01:19:09 AM,KXATPMATCH-26APR18RUBMED-MED,38,45,37,537,36,2963,35,8719,34,10028,39,28096,40,21099,41,7889,42,7122,43,40,38.5
2026-04-18 01:19:09 AM,KXATPMATCH-26APR18RUBMED-MED,38,45,37,537,36,2963,35,8719,34,10028,39,28896,40,21099,41,7889,42,7122,43,40,38.5
2026-04-18 01:19:23 AM,KXATPMATCH-26APR18RUBMED-MED,38,45,37,537,36,2963,35,8719,34,10028,39,28096,40,21099,41,7889,42,7122,43,40,38.5
2026-04-18 01:19:23 AM,KXATPMATCH-26APR18RUBMED-MED,38,45,37,537,36,2963,35,8719,34,10028,39,28896,40,21099,41,7889,42,7122,43,40,38.5
2026-04-18 01:19:31 AM,KXATPMATCH-26APR18RUBMED-MED,38,45,37,537,36,2963,35,8719,34,10028,39,28896,40,26099,41,7889,42,7122,43,40,38.5
2026-04-18 01:19:31 AM,KXATPMATCH-26APR18RUBMED-MED,38,45,37,537,36,2963,35,8719,34,10028,39,28896,40,26099,41,7889,42,2122,43,40,38.5
2026-04-18 01:19:32 AM,KXATPMATCH-26APR18RUBMED-MED,38,45,37,537,36,2963,35,8719,34,10028,39,28096,40,26099,41,7889,42,2122,43,40,38.5
2026-04-18 01:19:32 AM,KXATPMATCH-26APR18RUBMED-MED,38,45,37,537,36,2963,35,8719,34,10028,39,28896,40,26099,41,7889,42,2122,43,40,38.5
2026-04-18 01:19:38 AM,KXATPMATCH-26APR18RUBMED-MED,38,45,37,537,36,2963,35,8719,34,10028,39,28096,40,26099,41,7889,42,2122,43,40,38.5
2026-04-18 01:19:38 AM,KXATPMATCH-26APR18RUBMED-MED,38,45,37,537,36,2963,35,8719,34,10028,39,28896,40,26099,41,7889,42,2122,43,40,38.5
2026-04-18 01:19:49 AM,KXATPMATCH-26APR18RUBMED-MED,38,45,37,537,36,2963,35,8728,34,10028,39,28896,40,26099,41,7889,42,2122,43,40,38.5
2026-04-18 01:19:49 AM,KXATPMATCH-26APR18RUBMED-MED,38,45,37,537,36,2963,35,8728,34,10028,39,32092,40,26099,41,7889,42,2122,43,40,38.5
2026-04-18 01:19:50 AM,KXATPMATCH-26APR18RUBMED-MED,38,45,37,537,36,2963,35,8728,34,10028,39,32092,40,22911,41,7889,42,2122,43,40,38.5
2026-04-18 01:19:51 AM,KXATPMATCH-26APR18RUBMED-MED,38,45,37,537,36,2963,35,8728,34,10028,39,28896,40,22911,41,7889,42,2122,43,40,38.5
2026-04-18 01:19:51 AM,KXATPMATCH-26APR18RUBMED-MED,38,45,37,537,36,3032,35,8728,34,10028,39,28896,40,22911,41,7889,42,2122,43,40,38.5
2026-04-18 01:19:51 AM,KXATPMATCH-26APR18RUBMED-MED,38,45,37,537,36,688,35,8728,34,10028,39,28896,40,22911,41,7889,42,2122,43,40,38.5
2026-04-18 01:19:51 AM,KXATPMATCH-26APR18RUBMED-MED,38,45,37,537,36,382,35,8728,34,10028,39,28896,40,22911,41,7889,42,2122,43,40,38.5
2026-04-18 01:19:51 AM,KXATPMATCH-26APR18RUBMED-MED,38,45,37,537,36,382,35,8728,34,10028,39,28896,40,22911,41,6869,42,2122,43,40,38.5
2026-04-18 01:19:51 AM,KXATPMATCH-26APR18RUBMED-MED,38,45,37,537,36,382,35,8728,34,10028,39,28896,40,22911,41,6869,42,1863,43,40,38.5
2026-04-18 01:19:51 AM,KXATPMATCH-26APR18RUBMED-MED,38,45,37,537,36,364,35,8728,34,10028,39,28896,40,22911,41,6869,42,1863,43,40,38.5
2026-04-18 01:19:51 AM,KXATPMATCH-26APR18RUBMED-MED,38,45,37,537,36,295,35,8728,34,10028,39,28896,40,22911,41,6869,42,1863,43,40,38.5
2026-04-18 01:19:51 AM,KXATPMATCH-26APR18RUBMED-MED,38,45,37,537,36,295,35,8728,34,10156,39,28896,40,22911,41,6869,42,1863,43,40,38.5
2026-04-18 01:19:51 AM,KXATPMATCH-26APR18RUBMED-MED,38,45,37,537,36,285,35,8728,34,10156,39,28896,40,22911,41,6869,42,1863,43,40,38.5
2026-04-18 01:19:51 AM,KXATPMATCH-26APR18RUBMED-MED,38,45,37,537,36,285,35,8728,34,10156,39,28096,40,22911,41,6869,42,1863,43,40,38.5
2026-04-18 01:19:51 AM,KXATPMATCH-26APR18RUBMED-MED,38,45,37,537,36,285,35,8728,34,10156,39,28896,40,22911,41,6869,42,1863,43,40,38.5
2026-04-18 01:19:51 AM,KXATPMATCH-26APR18RUBMED-MED,38,45,37,537,36,285,35,8728,34,10156,39,28896,40,22911,41,6732,42,1863,43,40,38.5
2026-04-18 01:19:51 AM,KXATPMATCH-26APR18RUBMED-MED,38,45,37,537,36,285,35,8728,34,10156,39,28896,40,23046,41,6732,42,1863,43,40,38.5
2026-04-18 01:19:51 AM,KXATPMATCH-26APR18RUBMED-MED,38,45,37,537,36,285,35,8719,34,10156,39,28896,40,23046,41,6732,42,1863,43,40,38.5
2026-04-18 01:19:58 AM,KXATPMATCH-26APR18RUBMED-MED,38,45,37,537,36,285,35,8719,34,10156,39,28896,40,26242,41,6732,42,1863,43,40,38.5
2026-04-18 01:20:02 AM,KXATPMATCH-26APR18RUBMED-MED,38,45,37,537,36,285,35,8719,34,10156,39,28896,40,26107,41,6732,42,1863,43,40,38.5
2026-04-18 01:20:23 AM,KXATPMATCH-26APR18RUBMED-MED,38,45,37,537,36,285,35,8719,34,10156,39,28096,40,26107,41,6732,42,1863,43,40,38.5
2026-04-18 01:20:23 AM,KXATPMATCH-26APR18RUBMED-MED,38,45,37,537,36,285,35,8719,34,10156,39,28896,40,26107,41,6732,42,1863,43,40,38.5
2026-04-18 01:20:25 AM,KXATPMATCH-26APR18RUBMED-MED,38,45,37,537,36,285,35,8719,34,10156,39,28096,40,26107,41,6732,42,1863,43,40,38.5
2026-04-18 01:20:25 AM,KXATPMATCH-26APR18RUBMED-MED,38,45,37,537,36,285,35,8719,34,10156,39,28896,40,26107,41,6732,42,1863,43,40,38.5
2026-04-18 01:20:26 AM,KXATPMATCH-26APR18RUBMED-MED,38,45,37,537,36,285,35,8719,34,10156,39,28896,40,26107,41,6869,42,1863,43,40,38.5
2026-04-18 01:20:26 AM,KXATPMATCH-26APR18RUBMED-MED,38,45,37,537,36,2629,35,8719,34,10156,39,28896,40,26107,41,6869,42,1863,43,40,38.5
2026-04-18 01:20:26 AM,KXATPMATCH-26APR18RUBMED-MED,38,45,37,537,36,2709,35,8719,34,10156,39,28896,40,26107,41,6869,42,1863,43,40,38.5
2026-04-18 01:20:31 AM,KXATPMATCH-26APR18RUBMED-MED,38,45,37,537,36,2709,35,8719,34,10156,39,28895,40,26107,41,6869,42,1863,43,40,38.5
2026-04-18 01:20:32 AM,KXATPMATCH-26APR18RUBMED-MED,38,45,37,537,36,2709,35,8719,34,10156,39,28095,40,26107,41,6869,42,1863,43,40,38.5
2026-04-18 01:20:32 AM,KXATPMATCH-26APR18RUBMED-MED,38,45,37,537,36,2709,35,8719,34,10156,39,28895,40,26107,41,6869,42,1863,43,40,38.5
2026-04-18 01:21:10 AM,KXATPMATCH-26APR18RUBMED-MED,38,45,37,537,36,2709,35,8719,34,10156,39,28095,40,26107,41,6869,42,1863,43,40,38.5
2026-04-18 01:21:10 AM,KXATPMATCH-26APR18RUBMED-MED,38,45,37,537,36,2709,35,8719,34,10156,39,28895,40,26107,41,6869,42,1863,43,40,38.5
2026-04-18 01:21:35 AM,KXATPMATCH-26APR18RUBMED-MED,38,45,37,537,36,2709,35,8719,34,10156,39,28095,40,26107,41,6869,42,1863,43,40,38.5
2026-04-18 01:21:35 AM,KXATPMATCH-26APR18RUBMED-MED,38,45,37,537,36,2709,35,8719,34,10156,39,28895,40,26107,41,6869,42,1863,43,40,38.5
2026-04-18 01:22:02 AM,KXATPMATCH-26APR18RUBMED-MED,38,45,37,537,36,2709,35,8719,34,10156,39,28095,40,26107,41,6869,42,1863,43,40,38.5
2026-04-18 01:22:02 AM,KXATPMATCH-26APR18RUBMED-MED,38,45,37,537,36,2709,35,8719,34,10156,39,28895,40,26107,41,6869,42,1863,43,40,38.5
2026-04-18 01:22:07 AM,KXATPMATCH-26APR18RUBMED-MED,38,45,37,537,36,2709,35,8719,34,10156,39,28895,40,30937,41,6869,42,1863,43,40,38.5
2026-04-18 01:22:25 AM,KXATPMATCH-26APR18RUBMED-MED,38,45,37,537,36,2709,35,8719,34,10156,39,28848,40,30937,41,6869,42,1863,43,40,38.5
2026-04-18 01:22:26 AM,KXATPMATCH-26APR18RUBMED-MED,38,45,37,537,36,2709,35,8719,34,10156,39,28048,40,30937,41,6869,42,1863,43,40,38.5
2026-04-18 01:22:26 AM,KXATPMATCH-26APR18RUBMED-MED,38,45,37,537,36,2709,35,8719,34,10156,39,28848,40,30937,41,6869,42,1863,43,40,38.5
2026-04-18 01:23:18 AM,KXATPMATCH-26APR18RUBMED-MED,38,45,37,537,36,2709,35,8719,34,10156,39,28048,40,30937,41,6869,42,1863,43,40,38.5
2026-04-18 01:23:18 AM,KXATPMATCH-26APR18RUBMED-MED,38,45,37,537,36,2709,35,8719,34,10156,39,28848,40,30937,41,6869,42,1863,43,40,38.5
2026-04-18 01:23:33 AM,KXATPMATCH-26APR18RUBMED-MED,38,45,37,537,36,2709,35,8719,34,10156,39,28048,40,30937,41,6869,42,1863,43,40,38.5
2026-04-18 01:23:33 AM,KXATPMATCH-26APR18RUBMED-MED,38,45,37,537,36,2709,35,8719,34,10156,39,28848,40,30937,41,6869,42,1863,43,40,38.5
2026-04-18 01:24:19 AM,KXATPMATCH-26APR18RUBMED-MED,38,45,37,537,36,2709,35,8719,34,10156,39,28048,40,30937,41,6869,42,1863,43,40,38.5
2026-04-18 01:24:19 AM,KXATPMATCH-26APR18RUBMED-MED,38,45,37,537,36,2709,35,8719,34,10156,39,28848,40,30937,41,6869,42,1863,43,40,38.5
2026-04-18 01:25:44 AM,KXATPMATCH-26APR18RUBMED-MED,38,45,37,537,36,2709,35,8719,34,10156,39,28848,40,26107,41,6869,42,1863,43,40,38.5
2026-04-18 01:25:44 AM,KXATPMATCH-26APR18RUBMED-MED,38,45,37,537,36,2709,35,8719,34,10156,39,28848,40,30943,41,6869,42,1863,43,40,38.5
2026-04-18 01:25:47 AM,KXATPMATCH-26APR18RUBMED-MED,38,45,37,537,36,2709,35,8719,34,10156,39,28848,40,26107,41,6869,42,1863,43,40,38.5
2026-04-18 01:25:47 AM,KXATPMATCH-26APR18RUBMED-MED,38,45,37,537,36,2709,35,8719,34,10156,39,28848,40,30888,41,6869,42,1863,43,40,38.5
2026-04-18 01:25:47 AM,KXATPMATCH-26APR18RUBMED-MED,38,45,37,537,36,2709,35,8719,34,10156,39,28848,40,26107,41,6869,42,1863,43,40,38.5
2026-04-18 01:25:48 AM,KXATPMATCH-26APR18RUBMED-MED,38,45,37,537,36,2709,35,8719,34,10156,39,28848,40,30943,41,6869,42,1863,43,40,38.5
2026-04-18 01:25:49 AM,KXATPMATCH-26APR18RUBMED-MED,38,45,37,537,36,2709,35,8719,34,10156,39,28048,40,30943,41,6869,42,1863,43,40,38.5
2026-04-18 01:25:49 AM,KXATPMATCH-26APR18RUBMED-MED,38,45,37,537,36,2709,35,8719,34,10156,39,28848,40,30943,41,6869,42,1863,43,40,38.5
2026-04-18 01:26:05 AM,KXATPMATCH-26APR18RUBMED-MED,38,45,37,537,36,2709,35,8719,34,10156,39,28048,40,30943,41,6869,42,1863,43,40,38.5
