ts_et,ticker,bid_1,bid_1_sz,bid_2,bid_2_sz,bid_3,bid_3_sz,bid_4,bid_4_sz,bid_5,bid_5_sz,ask_1,ask_1_sz,ask_2,ask_2_sz,ask_3,ask_3_sz,ask_4,ask_4_sz,ask_5,ask_5_sz,mid
2026-04-18 01:52:44 AM,KXATPCHALLENGERMATCH-26APR18BRORIE-RIE,4,500,1,1255,,,,,,,96,500,97,10,99,1250,,,,,50.0
2026-04-18 01:53:17 AM,KXATPCHALLENGERMATCH-26APR18BRORIE-RIE,4,500,1,1255,,,,,,,96,500,97,10,99,1251,,,,,50.0
2026-04-18 01:54:42 AM,KXATPCHALLENGERMATCH-26APR18BRORIE-RIE,4,500,1,1255,,,,,,,96,500,97,10,98,3,99,1251,,,50.0
2026-04-18 01:54:46 AM,KXATPCHALLENGERMATCH-26APR18BRORIE-RIE,4,500,1,3255,,,,,,,96,500,97,10,98,3,99,1251,,,50.0
2026-04-18 02:00:04 AM,KXATPCHALLENGERMATCH-26APR18BRORIE-RIE,4,600,1,3255,,,,,,,96,500,97,10,98,3,99,1251,,,50.0
2026-04-18 02:00:05 AM,KXATPCHALLENGERMATCH-26APR18BRORIE-RIE,4,500,1,3255,,,,,,,96,500,97,10,98,3,99,1251,,,50.0
2026-04-18 02:02:14 AM,KXATPCHALLENGERMATCH-26APR18BRORIE-RIE,4,500,1,3255,,,,,,,94,350,96,500,97,10,98,3,99,1251,49.0
2026-04-18 02:08:47 AM,KXATPCHALLENGERMATCH-26APR18BRORIE-RIE,4,500,1,3255,,,,,,,94,350,96,500,97,12,98,3,99,1251,49.0
2026-04-18 02:13:26 AM,KXATPCHALLENGERMATCH-26APR18BRORIE-RIE,4,500,1,3255,,,,,,,94,349,96,500,97,12,98,3,99,1251,49.0
2026-04-18 02:13:28 AM,KXATPCHALLENGERMATCH-26APR18BRORIE-RIE,4,500,1,3255,,,,,,,94,348,96,500,97,12,98,3,99,1251,49.0
2026-04-18 02:13:32 AM,KXATPCHALLENGERMATCH-26APR18BRORIE-RIE,4,500,1,3257,,,,,,,94,348,96,500,97,12,98,3,99,1251,49.0
2026-04-18 02:14:06 AM,KXATPCHALLENGERMATCH-26APR18BRORIE-RIE,4,498,1,3257,,,,,,,94,348,96,500,97,12,98,3,99,1251,49.0
2026-04-18 02:14:07 AM,KXATPCHALLENGERMATCH-26APR18BRORIE-RIE,4,498,1,3257,,,,,,,94,348,96,500,97,12,98,3,99,1253,49.0
2026-04-18 02:15:06 AM,KXATPCHALLENGERMATCH-26APR18BRORIE-RIE,4,498,1,3257,,,,,,,94,348,96,500,97,12,98,3,99,1251,49.0
2026-04-18 02:15:47 AM,KXATPCHALLENGERMATCH-26APR18BRORIE-RIE,49,400,4,498,1,3257,,,,,94,348,96,500,97,12,98,3,99,1251,71.5
2026-04-18 02:15:55 AM,KXATPCHALLENGERMATCH-26APR18BRORIE-RIE,49,400,4,498,1,3257,,,,,93,20,94,348,96,500,97,12,98,3,71.0
2026-04-18 02:16:06 AM,KXATPCHALLENGERMATCH-26APR18BRORIE-RIE,49,400,4,498,1,3257,,,,,94,348,96,500,97,12,98,3,99,1251,71.5
2026-04-18 02:16:47 AM,KXATPCHALLENGERMATCH-26APR18BRORIE-RIE,49,400,4,498,1,3252,,,,,94,348,96,500,97,12,98,3,99,1251,71.5
2026-04-18 02:20:54 AM,KXATPCHALLENGERMATCH-26APR18BRORIE-RIE,4,498,1,3252,,,,,,,94,348,96,500,97,12,98,3,99,1251,49.0
2026-04-18 02:20:57 AM,KXATPCHALLENGERMATCH-26APR18BRORIE-RIE,50,400,4,498,1,3252,,,,,94,348,96,500,97,12,98,3,99,1251,72.0
2026-04-18 02:33:30 AM,KXATPCHALLENGERMATCH-26APR18BRORIE-RIE,4,498,1,3252,,,,,,,94,348,96,500,97,12,98,3,99,1251,49.0
2026-04-18 02:33:35 AM,KXATPCHALLENGERMATCH-26APR18BRORIE-RIE,55,400,4,498,1,3252,,,,,94,348,96,500,97,12,98,3,99,1251,74.5
2026-04-18 02:35:24 AM,KXATPCHALLENGERMATCH-26APR18BRORIE-RIE,55,410,4,498,1,3252,,,,,94,348,96,500,97,12,98,3,99,1251,74.5
2026-04-18 02:35:24 AM,KXATPCHALLENGERMATCH-26APR18BRORIE-RIE,55,420,4,498,1,3252,,,,,94,348,96,500,97,12,98,3,99,1251,74.5
2026-04-18 02:35:24 AM,KXATPCHALLENGERMATCH-26APR18BRORIE-RIE,55,420,4,498,1,3252,,,,,59,10,94,348,96,500,97,12,98,3,57.0
2026-04-18 02:35:24 AM,KXATPCHALLENGERMATCH-26APR18BRORIE-RIE,55,420,4,498,1,3252,,,,,59,20,94,348,96,500,97,12,98,3,57.0
2026-04-18 02:35:34 AM,KXATPCHALLENGERMATCH-26APR18BRORIE-RIE,55,420,5,5256,4,498,1,3252,,,59,20,94,348,96,500,97,12,98,3,57.0
2026-04-18 02:35:34 AM,KXATPCHALLENGERMATCH-26APR18BRORIE-RIE,55,420,5,5256,4,498,1,3252,,,59,20,93,143,94,348,96,500,97,12,57.0
2026-04-18 02:36:34 AM,KXATPCHALLENGERMATCH-26APR18BRORIE-RIE,55,420,5,5256,4,498,1,3252,,,59,20,71,24,93,143,94,348,96,500,57.0
2026-04-18 02:36:35 AM,KXATPCHALLENGERMATCH-26APR18BRORIE-RIE,55,420,5,5256,4,498,1,3252,,,59,20,71,24,74,64,93,143,94,348,57.0
2026-04-18 02:36:35 AM,KXATPCHALLENGERMATCH-26APR18BRORIE-RIE,55,420,5,5256,4,498,1,3252,,,59,20,71,24,74,64,79,88,93,143,57.0
2026-04-18 02:36:35 AM,KXATPCHALLENGERMATCH-26APR18BRORIE-RIE,55,420,5,5256,4,498,1,3252,,,59,20,71,24,74,64,79,88,84,88,57.0
2026-04-18 02:36:54 AM,KXATPCHALLENGERMATCH-26APR18BRORIE-RIE,55,420,5,5256,4,498,1,3252,,,59,20,71,24,74,64,79,88,84,89,57.0
2026-04-18 02:39:01 AM,KXATPCHALLENGERMATCH-26APR18BRORIE-RIE,55,420,5,5256,4,498,1,3252,,,59,20,70,33,71,24,74,64,79,88,57.0
2026-04-18 02:39:01 AM,KXATPCHALLENGERMATCH-26APR18BRORIE-RIE,55,420,5,5256,4,498,1,3252,,,59,20,70,33,71,24,74,64,75,33,57.0
2026-04-18 02:39:25 AM,KXATPCHALLENGERMATCH-26APR18BRORIE-RIE,55,420,5,5256,4,498,1,3252,,,59,20,65,800,70,33,71,24,74,64,57.0
2026-04-18 02:39:41 AM,KXATPCHALLENGERMATCH-26APR18BRORIE-RIE,55,420,5,5256,4,498,1,3252,,,59,10,65,800,70,33,71,24,74,64,57.0
2026-04-18 02:39:41 AM,KXATPCHALLENGERMATCH-26APR18BRORIE-RIE,55,420,5,5256,4,498,1,3252,,,59,4,65,800,70,33,71,24,74,64,57.0
2026-04-18 02:40:22 AM,KXATPCHALLENGERMATCH-26APR18BRORIE-RIE,55,420,5,5256,4,498,1,3252,,,59,3,65,800,70,33,71,24,74,64,57.0
2026-04-18 02:40:39 AM,KXATPCHALLENGERMATCH-26APR18BRORIE-RIE,55,420,5,5256,4,498,1,3252,,,59,43,65,800,70,33,71,24,74,64,57.0
2026-04-18 02:40:40 AM,KXATPCHALLENGERMATCH-26APR18BRORIE-RIE,55,420,5,5256,4,498,1,3252,,,59,42,65,800,70,33,71,24,74,64,57.0
2026-04-18 02:41:50 AM,KXATPCHALLENGERMATCH-26APR18BRORIE-RIE,55,420,5,5256,4,498,1,3252,,,59,40,65,800,70,33,71,24,74,64,57.0
2026-04-18 02:41:50 AM,KXATPCHALLENGERMATCH-26APR18BRORIE-RIE,57,10,55,420,5,5256,4,498,1,3252,59,40,65,800,70,33,71,24,74,64,58.0
2026-04-18 02:42:07 AM,KXATPCHALLENGERMATCH-26APR18BRORIE-RIE,57,10,55,420,5,5256,4,498,1,4752,59,40,65,800,70,33,71,24,74,64,58.0
2026-04-18 02:42:07 AM,KXATPCHALLENGERMATCH-26APR18BRORIE-RIE,57,10,55,420,5,5256,4,498,2,900,59,40,65,800,70,33,71,24,74,64,58.0
2026-04-18 02:42:08 AM,KXATPCHALLENGERMATCH-26APR18BRORIE-RIE,57,10,55,420,5,5256,4,498,3,540,59,40,65,800,70,33,71,24,74,64,58.0
2026-04-18 02:42:08 AM,KXATPCHALLENGERMATCH-26APR18BRORIE-RIE,57,10,55,420,5,5256,4,821,3,540,59,40,65,800,70,33,71,24,74,64,58.0
2026-04-18 02:42:10 AM,KXATPCHALLENGERMATCH-26APR18BRORIE-RIE,57,10,55,420,5,5450,4,821,3,540,59,40,65,800,70,33,71,24,74,64,58.0
2026-04-18 02:42:10 AM,KXATPCHALLENGERMATCH-26APR18BRORIE-RIE,57,10,55,420,6,116,5,5450,4,821,59,40,65,800,70,33,71,24,74,64,58.0
2026-04-18 02:44:34 AM,KXATPCHALLENGERMATCH-26APR18BRORIE-RIE,57,10,55,420,6,116,5,5450,4,821,65,800,70,33,71,24,74,64,75,33,61.0
2026-04-18 02:44:34 AM,KXATPCHALLENGERMATCH-26APR18BRORIE-RIE,57,10,55,420,6,116,5,5450,4,821,70,33,71,24,74,64,75,33,79,88,63.5
2026-04-18 02:44:34 AM,KXATPCHALLENGERMATCH-26APR18BRORIE-RIE,57,10,55,420,6,116,5,5450,4,821,69,1333,70,33,71,24,74,64,75,33,63.0
2026-04-18 02:44:34 AM,KXATPCHALLENGERMATCH-26APR18BRORIE-RIE,57,10,55,420,6,116,5,5450,4,821,64,6,69,1333,70,33,71,24,74,64,60.5
2026-04-18 02:44:34 AM,KXATPCHALLENGERMATCH-26APR18BRORIE-RIE,57,10,55,420,6,116,5,5450,4,821,64,132,69,1333,70,33,71,24,74,64,60.5
2026-04-18 02:44:34 AM,KXATPCHALLENGERMATCH-26APR18BRORIE-RIE,57,10,55,420,6,116,5,5450,4,821,64,132,70,33,71,24,74,64,75,33,60.5
2026-04-18 02:44:34 AM,KXATPCHALLENGERMATCH-26APR18BRORIE-RIE,57,10,55,420,6,116,5,5450,4,821,64,132,65,800,70,33,71,24,74,64,60.5
2026-04-18 02:46:08 AM,KXATPCHALLENGERMATCH-26APR18BRORIE-RIE,57,10,55,420,6,116,5,5450,4,821,64,131,65,800,70,33,71,24,74,64,60.5
2026-04-18 02:46:08 AM,KXATPCHALLENGERMATCH-26APR18BRORIE-RIE,57,10,55,420,6,116,5,5450,4,821,64,126,65,800,70,33,71,24,74,64,60.5
2026-04-18 02:46:08 AM,KXATPCHALLENGERMATCH-26APR18BRORIE-RIE,57,10,55,420,6,116,5,5450,4,821,63,5,64,126,65,800,70,33,71,24,60.0
2026-04-18 02:47:13 AM,KXATPCHALLENGERMATCH-26APR18BRORIE-RIE,57,10,55,420,6,116,5,5450,4,821,64,126,65,800,70,33,71,24,74,64,60.5
2026-04-18 02:47:13 AM,KXATPCHALLENGERMATCH-26APR18BRORIE-RIE,57,10,55,420,6,116,5,5450,4,821,64,126,70,33,71,24,74,64,75,33,60.5
2026-04-18 02:47:13 AM,KXATPCHALLENGERMATCH-26APR18BRORIE-RIE,57,10,55,420,6,116,5,5450,4,821,64,126,69,800,70,33,71,24,74,64,60.5
2026-04-18 02:47:13 AM,KXATPCHALLENGERMATCH-26APR18BRORIE-RIE,57,10,55,420,6,116,5,5450,4,821,69,800,70,33,71,24,74,64,75,33,63.0
2026-04-18 02:47:13 AM,KXATPCHALLENGERMATCH-26APR18BRORIE-RIE,57,10,55,420,6,116,5,5450,4,821,69,926,70,33,71,24,74,64,75,33,63.0
2026-04-18 02:47:13 AM,KXATPCHALLENGERMATCH-26APR18BRORIE-RIE,57,10,55,420,6,116,5,5450,4,821,69,126,70,33,71,24,74,64,75,33,63.0
2026-04-18 02:47:13 AM,KXATPCHALLENGERMATCH-26APR18BRORIE-RIE,57,10,55,420,6,116,5,5450,4,821,69,126,70,33,71,824,74,64,75,33,63.0
2026-04-18 02:47:41 AM,KXATPCHALLENGERMATCH-26APR18BRORIE-RIE,57,10,55,410,6,116,5,5450,4,821,69,126,70,33,71,824,74,64,75,33,63.0
2026-04-18 02:47:41 AM,KXATPCHALLENGERMATCH-26APR18BRORIE-RIE,57,10,55,400,6,116,5,5450,4,821,69,126,70,33,71,824,74,64,75,33,63.0
2026-04-18 02:47:41 AM,KXATPCHALLENGERMATCH-26APR18BRORIE-RIE,58,10,57,10,55,400,6,116,5,5450,69,126,70,33,71,824,74,64,75,33,63.5
2026-04-18 02:47:41 AM,KXATPCHALLENGERMATCH-26APR18BRORIE-RIE,58,20,57,10,55,400,6,116,5,5450,69,126,70,33,71,824,74,64,75,33,63.5
2026-04-18 02:47:41 AM,KXATPCHALLENGERMATCH-26APR18BRORIE-RIE,58,20,55,400,6,116,5,5450,4,821,69,126,70,33,71,824,74,64,75,33,63.5
2026-04-18 02:47:41 AM,KXATPCHALLENGERMATCH-26APR18BRORIE-RIE,60,10,58,20,55,400,6,116,5,5450,69,126,70,33,71,824,74,64,75,33,64.5
2026-04-18 02:47:42 AM,KXATPCHALLENGERMATCH-26APR18BRORIE-RIE,60,10,58,20,55,400,6,116,5,5450,69,126,70,33,71,24,74,64,75,33,64.5
2026-04-18 02:47:42 AM,KXATPCHALLENGERMATCH-26APR18BRORIE-RIE,60,10,58,20,55,400,6,116,5,5450,69,926,70,33,71,24,74,64,75,33,64.5
2026-04-18 02:47:42 AM,KXATPCHALLENGERMATCH-26APR18BRORIE-RIE,60,10,58,20,55,400,6,116,5,5450,68,8,69,926,70,33,71,24,74,64,64.0
2026-04-18 02:47:42 AM,KXATPCHALLENGERMATCH-26APR18BRORIE-RIE,60,10,58,20,55,400,6,116,5,5450,68,37,69,926,70,33,71,24,74,64,64.0
2026-04-18 02:48:48 AM,KXATPCHALLENGERMATCH-26APR18BRORIE-RIE,60,10,58,20,55,400,6,116,5,5450,69,926,70,33,71,24,74,64,75,33,64.5
2026-04-18 02:48:48 AM,KXATPCHALLENGERMATCH-26APR18BRORIE-RIE,60,10,58,20,55,400,6,116,5,5450,69,126,70,33,71,24,74,64,75,33,64.5
2026-04-18 02:48:48 AM,KXATPCHALLENGERMATCH-26APR18BRORIE-RIE,60,10,58,20,55,400,6,116,5,5450,69,126,70,33,71,824,74,64,75,33,64.5
2026-04-18 02:49:13 AM,KXATPCHALLENGERMATCH-26APR18BRORIE-RIE,60,10,58,20,55,400,6,116,5,5450,69,26,70,33,71,824,74,64,75,33,64.5
2026-04-18 02:51:01 AM,KXATPCHALLENGERMATCH-26APR18BRORIE-RIE,60,10,58,20,55,400,6,116,5,5450,68,8,69,26,70,33,71,824,74,64,64.0
2026-04-18 02:51:01 AM,KXATPCHALLENGERMATCH-26APR18BRORIE-RIE,60,10,58,20,55,400,6,116,5,5450,68,8,69,26,70,33,71,24,74,64,64.0
2026-04-18 02:51:01 AM,KXATPCHALLENGERMATCH-26APR18BRORIE-RIE,60,10,58,20,55,400,6,116,5,5450,68,8,69,930,70,33,71,24,74,64,64.0
2026-04-18 02:51:01 AM,KXATPCHALLENGERMATCH-26APR18BRORIE-RIE,60,10,58,20,55,400,6,116,5,5450,68,37,69,930,70,33,71,24,74,64,64.0
2026-04-18 02:51:02 AM,KXATPCHALLENGERMATCH-26APR18BRORIE-RIE,60,10,58,20,55,400,6,116,5,5450,68,37,69,26,70,33,71,24,74,64,64.0
2026-04-18 02:51:02 AM,KXATPCHALLENGERMATCH-26APR18BRORIE-RIE,60,10,58,20,55,400,6,116,5,5450,67,904,68,37,69,26,70,33,71,24,63.5
2026-04-18 02:51:02 AM,KXATPCHALLENGERMATCH-26APR18BRORIE-RIE,60,10,58,20,55,400,6,116,5,5450,67,904,69,26,70,33,71,24,74,64,63.5
2026-04-18 02:51:02 AM,KXATPCHALLENGERMATCH-26APR18BRORIE-RIE,60,10,58,20,55,400,6,116,5,5450,66,23,67,904,69,26,70,33,71,24,63.0
2026-04-18 02:51:02 AM,KXATPCHALLENGERMATCH-26APR18BRORIE-RIE,60,10,58,20,55,400,6,116,5,5450,66,23,67,904,70,33,71,24,74,64,63.0
2026-04-18 02:51:02 AM,KXATPCHALLENGERMATCH-26APR18BRORIE-RIE,60,10,58,20,55,400,6,116,5,5450,66,28,67,904,70,33,71,24,74,64,63.0
2026-04-18 02:52:02 AM,KXATPCHALLENGERMATCH-26APR18BRORIE-RIE,60,10,58,20,55,400,6,116,5,5450,66,225,67,904,70,33,71,24,74,64,63.0
2026-04-18 02:52:21 AM,KXATPCHALLENGERMATCH-26APR18BRORIE-RIE,60,10,58,20,55,400,6,116,5,5450,66,197,67,904,70,33,71,24,74,64,63.0
2026-04-18 02:52:21 AM,KXATPCHALLENGERMATCH-26APR18BRORIE-RIE,60,10,58,20,55,400,6,116,5,5450,66,177,67,904,70,33,71,24,74,64,63.0
2026-04-18 02:52:21 AM,KXATPCHALLENGERMATCH-26APR18BRORIE-RIE,60,10,58,20,55,400,6,116,5,5450,65,17,66,177,67,904,70,33,71,24,62.5
2026-04-18 02:52:21 AM,KXATPCHALLENGERMATCH-26APR18BRORIE-RIE,60,10,58,20,55,400,6,116,5,5450,66,177,67,904,70,33,71,24,74,64,63.0
2026-04-18 02:52:21 AM,KXATPCHALLENGERMATCH-26APR18BRORIE-RIE,60,10,58,20,55,400,6,116,5,5450,66,177,70,33,71,24,74,64,75,33,63.0
2026-04-18 02:52:21 AM,KXATPCHALLENGERMATCH-26APR18BRORIE-RIE,60,10,58,20,55,400,6,116,5,5450,66,177,69,904,70,33,71,24,74,64,63.0
2026-04-18 02:52:21 AM,KXATPCHALLENGERMATCH-26APR18BRORIE-RIE,60,10,58,20,55,400,6,116,5,5450,69,904,70,33,71,24,74,64,75,33,64.5
2026-04-18 02:52:21 AM,KXATPCHALLENGERMATCH-26APR18BRORIE-RIE,60,10,58,20,55,400,6,116,5,5450,69,1081,70,33,71,24,74,64,75,33,64.5
2026-04-18 02:52:21 AM,KXATPCHALLENGERMATCH-26APR18BRORIE-RIE,60,10,58,20,55,400,6,116,5,5450,68,10,69,1081,70,33,71,24,74,64,64.0
2026-04-18 02:52:21 AM,KXATPCHALLENGERMATCH-26APR18BRORIE-RIE,60,10,58,20,55,400,6,116,5,5450,68,37,69,1081,70,33,71,24,74,64,64.0
2026-04-18 02:52:58 AM,KXATPCHALLENGERMATCH-26APR18BRORIE-RIE,60,10,58,20,55,400,6,116,5,5450,69,1081,70,33,71,24,74,64,75,33,64.5
2026-04-18 02:52:58 AM,KXATPCHALLENGERMATCH-26APR18BRORIE-RIE,58,20,55,400,6,116,5,5450,4,821,69,1081,70,33,71,24,74,64,75,33,63.5
2026-04-18 02:52:58 AM,KXATPCHALLENGERMATCH-26APR18BRORIE-RIE,58,10,55,400,6,116,5,5450,4,821,69,1081,70,33,71,24,74,64,75,33,63.5
2026-04-18 02:52:58 AM,KXATPCHALLENGERMATCH-26APR18BRORIE-RIE,58,9,55,400,6,116,5,5450,4,821,69,1081,70,33,71,24,74,64,75,33,63.5
2026-04-18 02:52:58 AM,KXATPCHALLENGERMATCH-26APR18BRORIE-RIE,58,9,55,400,6,116,5,5450,4,821,68,10,69,1081,70,33,71,24,74,64,63.0
2026-04-18 02:52:58 AM,KXATPCHALLENGERMATCH-26APR18BRORIE-RIE,58,9,55,400,6,116,5,5450,4,821,68,37,69,1081,70,33,71,24,74,64,63.0
2026-04-18 02:53:28 AM,KXATPCHALLENGERMATCH-26APR18BRORIE-RIE,58,9,55,400,6,116,5,5450,4,821,68,36,69,1081,70,33,71,24,74,64,63.0
2026-04-18 02:53:28 AM,KXATPCHALLENGERMATCH-26APR18BRORIE-RIE,58,9,55,400,6,116,5,5450,4,821,69,1081,70,33,71,24,74,64,75,33,63.5
2026-04-18 02:54:12 AM,KXATPCHALLENGERMATCH-26APR18BRORIE-RIE,58,19,55,400,6,116,5,5450,4,821,69,1081,70,33,71,24,74,64,75,33,63.5
2026-04-18 02:54:13 AM,KXATPCHALLENGERMATCH-26APR18BRORIE-RIE,58,19,55,400,6,116,5,5450,4,821,63,10,69,1081,70,33,71,24,74,64,60.5
2026-04-18 02:54:13 AM,KXATPCHALLENGERMATCH-26APR18BRORIE-RIE,58,19,55,400,6,116,5,5450,4,821,63,20,69,1081,70,33,71,24,74,64,60.5
2026-04-18 02:54:26 AM,KXATPCHALLENGERMATCH-26APR18BRORIE-RIE,58,19,55,400,6,116,5,5450,4,821,63,10,69,1081,70,33,71,24,74,64,60.5
2026-04-18 02:54:26 AM,KXATPCHALLENGERMATCH-26APR18BRORIE-RIE,58,19,55,400,6,116,5,5450,4,821,69,1081,70,33,71,24,74,64,75,33,63.5
2026-04-18 02:54:26 AM,KXATPCHALLENGERMATCH-26APR18BRORIE-RIE,58,19,55,400,6,116,5,5450,4,821,69,493,70,33,71,24,74,64,75,33,63.5
2026-04-18 02:54:26 AM,KXATPCHALLENGERMATCH-26APR18BRORIE-RIE,58,19,55,400,6,116,5,5450,4,821,69,178,70,33,71,24,74,64,75,33,63.5
2026-04-18 02:54:26 AM,KXATPCHALLENGERMATCH-26APR18BRORIE-RIE,58,19,55,400,6,116,5,5450,4,821,69,178,70,33,71,24,72,819,74,64,63.5
2026-04-18 02:54:34 AM,KXATPCHALLENGERMATCH-26APR18BRORIE-RIE,60,100,58,19,55,400,6,116,5,5450,69,178,70,33,71,24,72,819,74,64,64.5
2026-04-18 02:55:23 AM,KXATPCHALLENGERMATCH-26APR18BRORIE-RIE,60,100,58,19,55,400,6,116,5,5450,69,151,70,33,71,24,72,819,74,64,64.5
2026-04-18 02:55:25 AM,KXATPCHALLENGERMATCH-26APR18BRORIE-RIE,60,79,58,19,55,400,6,116,5,5450,69,151,70,33,71,24,72,819,74,64,64.5
2026-04-18 02:55:31 AM,KXATPCHALLENGERMATCH-26APR18BRORIE-RIE,60,79,58,19,55,400,6,116,5,5450,69,51,70,33,71,24,72,819,74,64,64.5
2026-04-18 02:55:31 AM,KXATPCHALLENGERMATCH-26APR18BRORIE-RIE,60,79,58,19,55,400,6,116,5,5450,69,55,70,33,71,24,72,819,74,64,64.5
2026-04-18 02:55:37 AM,KXATPCHALLENGERMATCH-26APR18BRORIE-RIE,60,58,58,19,55,400,6,116,5,5450,69,55,70,33,71,24,72,819,74,64,64.5
2026-04-18 02:55:44 AM,KXATPCHALLENGERMATCH-26APR18BRORIE-RIE,60,58,58,19,55,400,6,116,5,5450,68,9,69,55,70,33,71,24,72,819,64.0
2026-04-18 02:55:44 AM,KXATPCHALLENGERMATCH-26APR18BRORIE-RIE,60,58,58,19,55,400,6,116,5,5450,68,37,69,55,70,33,71,24,72,819,64.0
2026-04-18 02:55:44 AM,KXATPCHALLENGERMATCH-26APR18BRORIE-RIE,60,58,58,19,55,400,6,116,5,5450,68,37,69,51,70,33,71,24,72,819,64.0
2026-04-18 02:55:44 AM,KXATPCHALLENGERMATCH-26APR18BRORIE-RIE,60,58,58,19,55,400,6,116,5,5450,68,37,69,51,70,33,71,24,74,64,64.0
2026-04-18 02:55:44 AM,KXATPCHALLENGERMATCH-26APR18BRORIE-RIE,60,58,58,19,55,400,6,116,5,5450,68,37,69,51,70,852,71,24,74,64,64.0
2026-04-18 02:55:45 AM,KXATPCHALLENGERMATCH-26APR18BRORIE-RIE,60,58,58,19,55,400,6,116,5,5450,68,41,69,51,70,852,71,24,74,64,64.0
2026-04-18 02:55:54 AM,KXATPCHALLENGERMATCH-26APR18BRORIE-RIE,60,37,58,19,55,400,6,116,5,5450,68,41,69,51,70,852,71,24,74,64,64.0
2026-04-18 02:55:54 AM,KXATPCHALLENGERMATCH-26APR18BRORIE-RIE,60,37,58,19,55,400,6,116,5,5450,68,4,69,51,70,852,71,24,74,64,64.0
2026-04-18 02:55:54 AM,KXATPCHALLENGERMATCH-26APR18BRORIE-RIE,60,37,58,19,55,400,6,116,5,5450,67,15,68,4,69,51,70,852,71,24,63.5
2026-04-18 02:55:54 AM,KXATPCHALLENGERMATCH-26APR18BRORIE-RIE,60,37,58,19,55,400,6,116,5,5450,67,36,68,4,69,51,70,852,71,24,63.5
2026-04-18 02:55:54 AM,KXATPCHALLENGERMATCH-26APR18BRORIE-RIE,60,37,58,19,55,400,6,116,5,5450,67,36,69,51,70,852,71,24,74,64,63.5
2026-04-18 02:56:01 AM,KXATPCHALLENGERMATCH-26APR18BRORIE-RIE,60,16,58,19,55,400,6,116,5,5450,67,36,69,51,70,852,71,24,74,64,63.5
2026-04-18 02:56:01 AM,KXATPCHALLENGERMATCH-26APR18BRORIE-RIE,60,16,58,19,55,400,6,116,5,5450,69,51,70,852,71,24,74,64,75,33,64.5
2026-04-18 02:56:01 AM,KXATPCHALLENGERMATCH-26APR18BRORIE-RIE,60,16,58,19,55,400,6,116,5,5450,68,37,69,51,70,852,71,24,74,64,64.0
2026-04-18 02:56:10 AM,KXATPCHALLENGERMATCH-26APR18BRORIE-RIE,60,16,58,19,55,400,6,116,5,5450,69,51,70,852,71,24,74,64,75,33,64.5
2026-04-18 02:56:10 AM,KXATPCHALLENGERMATCH-26APR18BRORIE-RIE,58,19,55,400,6,116,5,5450,4,821,69,51,70,852,71,24,74,64,75,33,63.5
2026-04-18 02:56:10 AM,KXATPCHALLENGERMATCH-26APR18BRORIE-RIE,58,15,55,400,6,116,5,5450,4,821,69,51,70,852,71,24,74,64,75,33,63.5
2026-04-18 02:56:10 AM,KXATPCHALLENGERMATCH-26APR18BRORIE-RIE,58,15,55,400,6,116,5,5450,4,821,68,37,69,51,70,852,71,24,74,64,63.0
2026-04-18 02:56:31 AM,KXATPCHALLENGERMATCH-26APR18BRORIE-RIE,58,15,55,400,6,116,5,5450,4,821,69,51,70,852,71,24,74,64,75,33,63.5
2026-04-18 02:56:31 AM,KXATPCHALLENGERMATCH-26APR18BRORIE-RIE,58,15,55,400,6,116,5,5450,4,821,69,1,70,852,71,24,74,64,75,33,63.5
2026-04-18 02:56:31 AM,KXATPCHALLENGERMATCH-26APR18BRORIE-RIE,58,15,55,400,6,116,5,5450,4,821,69,1,70,819,71,24,74,64,75,33,63.5
2026-04-18 02:56:31 AM,KXATPCHALLENGERMATCH-26APR18BRORIE-RIE,58,15,55,400,6,116,5,5450,4,821,69,1,70,297,71,24,74,64,75,33,63.5
2026-04-18 02:56:31 AM,KXATPCHALLENGERMATCH-26APR18BRORIE-RIE,58,15,55,400,6,116,5,5450,4,821,69,1,70,1,71,24,74,64,75,33,63.5
2026-04-18 02:56:31 AM,KXATPCHALLENGERMATCH-26APR18BRORIE-RIE,58,15,55,400,6,116,5,5450,4,821,69,1,70,1,71,24,74,761,75,33,63.5
2026-04-18 02:56:31 AM,KXATPCHALLENGERMATCH-26APR18BRORIE-RIE,58,15,55,400,6,116,5,5450,4,821,69,1,70,1,71,24,73,15,74,761,63.5
2026-04-18 02:56:31 AM,KXATPCHALLENGERMATCH-26APR18BRORIE-RIE,58,15,55,400,6,116,5,5450,4,821,69,1,70,41,71,24,73,15,74,761,63.5
2026-04-18 02:56:31 AM,KXATPCHALLENGERMATCH-26APR18BRORIE-RIE,58,15,55,400,6,116,5,5450,4,821,69,1,70,41,71,24,73,15,74,64,63.5
2026-04-18 02:56:31 AM,KXATPCHALLENGERMATCH-26APR18BRORIE-RIE,58,15,55,400,6,116,5,5450,4,821,69,1,70,1,71,24,73,15,74,64,63.5
2026-04-18 02:56:32 AM,KXATPCHALLENGERMATCH-26APR18BRORIE-RIE,58,15,56,15,55,400,6,116,5,5450,69,1,70,1,71,24,73,15,74,64,63.5
2026-04-18 02:56:33 AM,KXATPCHALLENGERMATCH-26APR18BRORIE-RIE,58,15,56,15,55,400,9,9,6,116,69,1,70,1,71,24,73,15,74,64,63.5
2026-04-18 02:56:33 AM,KXATPCHALLENGERMATCH-26APR18BRORIE-RIE,58,15,56,15,55,400,9,9,6,116,69,1,70,1,71,24,73,16,74,64,63.5
2026-04-18 02:56:33 AM,KXATPCHALLENGERMATCH-26APR18BRORIE-RIE,58,15,56,15,55,400,9,9,6,116,69,1,70,1,71,24,73,1,74,64,63.5
2026-04-18 02:56:40 AM,KXATPCHALLENGERMATCH-26APR18BRORIE-RIE,60,10,58,15,56,15,55,400,9,9,69,1,70,1,71,24,73,1,74,64,64.5
2026-04-18 02:56:40 AM,KXATPCHALLENGERMATCH-26APR18BRORIE-RIE,60,10,58,15,56,15,55,400,9,9,69,1,70,1,71,24,73,16,74,64,64.5
2026-04-18 02:56:40 AM,KXATPCHALLENGERMATCH-26APR18BRORIE-RIE,60,10,58,15,56,15,55,400,9,9,69,1,70,1,71,24,73,16,74,761,64.5
2026-04-18 02:56:40 AM,KXATPCHALLENGERMATCH-26APR18BRORIE-RIE,60,10,58,15,56,15,55,400,9,9,69,1,70,41,71,24,73,16,74,761,64.5
2026-04-18 02:56:40 AM,KXATPCHALLENGERMATCH-26APR18BRORIE-RIE,60,10,58,15,56,15,55,400,9,9,69,1,70,41,71,24,73,18,74,761,64.5
2026-04-18 02:56:45 AM,KXATPCHALLENGERMATCH-26APR18BRORIE-RIE,60,2,58,15,56,15,55,400,9,9,69,1,70,41,71,24,73,18,74,761,64.5
2026-04-18 02:56:45 AM,KXATPCHALLENGERMATCH-26APR18BRORIE-RIE,60,2,58,15,56,15,55,400,9,9,69,1,70,1,71,24,73,18,74,761,64.5
2026-04-18 02:56:45 AM,KXATPCHALLENGERMATCH-26APR18BRORIE-RIE,60,2,58,15,56,15,55,400,9,9,69,1,70,41,71,24,73,18,74,761,64.5
2026-04-18 02:56:45 AM,KXATPCHALLENGERMATCH-26APR18BRORIE-RIE,60,2,58,15,55,400,9,9,6,116,69,1,70,41,71,24,73,18,74,761,64.5
2026-04-18 02:56:45 AM,KXATPCHALLENGERMATCH-26APR18BRORIE-RIE,60,2,58,15,55,400,9,9,6,116,69,1,70,41,71,24,73,17,74,761,64.5
2026-04-18 02:56:45 AM,KXATPCHALLENGERMATCH-26APR18BRORIE-RIE,60,2,58,15,55,400,9,9,6,116,69,1,70,41,71,24,73,15,74,761,64.5
2026-04-18 02:56:46 AM,KXATPCHALLENGERMATCH-26APR18BRORIE-RIE,60,2,58,15,55,400,9,10,6,116,69,1,70,41,71,24,73,15,74,761,64.5
2026-04-18 02:56:47 AM,KXATPCHALLENGERMATCH-26APR18BRORIE-RIE,60,2,58,15,55,400,9,10,6,116,69,1,70,41,71,24,72,3,73,15,64.5
2026-04-18 02:56:51 AM,KXATPCHALLENGERMATCH-26APR18BRORIE-RIE,60,2,58,15,55,400,9,10,6,116,69,1,70,1,71,24,72,3,73,15,64.5
2026-04-18 02:56:51 AM,KXATPCHALLENGERMATCH-26APR18BRORIE-RIE,60,1,58,15,55,400,9,10,6,116,69,1,70,1,71,24,72,3,73,15,64.5
2026-04-18 02:56:51 AM,KXATPCHALLENGERMATCH-26APR18BRORIE-RIE,60,1,58,15,55,400,9,10,6,116,69,1,70,1147,71,24,72,3,73,15,64.5
2026-04-18 02:56:51 AM,KXATPCHALLENGERMATCH-26APR18BRORIE-RIE,60,1,58,15,55,400,9,10,6,116,69,1,70,1187,71,24,72,3,73,15,64.5
2026-04-18 02:56:51 AM,KXATPCHALLENGERMATCH-26APR18BRORIE-RIE,60,1,58,15,55,400,9,10,6,116,69,1,70,1187,71,24,72,3,74,64,64.5
2026-04-18 02:56:51 AM,KXATPCHALLENGERMATCH-26APR18BRORIE-RIE,60,1,58,15,55,400,9,10,6,116,69,1,70,1187,71,24,74,64,75,33,64.5
2026-04-18 02:57:13 AM,KXATPCHALLENGERMATCH-26APR18BRORIE-RIE,60,1,58,15,55,400,9,10,7,200,69,1,70,1187,71,24,74,64,75,33,64.5
2026-04-18 02:57:13 AM,KXATPCHALLENGERMATCH-26APR18BRORIE-RIE,60,1,58,15,55,400,9,10,7,200,69,1,70,1187,71,24,72,15,74,64,64.5
2026-04-18 02:57:26 AM,KXATPCHALLENGERMATCH-26APR18BRORIE-RIE,60,1,58,15,55,400,9,10,7,200,69,1,70,1055,71,24,72,15,74,64,64.5
2026-04-18 02:57:31 AM,KXATPCHALLENGERMATCH-26APR18BRORIE-RIE,60,1,58,15,55,400,9,10,7,200,69,87,70,1055,71,24,72,15,74,64,64.5
2026-04-18 02:57:31 AM,KXATPCHALLENGERMATCH-26APR18BRORIE-RIE,60,1,58,15,55,400,9,10,7,200,69,87,70,1015,71,24,72,15,74,64,64.5
2026-04-18 02:57:31 AM,KXATPCHALLENGERMATCH-26APR18BRORIE-RIE,60,1,58,15,55,400,9,10,7,200,68,37,69,87,70,1015,71,24,72,15,64.0
2026-04-18 02:57:31 AM,KXATPCHALLENGERMATCH-26APR18BRORIE-RIE,60,1,58,15,55,400,9,10,7,200,68,37,69,87,70,1015,71,24,74,64,64.0
2026-04-18 02:57:31 AM,KXATPCHALLENGERMATCH-26APR18BRORIE-RIE,60,1,58,15,55,400,9,10,7,200,68,172,69,87,70,1015,71,24,74,64,64.0
2026-04-18 02:57:32 AM,KXATPCHALLENGERMATCH-26APR18BRORIE-RIE,60,1,58,15,55,400,9,10,7,200,68,37,69,87,70,1015,71,24,74,64,64.0
2026-04-18 02:57:33 AM,KXATPCHALLENGERMATCH-26APR18BRORIE-RIE,60,1,58,15,55,400,9,10,7,200,68,172,69,87,70,1015,71,24,74,64,64.0
2026-04-18 02:57:33 AM,KXATPCHALLENGERMATCH-26APR18BRORIE-RIE,60,1,58,15,55,400,9,10,7,200,68,184,69,87,70,1015,71,24,74,64,64.0
2026-04-18 02:57:34 AM,KXATPCHALLENGERMATCH-26APR18BRORIE-RIE,60,1,58,15,55,400,9,10,7,200,68,49,69,87,70,1015,71,24,74,64,64.0
2026-04-18 02:57:34 AM,KXATPCHALLENGERMATCH-26APR18BRORIE-RIE,60,1,58,15,55,400,9,10,7,200,68,64,69,87,70,1015,71,24,74,64,64.0
2026-04-18 02:57:34 AM,KXATPCHALLENGERMATCH-26APR18BRORIE-RIE,60,1,58,15,56,15,55,400,9,10,68,64,69,87,70,1015,71,24,74,64,64.0
2026-04-18 02:57:34 AM,KXATPCHALLENGERMATCH-26APR18BRORIE-RIE,60,1,58,15,56,15,55,400,9,10,68,58,69,87,70,1015,71,24,74,64,64.0
2026-04-18 02:57:34 AM,KXATPCHALLENGERMATCH-26APR18BRORIE-RIE,60,1,58,15,56,15,55,400,9,10,68,194,69,87,70,1015,71,24,74,64,64.0
2026-04-18 02:57:35 AM,KXATPCHALLENGERMATCH-26APR18BRORIE-RIE,60,1,58,15,56,15,55,400,9,10,68,58,69,87,70,1015,71,24,74,64,64.0
2026-04-18 02:57:35 AM,KXATPCHALLENGERMATCH-26APR18BRORIE-RIE,60,1,58,15,56,15,55,400,9,10,68,194,69,87,70,1015,71,24,74,64,64.0
2026-04-18 02:57:36 AM,KXATPCHALLENGERMATCH-26APR18BRORIE-RIE,60,1,58,15,56,15,55,400,9,10,68,58,69,87,70,1015,71,24,74,64,64.0
2026-04-18 02:57:36 AM,KXATPCHALLENGERMATCH-26APR18BRORIE-RIE,60,1,58,15,56,15,55,400,9,10,68,194,69,87,70,1015,71,24,74,64,64.0
2026-04-18 02:57:37 AM,KXATPCHALLENGERMATCH-26APR18BRORIE-RIE,60,1,58,15,56,15,55,400,9,10,68,58,69,87,70,1015,71,24,74,64,64.0
2026-04-18 02:57:37 AM,KXATPCHALLENGERMATCH-26APR18BRORIE-RIE,60,1,58,15,56,15,55,400,9,10,68,194,69,87,70,1015,71,24,74,64,64.0
2026-04-18 02:57:37 AM,KXATPCHALLENGERMATCH-26APR18BRORIE-RIE,60,1,58,15,56,15,55,400,9,10,68,200,69,87,70,1015,71,24,74,64,64.0
2026-04-18 02:57:37 AM,KXATPCHALLENGERMATCH-26APR18BRORIE-RIE,60,1,58,15,56,15,55,400,9,10,68,64,69,87,70,1015,71,24,74,64,64.0
2026-04-18 02:57:37 AM,KXATPCHALLENGERMATCH-26APR18BRORIE-RIE,60,1,58,15,56,15,55,400,9,10,68,58,69,87,70,1015,71,24,74,64,64.0
2026-04-18 02:57:37 AM,KXATPCHALLENGERMATCH-26APR18BRORIE-RIE,60,1,58,15,56,15,55,400,9,10,68,194,69,87,70,1015,71,24,74,64,64.0
2026-04-18 02:57:38 AM,KXATPCHALLENGERMATCH-26APR18BRORIE-RIE,60,1,58,15,56,15,55,400,9,10,68,200,69,87,70,1015,71,24,74,64,64.0
2026-04-18 02:57:38 AM,KXATPCHALLENGERMATCH-26APR18BRORIE-RIE,60,1,58,15,56,15,55,400,9,10,68,64,69,87,70,1015,71,24,74,64,64.0
2026-04-18 02:57:38 AM,KXATPCHALLENGERMATCH-26APR18BRORIE-RIE,60,1,58,15,56,15,55,400,9,10,68,58,69,87,70,1015,71,24,74,64,64.0
2026-04-18 02:57:38 AM,KXATPCHALLENGERMATCH-26APR18BRORIE-RIE,60,1,58,15,56,15,55,400,9,10,68,194,69,87,70,1015,71,24,74,64,64.0
2026-04-18 02:57:39 AM,KXATPCHALLENGERMATCH-26APR18BRORIE-RIE,60,1,58,15,56,15,55,400,9,10,68,58,69,87,70,1015,71,24,74,64,64.0
2026-04-18 02:57:39 AM,KXATPCHALLENGERMATCH-26APR18BRORIE-RIE,60,1,58,15,56,15,55,400,9,10,68,194,69,87,70,1015,71,24,74,64,64.0
2026-04-18 02:57:39 AM,KXATPCHALLENGERMATCH-26APR18BRORIE-RIE,60,1,58,15,56,15,55,400,9,10,68,58,69,87,70,1015,71,24,74,64,64.0
2026-04-18 02:57:40 AM,KXATPCHALLENGERMATCH-26APR18BRORIE-RIE,60,1,58,15,56,15,55,400,9,10,68,194,69,87,70,1015,71,24,74,64,64.0
2026-04-18 02:57:40 AM,KXATPCHALLENGERMATCH-26APR18BRORIE-RIE,60,1,58,15,56,15,55,400,9,10,68,58,69,87,70,1015,71,24,74,64,64.0
2026-04-18 02:57:41 AM,KXATPCHALLENGERMATCH-26APR18BRORIE-RIE,60,1,58,15,56,15,55,400,9,10,68,194,69,87,70,1015,71,24,74,64,64.0
2026-04-18 02:57:42 AM,KXATPCHALLENGERMATCH-26APR18BRORIE-RIE,60,1,58,15,56,15,55,400,9,10,68,58,69,87,70,1015,71,24,74,64,64.0
2026-04-18 02:57:42 AM,KXATPCHALLENGERMATCH-26APR18BRORIE-RIE,60,1,58,15,56,15,55,400,9,10,68,194,69,87,70,1015,71,24,74,64,64.0
2026-04-18 02:57:43 AM,KXATPCHALLENGERMATCH-26APR18BRORIE-RIE,60,1,58,15,56,15,55,400,9,10,68,200,69,87,70,1015,71,24,74,64,64.0
2026-04-18 02:57:43 AM,KXATPCHALLENGERMATCH-26APR18BRORIE-RIE,60,1,58,15,56,15,55,400,9,10,68,64,69,87,70,1015,71,24,74,64,64.0
2026-04-18 02:57:43 AM,KXATPCHALLENGERMATCH-26APR18BRORIE-RIE,60,1,58,15,56,15,55,400,9,10,68,58,69,87,70,1015,71,24,74,64,64.0
2026-04-18 02:57:43 AM,KXATPCHALLENGERMATCH-26APR18BRORIE-RIE,60,1,58,15,56,15,55,400,9,10,68,194,69,87,70,1015,71,24,74,64,64.0
2026-04-18 02:57:45 AM,KXATPCHALLENGERMATCH-26APR18BRORIE-RIE,60,1,58,15,56,15,55,400,9,10,68,200,69,87,70,1015,71,24,74,64,64.0
2026-04-18 02:57:45 AM,KXATPCHALLENGERMATCH-26APR18BRORIE-RIE,60,1,58,15,56,15,55,400,9,10,68,64,69,87,70,1015,71,24,74,64,64.0
2026-04-18 02:57:45 AM,KXATPCHALLENGERMATCH-26APR18BRORIE-RIE,60,1,58,15,56,15,55,400,9,10,68,58,69,87,70,1015,71,24,74,64,64.0
2026-04-18 02:57:46 AM,KXATPCHALLENGERMATCH-26APR18BRORIE-RIE,60,1,58,15,56,15,55,400,9,10,68,194,69,87,70,1015,71,24,74,64,64.0
2026-04-18 02:57:46 AM,KXATPCHALLENGERMATCH-26APR18BRORIE-RIE,60,1,58,15,56,15,55,400,9,10,68,200,69,87,70,1015,71,24,74,64,64.0
2026-04-18 02:57:47 AM,KXATPCHALLENGERMATCH-26APR18BRORIE-RIE,60,1,58,15,56,15,55,400,9,10,68,64,69,87,70,1015,71,24,74,64,64.0
2026-04-18 02:57:47 AM,KXATPCHALLENGERMATCH-26APR18BRORIE-RIE,60,1,58,15,56,15,55,400,9,10,68,58,69,87,70,1015,71,24,74,64,64.0
2026-04-18 02:57:47 AM,KXATPCHALLENGERMATCH-26APR18BRORIE-RIE,60,1,58,15,56,15,55,400,9,10,68,194,69,87,70,1015,71,24,74,64,64.0
2026-04-18 02:57:49 AM,KXATPCHALLENGERMATCH-26APR18BRORIE-RIE,60,1,58,15,56,15,55,400,9,10,68,58,69,87,70,1015,71,24,74,64,64.0
2026-04-18 02:57:49 AM,KXATPCHALLENGERMATCH-26APR18BRORIE-RIE,60,1,58,15,56,15,55,400,9,10,68,194,69,87,70,1015,71,24,74,64,64.0
2026-04-18 02:57:50 AM,KXATPCHALLENGERMATCH-26APR18BRORIE-RIE,60,1,58,15,56,15,55,400,9,10,68,58,69,87,70,1015,71,24,74,64,64.0
2026-04-18 02:57:50 AM,KXATPCHALLENGERMATCH-26APR18BRORIE-RIE,60,1,58,15,56,15,55,400,9,10,68,194,69,87,70,1015,71,24,74,64,64.0
2026-04-18 02:57:51 AM,KXATPCHALLENGERMATCH-26APR18BRORIE-RIE,60,1,58,15,56,15,55,400,9,10,68,200,69,87,70,1015,71,24,74,64,64.0
2026-04-18 02:57:51 AM,KXATPCHALLENGERMATCH-26APR18BRORIE-RIE,60,1,58,15,56,15,55,400,9,10,68,64,69,87,70,1015,71,24,74,64,64.0
2026-04-18 02:57:51 AM,KXATPCHALLENGERMATCH-26APR18BRORIE-RIE,60,1,58,15,56,15,55,400,9,10,68,58,69,87,70,1015,71,24,74,64,64.0
2026-04-18 02:57:51 AM,KXATPCHALLENGERMATCH-26APR18BRORIE-RIE,60,1,58,15,56,15,55,400,9,10,68,194,69,87,70,1015,71,24,74,64,64.0
2026-04-18 02:57:52 AM,KXATPCHALLENGERMATCH-26APR18BRORIE-RIE,60,1,58,15,56,15,55,400,9,10,68,58,69,87,70,1015,71,24,74,64,64.0
2026-04-18 02:57:52 AM,KXATPCHALLENGERMATCH-26APR18BRORIE-RIE,60,1,58,15,56,15,55,400,9,10,68,194,69,87,70,1015,71,24,74,64,64.0
2026-04-18 02:57:53 AM,KXATPCHALLENGERMATCH-26APR18BRORIE-RIE,60,1,58,15,56,15,55,400,9,10,68,200,69,87,70,1015,71,24,74,64,64.0
2026-04-18 02:57:53 AM,KXATPCHALLENGERMATCH-26APR18BRORIE-RIE,60,1,58,15,56,15,55,400,9,10,68,64,69,87,70,1015,71,24,74,64,64.0
2026-04-18 02:57:53 AM,KXATPCHALLENGERMATCH-26APR18BRORIE-RIE,60,1,58,15,56,15,55,400,9,10,68,58,69,87,70,1015,71,24,74,64,64.0
2026-04-18 02:57:53 AM,KXATPCHALLENGERMATCH-26APR18BRORIE-RIE,60,1,58,15,56,15,55,400,9,10,68,194,69,87,70,1015,71,24,74,64,64.0
2026-04-18 02:57:54 AM,KXATPCHALLENGERMATCH-26APR18BRORIE-RIE,60,1,58,15,56,15,55,400,9,10,68,200,69,87,70,1015,71,24,74,64,64.0
2026-04-18 02:57:54 AM,KXATPCHALLENGERMATCH-26APR18BRORIE-RIE,60,1,58,15,56,15,55,400,9,10,68,64,69,87,70,1015,71,24,74,64,64.0
2026-04-18 02:57:54 AM,KXATPCHALLENGERMATCH-26APR18BRORIE-RIE,60,1,58,15,56,15,55,400,9,10,68,58,69,87,70,1015,71,24,74,64,64.0
2026-04-18 02:57:54 AM,KXATPCHALLENGERMATCH-26APR18BRORIE-RIE,60,1,58,15,56,15,55,400,9,10,68,194,69,87,70,1015,71,24,74,64,64.0
2026-04-18 02:57:54 AM,KXATPCHALLENGERMATCH-26APR18BRORIE-RIE,60,1,58,15,56,15,55,400,9,10,68,200,69,87,70,1015,71,24,74,64,64.0
2026-04-18 02:57:54 AM,KXATPCHALLENGERMATCH-26APR18BRORIE-RIE,60,1,58,15,56,15,55,400,9,10,68,64,69,87,70,1015,71,24,74,64,64.0
2026-04-18 02:57:54 AM,KXATPCHALLENGERMATCH-26APR18BRORIE-RIE,60,1,58,15,56,15,55,400,9,10,68,58,69,87,70,1015,71,24,74,64,64.0
2026-04-18 02:57:55 AM,KXATPCHALLENGERMATCH-26APR18BRORIE-RIE,60,1,58,15,56,15,55,400,9,10,68,194,69,87,70,1015,71,24,74,64,64.0
2026-04-18 02:57:55 AM,KXATPCHALLENGERMATCH-26APR18BRORIE-RIE,60,1,58,15,56,15,55,400,9,10,68,58,69,87,70,1015,71,24,74,64,64.0
2026-04-18 02:57:55 AM,KXATPCHALLENGERMATCH-26APR18BRORIE-RIE,60,1,58,15,56,15,55,400,9,10,68,194,69,87,70,1015,71,24,74,64,64.0
2026-04-18 02:57:55 AM,KXATPCHALLENGERMATCH-26APR18BRORIE-RIE,60,1,58,15,56,15,55,400,9,10,68,200,69,87,70,1015,71,24,74,64,64.0
2026-04-18 02:57:56 AM,KXATPCHALLENGERMATCH-26APR18BRORIE-RIE,60,1,58,15,56,15,55,400,9,10,68,64,69,87,70,1015,71,24,74,64,64.0
2026-04-18 02:57:56 AM,KXATPCHALLENGERMATCH-26APR18BRORIE-RIE,60,1,58,15,56,15,55,400,9,10,68,58,69,87,70,1015,71,24,74,64,64.0
2026-04-18 02:57:56 AM,KXATPCHALLENGERMATCH-26APR18BRORIE-RIE,60,1,58,15,56,15,55,400,9,10,68,194,69,87,70,1015,71,24,74,64,64.0
2026-04-18 02:57:56 AM,KXATPCHALLENGERMATCH-26APR18BRORIE-RIE,60,1,58,15,56,15,55,400,9,10,68,58,69,87,70,1015,71,24,74,64,64.0
2026-04-18 02:57:56 AM,KXATPCHALLENGERMATCH-26APR18BRORIE-RIE,60,1,58,15,56,15,55,400,9,10,68,194,69,87,70,1015,71,24,74,64,64.0
2026-04-18 02:57:57 AM,KXATPCHALLENGERMATCH-26APR18BRORIE-RIE,60,1,58,15,56,15,55,400,9,10,68,58,69,87,70,1015,71,24,74,64,64.0
2026-04-18 02:57:57 AM,KXATPCHALLENGERMATCH-26APR18BRORIE-RIE,60,1,58,15,56,15,55,400,9,10,68,194,69,87,70,1015,71,24,74,64,64.0
2026-04-18 02:57:57 AM,KXATPCHALLENGERMATCH-26APR18BRORIE-RIE,60,1,58,15,56,15,55,400,9,10,68,200,69,87,70,1015,71,24,74,64,64.0
2026-04-18 02:57:57 AM,KXATPCHALLENGERMATCH-26APR18BRORIE-RIE,60,1,58,15,56,15,55,400,9,10,68,64,69,87,70,1015,71,24,74,64,64.0
2026-04-18 02:57:57 AM,KXATPCHALLENGERMATCH-26APR18BRORIE-RIE,60,1,58,15,56,15,55,400,9,10,68,58,69,87,70,1015,71,24,74,64,64.0
2026-04-18 02:57:57 AM,KXATPCHALLENGERMATCH-26APR18BRORIE-RIE,60,1,58,15,56,15,55,400,9,10,68,194,69,87,70,1015,71,24,74,64,64.0
2026-04-18 02:57:58 AM,KXATPCHALLENGERMATCH-26APR18BRORIE-RIE,60,1,58,15,56,15,55,400,9,10,68,58,69,87,70,1015,71,24,74,64,64.0
2026-04-18 02:57:58 AM,KXATPCHALLENGERMATCH-26APR18BRORIE-RIE,60,1,58,15,56,15,55,400,9,10,68,194,69,87,70,1015,71,24,74,64,64.0
2026-04-18 02:57:58 AM,KXATPCHALLENGERMATCH-26APR18BRORIE-RIE,60,1,58,15,56,15,55,400,9,10,68,58,69,87,70,1015,71,24,74,64,64.0
2026-04-18 02:57:59 AM,KXATPCHALLENGERMATCH-26APR18BRORIE-RIE,60,1,58,15,56,15,55,400,9,10,68,194,69,87,70,1015,71,24,74,64,64.0
2026-04-18 02:57:59 AM,KXATPCHALLENGERMATCH-26APR18BRORIE-RIE,60,1,58,15,56,15,55,400,9,10,68,200,69,87,70,1015,71,24,74,64,64.0
2026-04-18 02:58:00 AM,KXATPCHALLENGERMATCH-26APR18BRORIE-RIE,60,1,58,15,56,15,55,400,9,10,68,64,69,87,70,1015,71,24,74,64,64.0
2026-04-18 02:58:00 AM,KXATPCHALLENGERMATCH-26APR18BRORIE-RIE,60,1,58,15,56,15,55,400,9,10,68,58,69,87,70,1015,71,24,74,64,64.0
2026-04-18 02:58:00 AM,KXATPCHALLENGERMATCH-26APR18BRORIE-RIE,60,1,58,15,56,15,55,400,9,10,68,194,69,87,70,1015,71,24,74,64,64.0
2026-04-18 02:58:01 AM,KXATPCHALLENGERMATCH-26APR18BRORIE-RIE,60,1,58,15,56,15,55,400,9,10,68,58,69,87,70,1015,71,24,74,64,64.0
2026-04-18 02:58:01 AM,KXATPCHALLENGERMATCH-26APR18BRORIE-RIE,60,1,58,15,56,15,55,400,9,10,68,64,69,87,70,1015,71,24,74,64,64.0
2026-04-18 02:58:01 AM,KXATPCHALLENGERMATCH-26APR18BRORIE-RIE,60,1,58,15,56,15,55,400,9,10,68,58,69,87,70,1015,71,24,74,64,64.0
2026-04-18 02:58:01 AM,KXATPCHALLENGERMATCH-26APR18BRORIE-RIE,60,1,58,15,56,15,55,400,9,10,68,194,69,87,70,1015,71,24,74,64,64.0
2026-04-18 02:58:02 AM,KXATPCHALLENGERMATCH-26APR18BRORIE-RIE,60,1,58,15,56,15,55,400,9,10,68,200,69,87,70,1015,71,24,74,64,64.0
2026-04-18 02:58:02 AM,KXATPCHALLENGERMATCH-26APR18BRORIE-RIE,60,1,58,15,56,15,55,400,9,10,68,64,69,87,70,1015,71,24,74,64,64.0
2026-04-18 02:58:02 AM,KXATPCHALLENGERMATCH-26APR18BRORIE-RIE,60,1,58,15,56,15,55,400,9,10,68,58,69,87,70,1015,71,24,74,64,64.0
2026-04-18 02:58:02 AM,KXATPCHALLENGERMATCH-26APR18BRORIE-RIE,60,1,58,15,56,15,55,400,9,10,68,194,69,87,70,1015,71,24,74,64,64.0
2026-04-18 02:58:03 AM,KXATPCHALLENGERMATCH-26APR18BRORIE-RIE,60,1,58,15,56,15,55,400,9,10,68,200,69,87,70,1015,71,24,74,64,64.0
2026-04-18 02:58:03 AM,KXATPCHALLENGERMATCH-26APR18BRORIE-RIE,60,1,58,15,56,15,55,400,9,10,68,64,69,87,70,1015,71,24,74,64,64.0
2026-04-18 02:58:03 AM,KXATPCHALLENGERMATCH-26APR18BRORIE-RIE,60,1,58,15,56,15,55,400,9,10,68,58,69,87,70,1015,71,24,74,64,64.0
2026-04-18 02:58:03 AM,KXATPCHALLENGERMATCH-26APR18BRORIE-RIE,60,1,58,15,56,15,55,400,9,10,68,194,69,87,70,1015,71,24,74,64,64.0
2026-04-18 02:58:04 AM,KXATPCHALLENGERMATCH-26APR18BRORIE-RIE,60,1,58,15,56,15,55,400,9,10,68,200,69,87,70,1015,71,24,74,64,64.0
2026-04-18 02:58:04 AM,KXATPCHALLENGERMATCH-26APR18BRORIE-RIE,60,1,58,15,56,15,55,400,9,10,68,64,69,87,70,1015,71,24,74,64,64.0
2026-04-18 02:58:04 AM,KXATPCHALLENGERMATCH-26APR18BRORIE-RIE,60,1,58,15,56,15,55,400,9,10,68,58,69,87,70,1015,71,24,74,64,64.0
2026-04-18 02:58:04 AM,KXATPCHALLENGERMATCH-26APR18BRORIE-RIE,60,1,58,15,56,15,55,400,9,10,68,194,69,87,70,1015,71,24,74,64,64.0
2026-04-18 02:58:04 AM,KXATPCHALLENGERMATCH-26APR18BRORIE-RIE,60,1,58,15,56,15,55,400,9,10,68,58,69,87,70,1015,71,24,74,64,64.0
2026-04-18 02:58:05 AM,KXATPCHALLENGERMATCH-26APR18BRORIE-RIE,60,1,58,15,56,15,55,400,9,10,68,194,69,87,70,1015,71,24,74,64,64.0
2026-04-18 02:58:05 AM,KXATPCHALLENGERMATCH-26APR18BRORIE-RIE,60,1,58,15,56,15,55,400,9,10,68,58,69,87,70,1015,71,24,74,64,64.0
2026-04-18 02:58:05 AM,KXATPCHALLENGERMATCH-26APR18BRORIE-RIE,60,1,58,15,56,15,55,400,9,10,68,194,69,87,70,1015,71,24,74,64,64.0
2026-04-18 02:58:06 AM,KXATPCHALLENGERMATCH-26APR18BRORIE-RIE,60,1,58,15,56,15,55,400,9,10,68,200,69,87,70,1015,71,24,74,64,64.0
2026-04-18 02:58:06 AM,KXATPCHALLENGERMATCH-26APR18BRORIE-RIE,60,1,58,15,56,15,55,400,9,10,68,64,69,87,70,1015,71,24,74,64,64.0
2026-04-18 02:58:06 AM,KXATPCHALLENGERMATCH-26APR18BRORIE-RIE,60,1,58,15,56,15,55,400,9,10,68,58,69,87,70,1015,71,24,74,64,64.0
2026-04-18 02:58:06 AM,KXATPCHALLENGERMATCH-26APR18BRORIE-RIE,60,1,58,15,56,15,55,400,9,10,68,194,69,87,70,1015,71,24,74,64,64.0
2026-04-18 02:58:07 AM,KXATPCHALLENGERMATCH-26APR18BRORIE-RIE,60,1,58,15,56,15,55,400,9,10,68,58,69,87,70,1015,71,24,74,64,64.0
2026-04-18 02:58:07 AM,KXATPCHALLENGERMATCH-26APR18BRORIE-RIE,60,1,58,15,56,15,55,400,9,10,68,194,69,87,70,1015,71,24,74,64,64.0
2026-04-18 02:58:08 AM,KXATPCHALLENGERMATCH-26APR18BRORIE-RIE,60,1,58,15,56,15,55,400,9,10,68,200,69,87,70,1015,71,24,74,64,64.0
2026-04-18 02:58:08 AM,KXATPCHALLENGERMATCH-26APR18BRORIE-RIE,60,1,58,15,56,15,55,400,9,10,68,64,69,87,70,1015,71,24,74,64,64.0
2026-04-18 02:58:08 AM,KXATPCHALLENGERMATCH-26APR18BRORIE-RIE,60,1,58,15,56,15,55,400,9,10,68,58,69,87,70,1015,71,24,74,64,64.0
2026-04-18 02:58:08 AM,KXATPCHALLENGERMATCH-26APR18BRORIE-RIE,60,1,58,15,56,15,55,400,9,10,68,194,69,87,70,1015,71,24,74,64,64.0
2026-04-18 02:58:09 AM,KXATPCHALLENGERMATCH-26APR18BRORIE-RIE,60,1,58,15,56,15,55,400,9,10,68,200,69,87,70,1015,71,24,74,64,64.0
2026-04-18 02:58:09 AM,KXATPCHALLENGERMATCH-26APR18BRORIE-RIE,60,1,58,15,56,15,55,400,9,10,68,64,69,87,70,1015,71,24,74,64,64.0
2026-04-18 02:58:09 AM,KXATPCHALLENGERMATCH-26APR18BRORIE-RIE,60,1,58,15,56,15,55,400,9,10,68,58,69,87,70,1015,71,24,74,64,64.0
2026-04-18 02:58:09 AM,KXATPCHALLENGERMATCH-26APR18BRORIE-RIE,60,1,58,15,56,15,55,400,9,10,68,194,69,87,70,1015,71,24,74,64,64.0
2026-04-18 02:58:10 AM,KXATPCHALLENGERMATCH-26APR18BRORIE-RIE,60,1,58,15,56,15,55,400,9,10,68,200,69,87,70,1015,71,24,74,64,64.0
2026-04-18 02:58:10 AM,KXATPCHALLENGERMATCH-26APR18BRORIE-RIE,60,1,58,15,56,15,55,400,9,10,68,64,69,87,70,1015,71,24,74,64,64.0
2026-04-18 02:58:10 AM,KXATPCHALLENGERMATCH-26APR18BRORIE-RIE,60,1,58,15,56,15,55,400,9,10,68,58,69,87,70,1015,71,24,74,64,64.0
2026-04-18 02:58:10 AM,KXATPCHALLENGERMATCH-26APR18BRORIE-RIE,60,1,58,15,56,15,55,400,9,10,68,194,69,87,70,1015,71,24,74,64,64.0
2026-04-18 02:58:10 AM,KXATPCHALLENGERMATCH-26APR18BRORIE-RIE,60,1,58,15,56,15,55,400,9,10,68,200,69,87,70,1015,71,24,74,64,64.0
2026-04-18 02:58:10 AM,KXATPCHALLENGERMATCH-26APR18BRORIE-RIE,60,1,58,15,56,15,55,400,9,10,68,64,69,87,70,1015,71,24,74,64,64.0
2026-04-18 02:58:10 AM,KXATPCHALLENGERMATCH-26APR18BRORIE-RIE,60,1,58,15,56,15,55,400,9,10,68,58,69,87,70,1015,71,24,74,64,64.0
2026-04-18 02:58:10 AM,KXATPCHALLENGERMATCH-26APR18BRORIE-RIE,60,1,58,15,56,15,55,400,9,10,68,194,69,87,70,1015,71,24,74,64,64.0
2026-04-18 02:58:11 AM,KXATPCHALLENGERMATCH-26APR18BRORIE-RIE,60,1,58,15,56,15,55,400,9,10,68,58,69,87,70,1015,71,24,74,64,64.0
2026-04-18 02:58:11 AM,KXATPCHALLENGERMATCH-26APR18BRORIE-RIE,60,1,58,15,56,15,55,400,9,10,68,194,69,87,70,1015,71,24,74,64,64.0
2026-04-18 02:58:11 AM,KXATPCHALLENGERMATCH-26APR18BRORIE-RIE,60,1,58,15,56,15,55,400,9,10,68,58,69,87,70,1015,71,24,74,64,64.0
2026-04-18 02:58:11 AM,KXATPCHALLENGERMATCH-26APR18BRORIE-RIE,60,1,58,15,56,15,55,400,9,10,68,194,69,87,70,1015,71,24,74,64,64.0
2026-04-18 02:58:12 AM,KXATPCHALLENGERMATCH-26APR18BRORIE-RIE,60,1,58,15,56,15,55,400,9,10,68,200,69,87,70,1015,71,24,74,64,64.0
2026-04-18 02:58:12 AM,KXATPCHALLENGERMATCH-26APR18BRORIE-RIE,60,1,58,15,56,15,55,400,9,10,68,64,69,87,70,1015,71,24,74,64,64.0
2026-04-18 02:58:12 AM,KXATPCHALLENGERMATCH-26APR18BRORIE-RIE,60,1,58,15,56,15,55,400,9,10,68,58,69,87,70,1015,71,24,74,64,64.0
2026-04-18 02:58:12 AM,KXATPCHALLENGERMATCH-26APR18BRORIE-RIE,60,1,58,15,56,15,55,400,9,10,68,194,69,87,70,1015,71,24,74,64,64.0
2026-04-18 02:58:12 AM,KXATPCHALLENGERMATCH-26APR18BRORIE-RIE,60,1,58,15,56,15,55,400,9,10,68,200,69,87,70,1015,71,24,74,64,64.0
2026-04-18 02:58:12 AM,KXATPCHALLENGERMATCH-26APR18BRORIE-RIE,60,1,58,15,56,15,55,400,9,10,68,64,69,87,70,1015,71,24,74,64,64.0
2026-04-18 02:58:12 AM,KXATPCHALLENGERMATCH-26APR18BRORIE-RIE,60,1,58,15,56,15,55,400,9,10,68,58,69,87,70,1015,71,24,74,64,64.0
2026-04-18 02:58:13 AM,KXATPCHALLENGERMATCH-26APR18BRORIE-RIE,60,1,58,15,56,15,55,400,9,10,68,194,69,87,70,1015,71,24,74,64,64.0
2026-04-18 02:58:13 AM,KXATPCHALLENGERMATCH-26APR18BRORIE-RIE,60,1,58,15,56,15,55,400,9,10,68,200,69,87,70,1015,71,24,74,64,64.0
2026-04-18 02:58:13 AM,KXATPCHALLENGERMATCH-26APR18BRORIE-RIE,60,1,58,15,56,15,55,400,9,10,68,64,69,87,70,1015,71,24,74,64,64.0
2026-04-18 02:58:13 AM,KXATPCHALLENGERMATCH-26APR18BRORIE-RIE,60,1,58,15,56,15,55,400,9,10,68,58,69,87,70,1015,71,24,74,64,64.0
2026-04-18 02:58:13 AM,KXATPCHALLENGERMATCH-26APR18BRORIE-RIE,60,1,58,15,56,15,55,400,9,10,68,194,69,87,70,1015,71,24,74,64,64.0
2026-04-18 02:58:13 AM,KXATPCHALLENGERMATCH-26APR18BRORIE-RIE,60,1,58,15,56,15,55,400,9,10,68,58,69,87,70,1015,71,24,74,64,64.0
2026-04-18 02:58:14 AM,KXATPCHALLENGERMATCH-26APR18BRORIE-RIE,60,1,58,15,56,15,55,400,9,10,68,194,69,87,70,1015,71,24,74,64,64.0
2026-04-18 02:58:14 AM,KXATPCHALLENGERMATCH-26APR18BRORIE-RIE,60,1,58,15,56,15,55,400,9,10,68,200,69,87,70,1015,71,24,74,64,64.0
2026-04-18 02:58:14 AM,KXATPCHALLENGERMATCH-26APR18BRORIE-RIE,60,1,58,15,56,15,55,400,9,10,68,64,69,87,70,1015,71,24,74,64,64.0
2026-04-18 02:58:14 AM,KXATPCHALLENGERMATCH-26APR18BRORIE-RIE,60,1,58,15,56,15,55,400,9,10,68,58,69,87,70,1015,71,24,74,64,64.0
2026-04-18 02:58:14 AM,KXATPCHALLENGERMATCH-26APR18BRORIE-RIE,60,1,58,15,56,15,55,400,9,10,68,194,69,87,70,1015,71,24,74,64,64.0
2026-04-18 02:58:14 AM,KXATPCHALLENGERMATCH-26APR18BRORIE-RIE,60,1,58,15,56,15,55,400,9,10,68,200,69,87,70,1015,71,24,74,64,64.0
2026-04-18 02:58:15 AM,KXATPCHALLENGERMATCH-26APR18BRORIE-RIE,60,1,58,15,56,15,55,400,9,10,68,64,69,87,70,1015,71,24,74,64,64.0
2026-04-18 02:58:15 AM,KXATPCHALLENGERMATCH-26APR18BRORIE-RIE,60,1,58,15,56,15,55,400,9,10,68,58,69,87,70,1015,71,24,74,64,64.0
2026-04-18 02:58:15 AM,KXATPCHALLENGERMATCH-26APR18BRORIE-RIE,60,1,58,15,56,15,55,400,9,10,68,194,69,87,70,1015,71,24,74,64,64.0
2026-04-18 02:58:15 AM,KXATPCHALLENGERMATCH-26APR18BRORIE-RIE,60,1,58,15,56,15,55,400,9,10,68,200,69,87,70,1015,71,24,74,64,64.0
2026-04-18 02:58:15 AM,KXATPCHALLENGERMATCH-26APR18BRORIE-RIE,60,1,58,15,56,15,55,400,9,10,68,64,69,87,70,1015,71,24,74,64,64.0
2026-04-18 02:58:15 AM,KXATPCHALLENGERMATCH-26APR18BRORIE-RIE,60,1,58,15,56,15,55,400,9,10,68,58,69,87,70,1015,71,24,74,64,64.0
2026-04-18 02:58:15 AM,KXATPCHALLENGERMATCH-26APR18BRORIE-RIE,60,1,58,15,56,15,55,400,9,10,68,194,69,87,70,1015,71,24,74,64,64.0
2026-04-18 02:58:16 AM,KXATPCHALLENGERMATCH-26APR18BRORIE-RIE,60,1,58,15,56,15,55,400,9,10,68,58,69,87,70,1015,71,24,74,64,64.0
2026-04-18 02:58:16 AM,KXATPCHALLENGERMATCH-26APR18BRORIE-RIE,60,1,58,15,56,15,55,400,9,10,68,194,69,87,70,1015,71,24,74,64,64.0
2026-04-18 02:58:16 AM,KXATPCHALLENGERMATCH-26APR18BRORIE-RIE,60,1,58,15,56,15,55,400,9,10,68,200,69,87,70,1015,71,24,74,64,64.0
2026-04-18 02:58:16 AM,KXATPCHALLENGERMATCH-26APR18BRORIE-RIE,60,1,58,15,56,15,55,400,9,10,68,64,69,87,70,1015,71,24,74,64,64.0
2026-04-18 02:58:16 AM,KXATPCHALLENGERMATCH-26APR18BRORIE-RIE,60,1,58,15,56,15,55,400,9,10,68,58,69,87,70,1015,71,24,74,64,64.0
2026-04-18 02:58:16 AM,KXATPCHALLENGERMATCH-26APR18BRORIE-RIE,60,1,58,15,56,15,55,400,9,10,68,194,69,87,70,1015,71,24,74,64,64.0
2026-04-18 02:58:17 AM,KXATPCHALLENGERMATCH-26APR18BRORIE-RIE,60,1,58,15,56,15,55,400,9,10,68,58,69,87,70,1015,71,24,74,64,64.0
2026-04-18 02:58:17 AM,KXATPCHALLENGERMATCH-26APR18BRORIE-RIE,60,1,58,15,56,15,55,400,9,10,68,194,69,87,70,1015,71,24,74,64,64.0
2026-04-18 02:58:18 AM,KXATPCHALLENGERMATCH-26APR18BRORIE-RIE,60,1,58,15,56,15,55,400,9,10,68,58,69,87,70,1015,71,24,74,64,64.0
2026-04-18 02:58:18 AM,KXATPCHALLENGERMATCH-26APR18BRORIE-RIE,60,1,58,15,56,15,55,400,9,10,68,194,69,87,70,1015,71,24,74,64,64.0
2026-04-18 02:58:18 AM,KXATPCHALLENGERMATCH-26APR18BRORIE-RIE,60,1,58,15,56,15,55,400,9,10,68,200,69,87,70,1015,71,24,74,64,64.0
2026-04-18 02:58:19 AM,KXATPCHALLENGERMATCH-26APR18BRORIE-RIE,60,1,58,15,56,15,55,400,9,10,68,64,69,87,70,1015,71,24,74,64,64.0
2026-04-18 02:58:19 AM,KXATPCHALLENGERMATCH-26APR18BRORIE-RIE,60,1,58,15,56,15,55,400,9,10,68,58,69,87,70,1015,71,24,74,64,64.0
2026-04-18 02:58:19 AM,KXATPCHALLENGERMATCH-26APR18BRORIE-RIE,60,1,58,15,56,15,55,400,9,10,68,194,69,87,70,1015,71,24,74,64,64.0
2026-04-18 02:58:19 AM,KXATPCHALLENGERMATCH-26APR18BRORIE-RIE,60,1,58,15,56,15,55,400,9,10,68,200,69,87,70,1015,71,24,74,64,64.0
2026-04-18 02:58:19 AM,KXATPCHALLENGERMATCH-26APR18BRORIE-RIE,60,1,58,15,56,15,55,400,9,10,68,64,69,87,70,1015,71,24,74,64,64.0
2026-04-18 02:58:19 AM,KXATPCHALLENGERMATCH-26APR18BRORIE-RIE,60,1,58,15,56,15,55,400,9,10,68,58,69,87,70,1015,71,24,74,64,64.0
2026-04-18 02:58:19 AM,KXATPCHALLENGERMATCH-26APR18BRORIE-RIE,60,1,58,15,56,15,55,400,9,10,68,194,69,87,70,1015,71,24,74,64,64.0
2026-04-18 02:58:19 AM,KXATPCHALLENGERMATCH-26APR18BRORIE-RIE,60,1,58,15,56,15,55,400,9,10,68,58,69,87,70,1015,71,24,74,64,64.0
2026-04-18 02:58:20 AM,KXATPCHALLENGERMATCH-26APR18BRORIE-RIE,60,1,58,15,56,15,55,400,9,10,68,194,69,87,70,1015,71,24,74,64,64.0
2026-04-18 02:58:20 AM,KXATPCHALLENGERMATCH-26APR18BRORIE-RIE,60,1,58,15,56,15,55,400,9,10,68,58,69,87,70,1015,71,24,74,64,64.0
2026-04-18 02:58:20 AM,KXATPCHALLENGERMATCH-26APR18BRORIE-RIE,60,1,58,15,56,15,55,400,9,10,68,194,69,87,70,1015,71,24,74,64,64.0
2026-04-18 02:58:20 AM,KXATPCHALLENGERMATCH-26APR18BRORIE-RIE,60,1,58,15,56,15,55,400,9,10,68,200,69,87,70,1015,71,24,74,64,64.0
2026-04-18 02:58:20 AM,KXATPCHALLENGERMATCH-26APR18BRORIE-RIE,60,1,58,15,56,15,55,400,9,10,68,64,69,87,70,1015,71,24,74,64,64.0
2026-04-18 02:58:20 AM,KXATPCHALLENGERMATCH-26APR18BRORIE-RIE,60,1,58,15,56,15,55,400,9,10,68,58,69,87,70,1015,71,24,74,64,64.0
2026-04-18 02:58:21 AM,KXATPCHALLENGERMATCH-26APR18BRORIE-RIE,60,1,58,15,56,15,55,400,9,10,68,194,69,87,70,1015,71,24,74,64,64.0
2026-04-18 02:58:21 AM,KXATPCHALLENGERMATCH-26APR18BRORIE-RIE,60,1,58,15,56,15,55,400,9,10,68,58,69,87,70,1015,71,24,74,64,64.0
2026-04-18 02:58:21 AM,KXATPCHALLENGERMATCH-26APR18BRORIE-RIE,60,1,58,15,56,15,55,400,9,10,68,194,69,87,70,1015,71,24,74,64,64.0
2026-04-18 02:58:21 AM,KXATPCHALLENGERMATCH-26APR18BRORIE-RIE,60,1,58,15,56,15,55,400,9,10,68,58,69,87,70,1015,71,24,74,64,64.0
2026-04-18 02:58:21 AM,KXATPCHALLENGERMATCH-26APR18BRORIE-RIE,60,1,58,15,56,15,55,400,9,10,68,194,69,87,70,1015,71,24,74,64,64.0
2026-04-18 02:58:21 AM,KXATPCHALLENGERMATCH-26APR18BRORIE-RIE,60,1,58,15,56,15,55,400,9,10,68,58,69,87,70,1015,71,24,74,64,64.0
2026-04-18 02:58:22 AM,KXATPCHALLENGERMATCH-26APR18BRORIE-RIE,60,1,58,15,56,15,55,400,9,10,68,194,69,87,70,1015,71,24,74,64,64.0
2026-04-18 02:58:22 AM,KXATPCHALLENGERMATCH-26APR18BRORIE-RIE,60,1,58,15,56,15,55,400,9,10,68,58,69,87,70,1015,71,24,74,64,64.0
2026-04-18 02:58:22 AM,KXATPCHALLENGERMATCH-26APR18BRORIE-RIE,60,1,58,15,56,15,55,400,9,10,68,194,69,87,70,1015,71,24,74,64,64.0
2026-04-18 02:58:22 AM,KXATPCHALLENGERMATCH-26APR18BRORIE-RIE,60,1,58,15,56,15,55,400,9,10,68,58,69,87,70,1015,71,24,74,64,64.0
2026-04-18 02:58:22 AM,KXATPCHALLENGERMATCH-26APR18BRORIE-RIE,60,1,58,15,56,15,55,400,9,10,68,194,69,87,70,1015,71,24,74,64,64.0
2026-04-18 02:58:22 AM,KXATPCHALLENGERMATCH-26APR18BRORIE-RIE,60,1,58,15,56,15,55,400,9,10,68,58,69,87,70,1015,71,24,74,64,64.0
2026-04-18 02:58:22 AM,KXATPCHALLENGERMATCH-26APR18BRORIE-RIE,60,1,58,15,56,15,55,400,9,10,68,194,69,87,70,1015,71,24,74,64,64.0
2026-04-18 02:58:22 AM,KXATPCHALLENGERMATCH-26APR18BRORIE-RIE,60,1,58,15,56,15,55,400,9,10,68,58,69,87,70,1015,71,24,74,64,64.0
2026-04-18 02:58:23 AM,KXATPCHALLENGERMATCH-26APR18BRORIE-RIE,60,1,58,15,56,15,55,400,9,10,68,194,69,87,70,1015,71,24,74,64,64.0
2026-04-18 02:58:23 AM,KXATPCHALLENGERMATCH-26APR18BRORIE-RIE,60,1,58,15,56,15,55,400,9,10,68,58,69,87,70,1015,71,24,74,64,64.0
2026-04-18 02:58:23 AM,KXATPCHALLENGERMATCH-26APR18BRORIE-RIE,60,1,58,15,56,15,55,400,9,10,68,194,69,87,70,1015,71,24,74,64,64.0
2026-04-18 02:58:23 AM,KXATPCHALLENGERMATCH-26APR18BRORIE-RIE,60,1,58,15,56,15,55,400,9,10,68,58,69,87,70,1015,71,24,74,64,64.0
2026-04-18 02:58:23 AM,KXATPCHALLENGERMATCH-26APR18BRORIE-RIE,60,1,58,15,56,15,55,400,9,10,68,194,69,87,70,1015,71,24,74,64,64.0
2026-04-18 02:58:23 AM,KXATPCHALLENGERMATCH-26APR18BRORIE-RIE,60,1,58,15,56,15,55,400,9,10,68,200,69,87,70,1015,71,24,74,64,64.0
2026-04-18 02:58:23 AM,KXATPCHALLENGERMATCH-26APR18BRORIE-RIE,60,1,58,15,56,15,55,400,9,10,68,64,69,87,70,1015,71,24,74,64,64.0
2026-04-18 02:58:23 AM,KXATPCHALLENGERMATCH-26APR18BRORIE-RIE,60,1,58,15,56,15,55,400,9,10,68,58,69,87,70,1015,71,24,74,64,64.0
2026-04-18 02:58:23 AM,KXATPCHALLENGERMATCH-26APR18BRORIE-RIE,60,1,58,15,56,15,55,400,9,10,68,21,69,87,70,1015,71,24,74,64,64.0
2026-04-18 02:58:23 AM,KXATPCHALLENGERMATCH-26APR18BRORIE-RIE,60,1,58,15,56,15,55,400,9,10,68,15,69,87,70,1015,71,24,74,64,64.0
2026-04-18 02:58:23 AM,KXATPCHALLENGERMATCH-26APR18BRORIE-RIE,60,1,58,15,56,15,55,400,9,10,69,87,70,1015,71,24,74,64,75,33,64.5
2026-04-18 02:58:23 AM,KXATPCHALLENGERMATCH-26APR18BRORIE-RIE,60,1,58,15,56,15,55,400,9,10,69,78,70,1015,71,24,74,64,75,33,64.5
2026-04-18 02:58:23 AM,KXATPCHALLENGERMATCH-26APR18BRORIE-RIE,60,1,58,15,56,15,55,400,9,10,68,136,69,78,70,1015,71,24,74,64,64.0
2026-04-18 02:58:23 AM,KXATPCHALLENGERMATCH-26APR18BRORIE-RIE,60,1,58,15,56,15,55,400,9,10,68,173,69,78,70,1015,71,24,74,64,64.0
2026-04-18 02:58:23 AM,KXATPCHALLENGERMATCH-26APR18BRORIE-RIE,60,1,58,15,55,400,9,10,7,200,68,173,69,78,70,1015,71,24,74,64,64.0
2026-04-18 02:58:23 AM,KXATPCHALLENGERMATCH-26APR18BRORIE-RIE,60,1,59,15,58,15,55,400,9,10,68,173,69,78,70,1015,71,24,74,64,64.0
2026-04-18 02:58:24 AM,KXATPCHALLENGERMATCH-26APR18BRORIE-RIE,60,1,59,15,58,15,55,400,9,10,68,173,69,78,70,1,71,24,74,64,64.0
2026-04-18 02:58:24 AM,KXATPCHALLENGERMATCH-26APR18BRORIE-RIE,60,1,59,15,58,15,55,400,9,10,68,173,69,78,70,1,71,24,72,881,64.0
2026-04-18 02:58:24 AM,KXATPCHALLENGERMATCH-26APR18BRORIE-RIE,60,1,59,15,58,15,55,400,9,10,68,136,69,78,70,1,71,24,72,881,64.0
2026-04-18 02:58:24 AM,KXATPCHALLENGERMATCH-26APR18BRORIE-RIE,60,1,59,15,58,15,55,400,9,10,69,78,70,1,71,24,72,881,74,64,64.5
2026-04-18 02:58:24 AM,KXATPCHALLENGERMATCH-26APR18BRORIE-RIE,60,1,59,15,58,15,55,400,9,10,69,2,70,1,71,24,72,881,74,64,64.5
2026-04-18 02:58:24 AM,KXATPCHALLENGERMATCH-26APR18BRORIE-RIE,60,1,59,15,58,15,55,400,9,10,69,2,70,1,71,99,72,881,74,64,64.5
2026-04-18 02:58:24 AM,KXATPCHALLENGERMATCH-26APR18BRORIE-RIE,60,1,59,15,58,15,55,400,9,10,69,2,70,1,71,288,72,881,74,64,64.5
2026-04-18 02:58:24 AM,KXATPCHALLENGERMATCH-26APR18BRORIE-RIE,60,1,59,15,58,15,55,400,9,10,69,2,70,1,71,99,72,881,74,64,64.5
2026-04-18 02:58:24 AM,KXATPCHALLENGERMATCH-26APR18BRORIE-RIE,60,1,59,15,58,15,55,400,9,10,69,2,70,1,71,288,72,881,74,64,64.5
2026-04-18 02:58:24 AM,KXATPCHALLENGERMATCH-26APR18BRORIE-RIE,60,1,59,15,58,15,55,400,9,10,69,2,70,1,71,318,72,881,74,64,64.5
2026-04-18 02:58:24 AM,KXATPCHALLENGERMATCH-26APR18BRORIE-RIE,60,1,59,15,58,15,55,400,9,10,69,2,70,1,71,129,72,881,74,64,64.5
2026-04-18 02:58:25 AM,KXATPCHALLENGERMATCH-26APR18BRORIE-RIE,60,1,59,15,58,15,55,400,9,10,69,2,70,1,71,318,72,881,74,64,64.5
2026-04-18 02:58:25 AM,KXATPCHALLENGERMATCH-26APR18BRORIE-RIE,60,1,59,15,58,15,55,400,9,10,69,2,70,1,71,129,72,881,74,64,64.5
2026-04-18 02:58:25 AM,KXATPCHALLENGERMATCH-26APR18BRORIE-RIE,60,1,59,15,58,15,55,400,9,10,69,2,70,1,71,318,72,881,74,64,64.5
2026-04-18 02:58:25 AM,KXATPCHALLENGERMATCH-26APR18BRORIE-RIE,60,1,59,15,58,15,55,400,9,10,69,2,70,1,71,129,72,881,74,64,64.5
2026-04-18 02:58:25 AM,KXATPCHALLENGERMATCH-26APR18BRORIE-RIE,60,1,59,15,58,15,55,400,9,10,69,2,70,16,71,129,72,881,74,64,64.5
2026-04-18 02:58:25 AM,KXATPCHALLENGERMATCH-26APR18BRORIE-RIE,60,1,59,15,58,15,55,400,9,10,69,2,70,16,71,99,72,881,74,64,64.5
2026-04-18 02:58:25 AM,KXATPCHALLENGERMATCH-26APR18BRORIE-RIE,60,1,59,15,58,15,55,400,9,10,69,2,70,179,71,99,72,881,74,64,64.5
2026-04-18 02:58:25 AM,KXATPCHALLENGERMATCH-26APR18BRORIE-RIE,60,1,59,15,58,15,55,400,9,10,69,2,70,16,71,99,72,881,74,64,64.5
2026-04-18 02:58:25 AM,KXATPCHALLENGERMATCH-26APR18BRORIE-RIE,60,1,59,15,58,15,55,400,9,10,69,2,70,21,71,99,72,881,74,64,64.5
2026-04-18 02:58:25 AM,KXATPCHALLENGERMATCH-26APR18BRORIE-RIE,60,1,59,15,58,15,55,400,9,10,69,2,70,186,71,99,72,881,74,64,64.5
2026-04-18 02:58:25 AM,KXATPCHALLENGERMATCH-26APR18BRORIE-RIE,60,1,59,15,58,15,55,400,9,10,69,2,70,21,71,99,72,881,74,64,64.5
2026-04-18 02:58:26 AM,KXATPCHALLENGERMATCH-26APR18BRORIE-RIE,60,1,59,15,58,15,55,400,9,10,69,2,70,186,71,99,72,881,74,64,64.5
2026-04-18 02:58:26 AM,KXATPCHALLENGERMATCH-26APR18BRORIE-RIE,60,1,59,15,58,15,55,400,9,10,69,2,70,21,71,99,72,881,74,64,64.5
2026-04-18 02:58:26 AM,KXATPCHALLENGERMATCH-26APR18BRORIE-RIE,60,1,59,15,58,15,55,400,9,10,69,2,70,186,71,99,72,881,74,64,64.5
2026-04-18 02:58:26 AM,KXATPCHALLENGERMATCH-26APR18BRORIE-RIE,60,1,59,15,58,15,55,400,9,10,69,2,70,21,71,99,72,881,74,64,64.5
2026-04-18 02:58:26 AM,KXATPCHALLENGERMATCH-26APR18BRORIE-RIE,60,1,59,15,58,15,55,400,9,10,69,2,70,186,71,99,72,881,74,64,64.5
2026-04-18 02:58:26 AM,KXATPCHALLENGERMATCH-26APR18BRORIE-RIE,60,1,59,15,58,15,55,400,9,10,69,2,70,21,71,99,72,881,74,64,64.5
2026-04-18 02:58:26 AM,KXATPCHALLENGERMATCH-26APR18BRORIE-RIE,60,1,59,15,58,15,55,400,9,10,69,2,70,186,71,99,72,881,74,64,64.5
2026-04-18 02:58:27 AM,KXATPCHALLENGERMATCH-26APR18BRORIE-RIE,60,1,59,15,58,15,55,400,9,10,69,2,70,21,71,99,72,881,74,64,64.5
2026-04-18 02:58:27 AM,KXATPCHALLENGERMATCH-26APR18BRORIE-RIE,60,1,59,15,58,15,55,400,9,10,69,2,70,186,71,99,72,881,74,64,64.5
2026-04-18 02:58:27 AM,KXATPCHALLENGERMATCH-26APR18BRORIE-RIE,60,1,59,15,58,15,55,400,9,10,69,2,70,21,71,99,72,881,74,64,64.5
2026-04-18 02:58:27 AM,KXATPCHALLENGERMATCH-26APR18BRORIE-RIE,60,1,59,15,58,15,55,400,9,10,69,2,70,186,71,99,72,881,74,64,64.5
2026-04-18 02:58:27 AM,KXATPCHALLENGERMATCH-26APR18BRORIE-RIE,60,1,59,15,58,15,55,400,9,10,69,2,70,21,71,99,72,881,74,64,64.5
2026-04-18 02:58:28 AM,KXATPCHALLENGERMATCH-26APR18BRORIE-RIE,60,1,59,15,58,15,55,400,9,10,69,2,70,21,71,288,72,881,74,64,64.5
2026-04-18 02:58:28 AM,KXATPCHALLENGERMATCH-26APR18BRORIE-RIE,60,1,59,15,58,15,55,400,9,10,69,2,70,30,71,288,72,881,74,64,64.5
2026-04-18 02:58:28 AM,KXATPCHALLENGERMATCH-26APR18BRORIE-RIE,60,1,59,15,58,15,55,400,9,10,69,2,70,30,71,99,72,881,74,64,64.5
2026-04-18 02:58:28 AM,KXATPCHALLENGERMATCH-26APR18BRORIE-RIE,60,1,59,15,58,15,55,400,9,10,69,2,70,21,71,99,72,881,74,64,64.5
2026-04-18 02:58:28 AM,KXATPCHALLENGERMATCH-26APR18BRORIE-RIE,60,1,59,15,58,15,55,400,9,10,69,2,70,21,71,288,72,881,74,64,64.5
2026-04-18 02:58:28 AM,KXATPCHALLENGERMATCH-26APR18BRORIE-RIE,60,1,59,15,58,15,55,400,9,10,69,2,70,21,71,99,72,881,74,64,64.5
2026-04-18 02:58:28 AM,KXATPCHALLENGERMATCH-26APR18BRORIE-RIE,60,1,59,15,58,15,55,400,9,10,69,2,70,21,71,288,72,881,74,64,64.5
2026-04-18 02:58:29 AM,KXATPCHALLENGERMATCH-26APR18BRORIE-RIE,60,1,59,15,58,15,55,400,9,10,69,2,70,21,71,99,72,881,74,64,64.5
2026-04-18 02:58:29 AM,KXATPCHALLENGERMATCH-26APR18BRORIE-RIE,60,1,59,15,58,15,55,400,9,10,69,2,70,21,71,288,72,881,74,64,64.5
2026-04-18 02:58:29 AM,KXATPCHALLENGERMATCH-26APR18BRORIE-RIE,60,1,59,15,58,15,55,400,9,10,69,2,70,21,71,99,72,881,74,64,64.5
2026-04-18 02:58:29 AM,KXATPCHALLENGERMATCH-26APR18BRORIE-RIE,60,1,59,15,58,15,55,400,9,10,69,2,70,21,71,288,72,881,74,64,64.5
2026-04-18 02:58:30 AM,KXATPCHALLENGERMATCH-26APR18BRORIE-RIE,60,1,59,15,58,15,55,400,9,10,69,2,70,21,71,99,72,881,74,64,64.5
2026-04-18 02:58:30 AM,KXATPCHALLENGERMATCH-26APR18BRORIE-RIE,60,1,59,15,58,15,55,400,9,10,69,2,70,21,71,288,72,881,74,64,64.5
2026-04-18 02:58:30 AM,KXATPCHALLENGERMATCH-26APR18BRORIE-RIE,60,1,59,15,58,15,55,400,9,10,69,2,70,21,71,99,72,881,74,64,64.5
2026-04-18 02:58:30 AM,KXATPCHALLENGERMATCH-26APR18BRORIE-RIE,60,1,59,15,58,15,55,400,9,10,69,2,70,21,71,288,72,881,74,64,64.5
2026-04-18 02:58:30 AM,KXATPCHALLENGERMATCH-26APR18BRORIE-RIE,60,1,59,15,58,15,55,400,9,10,69,2,70,21,71,99,72,881,74,64,64.5
2026-04-18 02:58:30 AM,KXATPCHALLENGERMATCH-26APR18BRORIE-RIE,60,1,59,15,58,15,55,400,9,10,69,2,70,21,71,288,72,881,74,64,64.5
2026-04-18 02:58:30 AM,KXATPCHALLENGERMATCH-26APR18BRORIE-RIE,60,1,59,15,58,15,55,400,9,10,69,2,70,21,71,99,72,881,74,64,64.5
2026-04-18 02:58:31 AM,KXATPCHALLENGERMATCH-26APR18BRORIE-RIE,60,1,59,15,58,15,55,400,9,10,69,2,70,21,71,288,72,881,74,64,64.5
2026-04-18 02:58:31 AM,KXATPCHALLENGERMATCH-26APR18BRORIE-RIE,60,1,59,15,58,15,55,400,9,10,69,2,70,21,71,99,72,881,74,64,64.5
2026-04-18 02:58:31 AM,KXATPCHALLENGERMATCH-26APR18BRORIE-RIE,60,1,59,15,58,15,55,400,9,10,69,2,70,21,71,288,72,881,74,64,64.5
2026-04-18 02:58:31 AM,KXATPCHALLENGERMATCH-26APR18BRORIE-RIE,60,1,59,15,58,15,55,400,9,10,69,2,70,30,71,288,72,881,74,64,64.5
2026-04-18 02:58:31 AM,KXATPCHALLENGERMATCH-26APR18BRORIE-RIE,60,1,59,15,58,15,55,400,9,10,63,10,69,2,70,30,71,288,72,881,61.5
2026-04-18 02:58:31 AM,KXATPCHALLENGERMATCH-26APR18BRORIE-RIE,60,1,59,15,58,15,55,400,9,10,63,10,69,2,70,25,71,288,72,881,61.5
2026-04-18 02:58:31 AM,KXATPCHALLENGERMATCH-26APR18BRORIE-RIE,60,1,59,15,58,15,55,400,9,10,63,10,69,2,70,16,71,288,72,881,61.5
2026-04-18 02:58:31 AM,KXATPCHALLENGERMATCH-26APR18BRORIE-RIE,60,1,58,15,55,400,9,10,7,200,63,10,69,2,70,16,71,288,72,881,61.5
2026-04-18 02:58:31 AM,KXATPCHALLENGERMATCH-26APR18BRORIE-RIE,60,1,58,15,55,400,9,10,7,200,63,20,69,2,70,16,71,288,72,881,61.5
2026-04-18 02:58:31 AM,KXATPCHALLENGERMATCH-26APR18BRORIE-RIE,58,15,55,400,9,10,7,200,6,116,63,20,69,2,70,16,71,288,72,881,60.5
2026-04-18 02:58:31 AM,KXATPCHALLENGERMATCH-26APR18BRORIE-RIE,58,15,55,400,9,10,7,200,6,116,63,20,69,2,70,16,71,99,72,881,60.5
2026-04-18 02:58:32 AM,KXATPCHALLENGERMATCH-26APR18BRORIE-RIE,58,15,55,400,9,10,7,200,6,116,63,20,69,2,70,187,71,99,72,881,60.5
2026-04-18 02:58:47 AM,KXATPCHALLENGERMATCH-26APR18BRORIE-RIE,58,15,55,400,9,10,7,200,6,116,63,60,69,2,70,187,71,99,72,881,60.5
2026-04-18 03:00:17 AM,KXATPCHALLENGERMATCH-26APR18BRORIE-RIE,58,15,55,400,9,10,7,200,6,116,63,20,69,2,70,187,71,99,72,881,60.5
2026-04-18 03:00:18 AM,KXATPCHALLENGERMATCH-26APR18BRORIE-RIE,58,15,55,400,9,10,7,200,6,116,63,60,69,2,70,187,71,99,72,881,60.5
2026-04-18 03:00:18 AM,KXATPCHALLENGERMATCH-26APR18BRORIE-RIE,58,15,56,15,55,400,9,10,7,200,63,60,69,2,70,187,71,99,72,881,60.5
2026-04-18 03:00:27 AM,KXATPCHALLENGERMATCH-26APR18BRORIE-RIE,58,15,56,15,55,400,9,10,8,100,63,60,69,2,70,187,71,99,72,881,60.5
2026-04-18 03:00:27 AM,KXATPCHALLENGERMATCH-26APR18BRORIE-RIE,58,15,56,15,55,400,48,60,9,10,63,60,69,2,70,187,71,99,72,881,60.5
2026-04-18 03:00:28 AM,KXATPCHALLENGERMATCH-26APR18BRORIE-RIE,58,15,56,15,55,400,48,60,9,10,63,50,69,2,70,187,71,99,72,881,60.5
2026-04-18 03:00:28 AM,KXATPCHALLENGERMATCH-26APR18BRORIE-RIE,58,15,56,15,55,400,48,60,9,10,63,40,69,2,70,187,71,99,72,881,60.5
2026-04-18 03:00:28 AM,KXATPCHALLENGERMATCH-26APR18BRORIE-RIE,58,15,56,15,55,400,48,60,9,10,63,9,69,2,70,187,71,99,72,881,60.5
2026-04-18 03:00:28 AM,KXATPCHALLENGERMATCH-26APR18BRORIE-RIE,58,15,56,15,55,400,48,60,9,10,63,9,69,2,70,170,71,99,72,881,60.5
2026-04-18 03:00:29 AM,KXATPCHALLENGERMATCH-26APR18BRORIE-RIE,58,15,56,15,55,400,48,120,9,10,63,9,69,2,70,170,71,99,72,881,60.5
2026-04-18 03:00:54 AM,KXATPCHALLENGERMATCH-26APR18BRORIE-RIE,58,15,56,15,48,120,9,10,8,100,63,9,69,2,70,170,71,99,72,881,60.5
2026-04-18 03:00:54 AM,KXATPCHALLENGERMATCH-26APR18BRORIE-RIE,58,15,48,120,9,10,8,100,7,200,63,9,69,2,70,170,71,99,72,881,60.5
2026-04-18 03:01:00 AM,KXATPCHALLENGERMATCH-26APR18BRORIE-RIE,58,15,53,400,48,120,9,10,8,100,63,9,69,2,70,170,71,99,72,881,60.5
2026-04-18 03:01:00 AM,KXATPCHALLENGERMATCH-26APR18BRORIE-RIE,58,15,54,15,53,400,48,120,9,10,63,9,69,2,70,170,71,99,72,881,60.5
2026-04-18 03:01:00 AM,KXATPCHALLENGERMATCH-26APR18BRORIE-RIE,58,15,54,15,53,400,48,120,9,10,63,9,69,30002,70,170,71,99,72,881,60.5
2026-04-18 03:01:00 AM,KXATPCHALLENGERMATCH-26APR18BRORIE-RIE,58,15,54,15,53,400,48,120,9,10,63,9,69,30002,70,155,71,99,72,881,60.5
2026-04-18 03:01:00 AM,KXATPCHALLENGERMATCH-26APR18BRORIE-RIE,58,15,54,15,53,400,48,120,9,10,63,9,69,30002,70,1,71,99,72,881,60.5
2026-04-18 03:01:00 AM,KXATPCHALLENGERMATCH-26APR18BRORIE-RIE,58,15,54,15,53,400,48,120,9,10,63,9,68,120,69,30002,70,1,71,99,60.5
2026-04-18 03:01:14 AM,KXATPCHALLENGERMATCH-26APR18BRORIE-RIE,58,15,54,15,53,400,48,120,9,10,63,2,68,120,69,30002,70,1,71,99,60.5
2026-04-18 03:01:14 AM,KXATPCHALLENGERMATCH-26APR18BRORIE-RIE,58,15,54,15,53,400,48,120,9,10,63,2,68,97,69,30002,70,1,71,99,60.5
2026-04-18 03:01:22 AM,KXATPCHALLENGERMATCH-26APR18BRORIE-RIE,58,15,54,15,53,400,48,120,9,10,63,2,67,15,68,97,69,30002,70,1,60.5
2026-04-18 03:02:19 AM,KXATPCHALLENGERMATCH-26APR18BRORIE-RIE,58,15,54,15,53,400,48,120,9,10,67,15,68,97,69,30002,70,1,71,99,62.5
2026-04-18 03:02:19 AM,KXATPCHALLENGERMATCH-26APR18BRORIE-RIE,58,15,54,15,53,400,48,120,9,10,68,97,69,30002,70,1,71,99,72,881,63.0
2026-04-18 03:02:19 AM,KXATPCHALLENGERMATCH-26APR18BRORIE-RIE,58,15,54,15,53,400,48,120,9,10,68,36,69,30002,70,1,71,99,72,881,63.0
2026-04-18 03:02:19 AM,KXATPCHALLENGERMATCH-26APR18BRORIE-RIE,58,15,55,190,54,15,53,400,48,120,68,36,69,30002,70,1,71,99,72,881,63.0
2026-04-18 03:02:19 AM,KXATPCHALLENGERMATCH-26APR18BRORIE-RIE,58,15,55,190,53,400,48,120,9,10,68,36,69,30002,70,1,71,99,72,881,63.0
2026-04-18 03:02:19 AM,KXATPCHALLENGERMATCH-26APR18BRORIE-RIE,58,15,55,103,53,400,48,120,9,10,68,36,69,30002,70,1,71,99,72,881,63.0
2026-04-18 03:02:19 AM,KXATPCHALLENGERMATCH-26APR18BRORIE-RIE,58,15,55,103,53,400,48,120,9,10,68,159,69,30002,70,1,71,99,72,881,63.0
2026-04-18 03:02:19 AM,KXATPCHALLENGERMATCH-26APR18BRORIE-RIE,58,15,53,400,48,120,9,10,8,100,68,159,69,30002,70,1,71,99,72,881,63.0
2026-04-18 03:02:19 AM,KXATPCHALLENGERMATCH-26APR18BRORIE-RIE,58,15,53,400,48,120,10,200,9,10,68,159,69,30002,70,1,71,99,72,881,63.0
2026-04-18 03:02:19 AM,KXATPCHALLENGERMATCH-26APR18BRORIE-RIE,58,15,53,400,48,120,11,100,10,200,68,159,69,30002,70,1,71,99,72,881,63.0
2026-04-18 03:02:19 AM,KXATPCHALLENGERMATCH-26APR18BRORIE-RIE,58,15,53,400,48,120,11,100,10,200,68,36,69,30002,70,1,71,99,72,881,63.0
2026-04-18 03:02:19 AM,KXATPCHALLENGERMATCH-26APR18BRORIE-RIE,58,15,53,400,48,120,11,100,10,200,68,159,69,30002,70,1,71,99,72,881,63.0
2026-04-18 03:02:20 AM,KXATPCHALLENGERMATCH-26APR18BRORIE-RIE,58,15,53,400,48,120,11,100,10,200,68,189,69,30002,70,1,71,99,72,881,63.0
2026-04-18 03:02:20 AM,KXATPCHALLENGERMATCH-26APR18BRORIE-RIE,58,15,53,400,48,120,11,100,10,200,68,66,69,30002,70,1,71,99,72,881,63.0
2026-04-18 03:02:20 AM,KXATPCHALLENGERMATCH-26APR18BRORIE-RIE,58,15,53,400,48,120,11,100,10,200,67,23,68,66,69,30002,70,1,71,99,62.5
2026-04-18 03:02:20 AM,KXATPCHALLENGERMATCH-26APR18BRORIE-RIE,58,15,53,400,48,120,11,100,10,200,67,23,68,36,69,30002,70,1,71,99,62.5
2026-04-18 03:02:20 AM,KXATPCHALLENGERMATCH-26APR18BRORIE-RIE,58,15,53,400,48,120,11,100,10,200,67,118,68,36,69,30002,70,1,71,99,62.5
2026-04-18 03:02:20 AM,KXATPCHALLENGERMATCH-26APR18BRORIE-RIE,58,15,53,400,48,120,11,100,10,200,67,23,68,36,69,30002,70,1,71,99,62.5
2026-04-18 03:02:20 AM,KXATPCHALLENGERMATCH-26APR18BRORIE-RIE,58,15,53,400,48,120,11,100,10,200,67,118,68,36,69,30002,70,1,71,99,62.5
2026-04-18 03:02:21 AM,KXATPCHALLENGERMATCH-26APR18BRORIE-RIE,58,15,53,400,48,120,11,100,10,200,67,23,68,36,69,30002,70,1,71,99,62.5
2026-04-18 03:02:21 AM,KXATPCHALLENGERMATCH-26APR18BRORIE-RIE,58,15,53,400,48,120,11,100,10,200,67,118,68,36,69,30002,70,1,71,99,62.5
2026-04-18 03:02:21 AM,KXATPCHALLENGERMATCH-26APR18BRORIE-RIE,58,15,53,400,48,120,11,100,10,200,67,118,68,51,69,30002,70,1,71,99,62.5
2026-04-18 03:02:22 AM,KXATPCHALLENGERMATCH-26APR18BRORIE-RIE,58,15,53,400,48,120,11,100,10,200,67,23,68,51,69,30002,70,1,71,99,62.5
2026-04-18 03:02:22 AM,KXATPCHALLENGERMATCH-26APR18BRORIE-RIE,58,15,53,400,48,120,11,100,10,200,67,23,68,36,69,30002,70,1,71,99,62.5
2026-04-18 03:02:22 AM,KXATPCHALLENGERMATCH-26APR18BRORIE-RIE,58,15,53,400,48,120,11,100,10,200,67,118,68,36,69,30002,70,1,71,99,62.5
2026-04-18 03:02:23 AM,KXATPCHALLENGERMATCH-26APR18BRORIE-RIE,58,15,53,400,48,120,11,100,10,200,67,23,68,36,69,30002,70,1,71,99,62.5
2026-04-18 03:02:23 AM,KXATPCHALLENGERMATCH-26APR18BRORIE-RIE,58,15,53,400,48,120,11,100,10,200,67,118,68,36,69,30002,70,1,71,99,62.5
2026-04-18 03:02:23 AM,KXATPCHALLENGERMATCH-26APR18BRORIE-RIE,58,15,53,400,48,120,11,100,10,200,67,23,68,36,69,30002,70,1,71,99,62.5
2026-04-18 03:02:23 AM,KXATPCHALLENGERMATCH-26APR18BRORIE-RIE,58,15,53,400,48,120,11,100,10,200,67,25,68,36,69,30002,70,1,71,99,62.5
2026-04-18 03:02:23 AM,KXATPCHALLENGERMATCH-26APR18BRORIE-RIE,58,15,53,400,48,120,11,100,10,200,67,120,68,36,69,30002,70,1,71,99,62.5
2026-04-18 03:02:23 AM,KXATPCHALLENGERMATCH-26APR18BRORIE-RIE,58,15,53,400,48,120,11,100,10,200,67,135,68,36,69,30002,70,1,71,99,62.5
2026-04-18 03:02:23 AM,KXATPCHALLENGERMATCH-26APR18BRORIE-RIE,58,15,54,15,53,400,48,120,11,100,67,135,68,36,69,30002,70,1,71,99,62.5
2026-04-18 03:02:24 AM,KXATPCHALLENGERMATCH-26APR18BRORIE-RIE,65,12,58,15,54,15,53,400,48,120,67,135,68,36,69,30002,70,1,71,99,66.0
2026-04-18 03:02:24 AM,KXATPCHALLENGERMATCH-26APR18BRORIE-RIE,65,12,58,15,54,15,53,400,48,120,67,120,68,36,69,30002,70,1,71,99,66.0
2026-04-18 03:02:24 AM,KXATPCHALLENGERMATCH-26APR18BRORIE-RIE,65,12,58,15,54,15,53,400,48,60,67,120,68,36,69,30002,70,1,71,99,66.0
2026-04-18 03:02:24 AM,KXATPCHALLENGERMATCH-26APR18BRORIE-RIE,65,12,58,15,54,15,53,400,48,60,67,25,68,36,69,30002,70,1,71,99,66.0
2026-04-18 03:02:24 AM,KXATPCHALLENGERMATCH-26APR18BRORIE-RIE,65,12,58,15,54,15,53,400,11,100,67,25,68,36,69,30002,70,1,71,99,66.0
2026-04-18 03:02:24 AM,KXATPCHALLENGERMATCH-26APR18BRORIE-RIE,65,12,58,15,54,15,53,400,10,200,67,25,68,36,69,30002,70,1,71,99,66.0
2026-04-18 03:02:24 AM,KXATPCHALLENGERMATCH-26APR18BRORIE-RIE,65,12,58,15,54,115,53,400,10,200,67,25,68,36,69,30002,70,1,71,99,66.0
2026-04-18 03:02:24 AM,KXATPCHALLENGERMATCH-26APR18BRORIE-RIE,65,12,58,15,55,60,54,115,53,400,67,25,68,36,69,30002,70,1,71,99,66.0
2026-04-18 03:02:24 AM,KXATPCHALLENGERMATCH-26APR18BRORIE-RIE,65,12,58,15,55,60,54,100,53,400,67,25,68,36,69,30002,70,1,71,99,66.0
2026-04-18 03:02:24 AM,KXATPCHALLENGERMATCH-26APR18BRORIE-RIE,65,12,58,15,55,60,54,100,53,400,67,25,68,77,69,30002,70,1,71,99,66.0
2026-04-18 03:02:26 AM,KXATPCHALLENGERMATCH-26APR18BRORIE-RIE,65,12,58,15,55,60,54,100,53,400,67,27,68,77,69,30002,70,1,71,99,66.0
2026-04-18 03:02:35 AM,KXATPCHALLENGERMATCH-26APR18BRORIE-RIE,65,12,58,15,55,60,54,100,53,400,67,27,68,92,69,30002,70,1,71,99,66.0
2026-04-18 03:02:35 AM,KXATPCHALLENGERMATCH-26APR18BRORIE-RIE,65,12,58,15,55,60,54,100,10,200,67,27,68,92,69,30002,70,1,71,99,66.0
2026-04-18 03:02:35 AM,KXATPCHALLENGERMATCH-26APR18BRORIE-RIE,65,12,58,15,55,60,10,200,9,10,67,27,68,92,69,30002,70,1,71,99,66.0
2026-04-18 03:02:35 AM,KXATPCHALLENGERMATCH-26APR18BRORIE-RIE,65,12,58,15,55,60,11,100,10,200,67,27,68,92,69,30002,70,1,71,99,66.0
2026-04-18 03:02:35 AM,KXATPCHALLENGERMATCH-26APR18BRORIE-RIE,65,12,58,15,56,15,55,60,11,100,67,27,68,92,69,30002,70,1,71,99,66.0
2026-04-18 03:02:39 AM,KXATPCHALLENGERMATCH-26APR18BRORIE-RIE,65,12,58,15,57,400,56,15,55,60,67,27,68,92,69,30002,70,1,71,99,66.0
2026-04-18 03:02:39 AM,KXATPCHALLENGERMATCH-26APR18BRORIE-RIE,65,12,58,15,57,400,56,15,11,100,67,27,68,92,69,30002,70,1,71,99,66.0
2026-04-18 03:02:39 AM,KXATPCHALLENGERMATCH-26APR18BRORIE-RIE,65,12,59,60,58,15,57,400,56,15,67,27,68,92,69,30002,70,1,71,99,66.0
2026-04-18 03:02:39 AM,KXATPCHALLENGERMATCH-26APR18BRORIE-RIE,65,12,59,60,58,15,57,400,11,100,67,27,68,92,69,30002,70,1,71,99,66.0
2026-04-18 03:02:43 AM,KXATPCHALLENGERMATCH-26APR18BRORIE-RIE,65,12,59,60,58,15,57,400,11,100,67,27,68,56,69,30002,70,1,71,99,66.0
2026-04-18 03:02:43 AM,KXATPCHALLENGERMATCH-26APR18BRORIE-RIE,65,12,59,60,58,15,57,400,11,100,67,26,68,56,69,30002,70,1,71,99,66.0
2026-04-18 03:03:03 AM,KXATPCHALLENGERMATCH-26APR18BRORIE-RIE,65,7,59,60,58,15,57,400,11,100,67,26,68,56,69,30002,70,1,71,99,66.0
2026-04-18 03:03:04 AM,KXATPCHALLENGERMATCH-26APR18BRORIE-RIE,65,7,59,60,58,15,57,400,11,100,67,24,68,56,69,30002,70,1,71,99,66.0
2026-04-18 03:03:04 AM,KXATPCHALLENGERMATCH-26APR18BRORIE-RIE,65,7,59,60,58,15,57,400,11,100,67,23,68,56,69,30002,70,1,71,99,66.0
2026-04-18 03:03:04 AM,KXATPCHALLENGERMATCH-26APR18BRORIE-RIE,65,7,59,60,58,15,57,400,11,100,67,23,68,41,69,30002,70,1,71,99,66.0
2026-04-18 03:03:16 AM,KXATPCHALLENGERMATCH-26APR18BRORIE-RIE,65,7,59,60,58,15,57,400,11,100,67,23,68,56,69,30002,70,1,71,99,66.0
2026-04-18 03:03:16 AM,KXATPCHALLENGERMATCH-26APR18BRORIE-RIE,65,7,59,60,58,15,57,400,11,100,67,26,68,56,69,30002,70,1,71,99,66.0
2026-04-18 03:03:51 AM,KXATPCHALLENGERMATCH-26APR18BRORIE-RIE,65,5,59,60,58,15,57,400,11,100,67,26,68,56,69,30002,70,1,71,99,66.0
2026-04-18 03:03:51 AM,KXATPCHALLENGERMATCH-26APR18BRORIE-RIE,65,5,59,60,58,15,57,400,11,100,67,3,68,56,69,30002,70,1,71,99,66.0
2026-04-18 03:03:51 AM,KXATPCHALLENGERMATCH-26APR18BRORIE-RIE,65,5,59,60,58,15,57,400,11,100,68,56,69,30002,70,1,71,99,72,881,66.5
2026-04-18 03:03:51 AM,KXATPCHALLENGERMATCH-26APR18BRORIE-RIE,65,5,59,60,58,15,57,400,11,100,68,41,69,30002,70,1,71,99,72,881,66.5
2026-04-18 03:03:51 AM,KXATPCHALLENGERMATCH-26APR18BRORIE-RIE,65,5,59,60,58,15,57,400,11,100,67,23,68,41,69,30002,70,1,71,99,66.0
2026-04-18 03:03:51 AM,KXATPCHALLENGERMATCH-26APR18BRORIE-RIE,65,5,59,60,58,15,57,400,11,100,67,23,69,30002,70,1,71,99,72,881,66.0
2026-04-18 03:03:52 AM,KXATPCHALLENGERMATCH-26APR18BRORIE-RIE,65,5,59,60,58,15,57,400,11,100,67,23,68,46,69,30002,70,1,71,99,66.0
2026-04-18 03:03:52 AM,KXATPCHALLENGERMATCH-26APR18BRORIE-RIE,59,60,58,15,57,400,11,100,10,200,67,23,68,46,69,30002,70,1,71,99,63.0
2026-04-18 03:03:52 AM,KXATPCHALLENGERMATCH-26APR18BRORIE-RIE,58,15,57,400,11,100,10,200,9,10,67,23,68,46,69,30002,70,1,71,99,62.5
2026-04-18 03:03:52 AM,KXATPCHALLENGERMATCH-26APR18BRORIE-RIE,58,15,57,400,48,60,11,100,10,200,67,23,68,46,69,30002,70,1,71,99,62.5
2026-04-18 03:03:52 AM,KXATPCHALLENGERMATCH-26APR18BRORIE-RIE,58,15,57,400,48,60,11,100,10,200,67,26,68,46,69,30002,70,1,71,99,62.5
2026-04-18 03:03:52 AM,KXATPCHALLENGERMATCH-26APR18BRORIE-RIE,58,15,57,400,48,60,11,100,10,200,67,41,68,46,69,30002,70,1,71,99,62.5
2026-04-18 03:03:53 AM,KXATPCHALLENGERMATCH-26APR18BRORIE-RIE,58,30,57,400,48,60,11,100,10,200,67,41,68,46,69,30002,70,1,71,99,62.5
2026-04-18 03:03:55 AM,KXATPCHALLENGERMATCH-26APR18BRORIE-RIE,58,30,57,400,48,60,11,100,10,200,67,18,68,46,69,30002,70,1,71,99,62.5
2026-04-18 03:03:55 AM,KXATPCHALLENGERMATCH-26APR18BRORIE-RIE,58,30,57,400,48,60,11,100,10,200,67,15,68,46,69,30002,70,1,71,99,62.5
2026-04-18 03:03:55 AM,KXATPCHALLENGERMATCH-26APR18BRORIE-RIE,58,30,57,400,48,60,11,100,10,200,68,46,69,30002,70,1,71,99,72,881,63.0
2026-04-18 03:03:55 AM,KXATPCHALLENGERMATCH-26APR18BRORIE-RIE,58,30,57,400,48,60,11,100,10,200,69,30002,70,1,71,99,72,881,74,64,63.5
2026-04-18 03:03:55 AM,KXATPCHALLENGERMATCH-26APR18BRORIE-RIE,58,30,57,400,48,60,11,100,10,200,69,29785,70,1,71,99,72,881,74,64,63.5
2026-04-18 03:03:55 AM,KXATPCHALLENGERMATCH-26APR18BRORIE-RIE,58,30,57,400,48,60,11,100,10,200,68,23,69,29785,70,1,71,99,72,881,63.0
2026-04-18 03:03:55 AM,KXATPCHALLENGERMATCH-26APR18BRORIE-RIE,58,30,57,400,48,60,11,100,10,200,68,37,69,29785,70,1,71,99,72,881,63.0
2026-04-18 03:03:56 AM,KXATPCHALLENGERMATCH-26APR18BRORIE-RIE,67,11,58,30,57,400,48,60,11,100,68,37,69,29785,70,1,71,99,72,881,67.5
2026-04-18 03:03:56 AM,KXATPCHALLENGERMATCH-26APR18BRORIE-RIE,67,11,58,30,57,400,48,60,11,100,68,37,69,29785,70,1,71,99,74,64,67.5
2026-04-18 03:03:56 AM,KXATPCHALLENGERMATCH-26APR18BRORIE-RIE,67,11,58,30,57,400,11,100,10,200,68,37,69,29785,70,1,71,99,74,64,67.5
2026-04-18 03:03:56 AM,KXATPCHALLENGERMATCH-26APR18BRORIE-RIE,67,11,58,15,57,400,11,100,10,200,68,37,69,29785,70,1,71,99,74,64,67.5
2026-04-18 03:03:56 AM,KXATPCHALLENGERMATCH-26APR18BRORIE-RIE,67,11,59,60,58,15,57,400,11,100,68,37,69,29785,70,1,71,99,74,64,67.5
2026-04-18 03:04:21 AM,KXATPCHALLENGERMATCH-26APR18BRORIE-RIE,67,11,59,60,58,11,57,400,11,100,68,37,69,29785,70,1,71,99,74,64,67.5
2026-04-18 03:04:21 AM,KXATPCHALLENGERMATCH-26APR18BRORIE-RIE,67,11,59,60,58,1,57,400,11,100,68,37,69,29785,70,1,71,99,74,64,67.5
2026-04-18 03:04:21 AM,KXATPCHALLENGERMATCH-26APR18BRORIE-RIE,67,11,60,10,59,60,58,1,57,400,68,37,69,29785,70,1,71,99,74,64,67.5
2026-04-18 03:04:22 AM,KXATPCHALLENGERMATCH-26APR18BRORIE-RIE,67,11,60,20,59,60,58,1,57,400,68,37,69,29785,70,1,71,99,74,64,67.5
2026-04-18 03:04:22 AM,KXATPCHALLENGERMATCH-26APR18BRORIE-RIE,67,11,60,20,59,60,58,1,57,400,68,47,69,29785,70,1,71,99,74,64,67.5
2026-04-18 03:04:25 AM,KXATPCHALLENGERMATCH-26APR18BRORIE-RIE,67,11,60,20,59,60,58,1,57,400,68,77,69,29785,70,1,71,99,74,64,67.5
2026-04-18 03:04:25 AM,KXATPCHALLENGERMATCH-26APR18BRORIE-RIE,67,11,61,15,60,20,59,60,58,1,68,77,69,29785,70,1,71,99,74,64,67.5
2026-04-18 03:04:31 AM,KXATPCHALLENGERMATCH-26APR18BRORIE-RIE,67,11,61,15,60,20,59,60,58,1,68,49,69,29785,70,1,71,99,74,64,67.5
2026-04-18 03:04:31 AM,KXATPCHALLENGERMATCH-26APR18BRORIE-RIE,67,11,61,15,60,20,59,60,58,1,68,19,69,29785,70,1,71,99,74,64,67.5
2026-04-18 03:04:31 AM,KXATPCHALLENGERMATCH-26APR18BRORIE-RIE,67,11,61,15,60,20,59,60,58,1,68,10,69,29785,70,1,71,99,74,64,67.5
2026-04-18 03:04:45 AM,KXATPCHALLENGERMATCH-26APR18BRORIE-RIE,67,11,61,15,60,20,59,60,58,1,68,5,69,29785,70,1,71,99,74,64,67.5
2026-04-18 03:05:19 AM,KXATPCHALLENGERMATCH-26APR18BRORIE-RIE,61,15,60,20,59,60,58,1,57,400,68,5,69,29785,70,1,71,99,74,64,64.5
2026-04-18 03:05:19 AM,KXATPCHALLENGERMATCH-26APR18BRORIE-RIE,61,15,60,20,59,60,58,1,57,400,67,203,68,5,69,29785,70,1,71,99,64.0
2026-04-18 03:05:19 AM,KXATPCHALLENGERMATCH-26APR18BRORIE-RIE,61,15,60,20,59,60,58,1,57,400,67,203,68,109,69,29785,70,1,71,99,64.0
2026-04-18 03:05:19 AM,KXATPCHALLENGERMATCH-26APR18BRORIE-RIE,61,15,60,20,58,1,57,400,11,100,67,203,68,109,69,29785,70,1,71,99,64.0
2026-04-18 03:05:19 AM,KXATPCHALLENGERMATCH-26APR18BRORIE-RIE,61,15,60,20,58,1,57,400,51,60,67,203,68,109,69,29785,70,1,71,99,64.0
2026-04-18 03:05:58 AM,KXATPCHALLENGERMATCH-26APR18BRORIE-RIE,60,20,58,1,57,400,51,60,11,100,67,203,68,109,69,29785,70,1,71,99,63.5
2026-04-18 03:05:58 AM,KXATPCHALLENGERMATCH-26APR18BRORIE-RIE,60,20,58,16,57,400,51,60,11,100,67,203,68,109,69,29785,70,1,71,99,63.5
2026-04-18 03:06:00 AM,KXATPCHALLENGERMATCH-26APR18BRORIE-RIE,60,20,58,16,57,400,51,60,11,100,67,218,68,109,69,29785,70,1,71,99,63.5
2026-04-18 03:06:41 AM,KXATPCHALLENGERMATCH-26APR18BRORIE-RIE,60,20,58,16,57,400,51,60,11,100,67,218,68,105,69,29785,70,1,71,99,63.5
2026-04-18 03:06:41 AM,KXATPCHALLENGERMATCH-26APR18BRORIE-RIE,62,10,60,20,58,16,57,400,51,60,67,218,68,105,69,29785,70,1,71,99,64.5
2026-04-18 03:06:41 AM,KXATPCHALLENGERMATCH-26APR18BRORIE-RIE,62,20,60,20,58,16,57,400,51,60,67,218,68,105,69,29785,70,1,71,99,64.5
2026-04-18 03:07:57 AM,KXATPCHALLENGERMATCH-26APR18BRORIE-RIE,62,20,60,20,58,16,57,400,52,900,67,218,68,105,69,29785,70,1,71,99,64.5
2026-04-18 03:07:57 AM,KXATPCHALLENGERMATCH-26APR18BRORIE-RIE,62,20,60,20,58,16,57,400,53,60,67,218,68,105,69,29785,70,1,71,99,64.5
2026-04-18 03:08:33 AM,KXATPCHALLENGERMATCH-26APR18BRORIE-RIE,62,20,60,20,58,16,57,400,53,60,67,204,68,105,69,29785,70,1,71,99,64.5
2026-04-18 03:08:33 AM,KXATPCHALLENGERMATCH-26APR18BRORIE-RIE,62,20,60,20,58,16,57,400,53,60,67,189,68,105,69,29785,70,1,71,99,64.5
2026-04-18 03:08:33 AM,KXATPCHALLENGERMATCH-26APR18BRORIE-RIE,66,11,62,20,60,20,58,16,57,400,67,189,68,105,69,29785,70,1,71,99,66.5
2026-04-18 03:08:33 AM,KXATPCHALLENGERMATCH-26APR18BRORIE-RIE,66,11,62,20,60,20,58,156,57,400,67,189,68,105,69,29785,70,1,71,99,66.5
2026-04-18 03:08:34 AM,KXATPCHALLENGERMATCH-26APR18BRORIE-RIE,66,11,62,20,60,20,58,156,57,400,67,189,68,1,69,29785,70,1,71,99,66.5
2026-04-18 03:08:38 AM,KXATPCHALLENGERMATCH-26APR18BRORIE-RIE,66,11,62,20,60,20,59,60,58,156,67,189,68,1,69,29785,70,1,71,99,66.5
2026-04-18 03:08:38 AM,KXATPCHALLENGERMATCH-26APR18BRORIE-RIE,66,11,62,20,60,20,59,60,58,141,67,189,68,1,69,29785,70,1,71,99,66.5
2026-04-18 03:09:38 AM,KXATPCHALLENGERMATCH-26APR18BRORIE-RIE,66,11,62,10,60,20,59,60,58,141,67,189,68,1,69,29785,70,1,71,99,66.5
2026-04-18 03:09:38 AM,KXATPCHALLENGERMATCH-26APR18BRORIE-RIE,66,11,60,20,59,60,58,141,57,400,67,189,68,1,69,29785,70,1,71,99,66.5
2026-04-18 03:10:13 AM,KXATPCHALLENGERMATCH-26APR18BRORIE-RIE,66,11,60,20,59,60,58,141,56,900,67,189,68,1,69,29785,70,1,71,99,66.5
2026-04-18 03:11:48 AM,KXATPCHALLENGERMATCH-26APR18BRORIE-RIE,66,11,60,20,59,60,58,141,39,180,67,189,68,1,69,29785,70,1,71,99,66.5
2026-04-18 03:11:48 AM,KXATPCHALLENGERMATCH-26APR18BRORIE-RIE,66,11,60,20,59,60,58,141,49,900,67,189,68,1,69,29785,70,1,71,99,66.5
2026-04-18 03:11:48 AM,KXATPCHALLENGERMATCH-26APR18BRORIE-RIE,66,11,60,20,59,60,58,141,50,100,67,189,68,1,69,29785,70,1,71,99,66.5
2026-04-18 03:11:48 AM,KXATPCHALLENGERMATCH-26APR18BRORIE-RIE,66,11,60,20,59,60,58,1,50,100,67,189,68,1,69,29785,70,1,71,99,66.5
2026-04-18 03:11:48 AM,KXATPCHALLENGERMATCH-26APR18BRORIE-RIE,66,11,60,20,59,60,58,1,50,300,67,189,68,1,69,29785,70,1,71,99,66.5
2026-04-18 03:11:48 AM,KXATPCHALLENGERMATCH-26APR18BRORIE-RIE,66,11,60,20,58,1,50,300,49,900,67,189,68,1,69,29785,70,1,71,99,66.5
2026-04-18 03:11:48 AM,KXATPCHALLENGERMATCH-26APR18BRORIE-RIE,66,11,60,20,58,1,56,60,50,300,67,189,68,1,69,29785,70,1,71,99,66.5
2026-04-18 03:11:58 AM,KXATPCHALLENGERMATCH-26APR18BRORIE-RIE,66,11,60,20,58,1,56,60,50,300,67,7,68,1,69,29785,70,1,71,99,66.5
2026-04-18 03:11:59 AM,KXATPCHALLENGERMATCH-26APR18BRORIE-RIE,66,11,60,20,58,1,56,60,50,300,67,7,68,25,69,29785,70,1,71,99,66.5
2026-04-18 03:12:10 AM,KXATPCHALLENGERMATCH-26APR18BRORIE-RIE,66,11,60,20,58,1,57,15,56,60,67,7,68,25,69,29785,70,1,71,99,66.5
2026-04-18 03:12:10 AM,KXATPCHALLENGERMATCH-26APR18BRORIE-RIE,66,11,60,20,58,1,57,15,56,60,67,7,68,26,69,29785,70,1,71,99,66.5
2026-04-18 03:13:22 AM,KXATPCHALLENGERMATCH-26APR18BRORIE-RIE,60,20,58,1,57,15,56,60,50,300,67,7,68,26,69,29785,70,1,71,99,63.5
2026-04-18 03:13:22 AM,KXATPCHALLENGERMATCH-26APR18BRORIE-RIE,60,20,58,1,57,15,56,60,50,300,67,7,68,26,69,29785,70,1,71,980,63.5
2026-04-18 03:13:22 AM,KXATPCHALLENGERMATCH-26APR18BRORIE-RIE,60,20,58,1,57,15,50,300,49,900,67,7,68,26,69,29785,70,1,71,980,63.5
2026-04-18 03:13:22 AM,KXATPCHALLENGERMATCH-26APR18BRORIE-RIE,60,20,58,1,57,15,50,300,49,900,67,7,68,25,69,29785,70,1,71,980,63.5
2026-04-18 03:13:22 AM,KXATPCHALLENGERMATCH-26APR18BRORIE-RIE,60,20,58,1,50,300,49,900,39,180,67,7,68,25,69,29785,70,1,71,980,63.5
2026-04-18 03:13:22 AM,KXATPCHALLENGERMATCH-26APR18BRORIE-RIE,60,20,58,1,51,60,50,300,49,900,67,7,68,25,69,29785,70,1,71,980,63.5
2026-04-18 03:13:22 AM,KXATPCHALLENGERMATCH-26APR18BRORIE-RIE,60,20,58,1,51,60,50,100,49,900,67,7,68,25,69,29785,70,1,71,980,63.5
2026-04-18 03:13:22 AM,KXATPCHALLENGERMATCH-26APR18BRORIE-RIE,60,20,58,1,52,200,51,60,50,100,67,7,68,25,69,29785,70,1,71,980,63.5
2026-04-18 03:13:22 AM,KXATPCHALLENGERMATCH-26APR18BRORIE-RIE,60,20,58,1,52,200,50,100,49,900,67,7,68,25,69,29785,70,1,71,980,63.5
2026-04-18 03:13:22 AM,KXATPCHALLENGERMATCH-26APR18BRORIE-RIE,60,20,58,1,53,60,52,200,50,100,67,7,68,25,69,29785,70,1,71,980,63.5
2026-04-18 03:13:23 AM,KXATPCHALLENGERMATCH-26APR18BRORIE-RIE,60,20,58,1,53,60,52,200,43,900,67,7,68,25,69,29785,70,1,71,980,63.5
2026-04-18 03:13:23 AM,KXATPCHALLENGERMATCH-26APR18BRORIE-RIE,60,20,58,1,53,60,52,200,44,100,67,7,68,25,69,29785,70,1,71,980,63.5
2026-04-18 03:13:25 AM,KXATPCHALLENGERMATCH-26APR18BRORIE-RIE,60,20,58,1,53,60,52,200,44,100,67,8,68,25,69,29785,70,1,71,980,63.5
2026-04-18 03:13:25 AM,KXATPCHALLENGERMATCH-26APR18BRORIE-RIE,60,20,58,1,54,15,53,60,52,200,67,8,68,25,69,29785,70,1,71,980,63.5
2026-04-18 03:13:28 AM,KXATPCHALLENGERMATCH-26APR18BRORIE-RIE,65,78,60,20,58,1,54,15,53,60,67,8,68,25,69,29785,70,1,71,980,66.0
2026-04-18 03:13:28 AM,KXATPCHALLENGERMATCH-26APR18BRORIE-RIE,65,78,60,20,58,1,54,15,53,60,67,8,68,25,69,29785,70,1,71,99,66.0
2026-04-18 03:13:28 AM,KXATPCHALLENGERMATCH-26APR18BRORIE-RIE,65,78,60,20,58,1,54,15,53,160,67,8,68,25,69,29785,70,1,71,99,66.0
2026-04-18 03:13:28 AM,KXATPCHALLENGERMATCH-26APR18BRORIE-RIE,65,78,60,20,58,1,54,15,53,160,67,7,68,25,69,29785,70,1,71,99,66.0
2026-04-18 03:13:31 AM,KXATPCHALLENGERMATCH-26APR18BRORIE-RIE,65,78,60,20,58,1,54,15,53,160,67,7,68,26,69,29785,70,1,71,99,66.0
2026-04-18 03:16:03 AM,KXATPCHALLENGERMATCH-26APR18BRORIE-RIE,65,78,60,20,58,1,57,400,54,15,67,7,68,26,69,29785,70,1,71,99,66.0
2026-04-18 03:16:03 AM,KXATPCHALLENGERMATCH-26APR18BRORIE-RIE,65,78,60,20,58,1,57,400,53,160,67,7,68,26,69,29785,70,1,71,99,66.0
2026-04-18 03:16:03 AM,KXATPCHALLENGERMATCH-26APR18BRORIE-RIE,65,78,60,20,58,1,57,400,53,160,67,7,68,25,69,29785,70,1,71,99,66.0
2026-04-18 03:16:03 AM,KXATPCHALLENGERMATCH-26APR18BRORIE-RIE,65,78,60,20,58,154,57,400,53,160,67,7,68,25,69,29785,70,1,71,99,66.0
2026-04-18 03:16:03 AM,KXATPCHALLENGERMATCH-26APR18BRORIE-RIE,65,78,60,20,58,154,57,400,53,100,67,7,68,25,69,29785,70,1,71,99,66.0
2026-04-18 03:16:03 AM,KXATPCHALLENGERMATCH-26APR18BRORIE-RIE,65,78,60,20,58,214,57,400,53,100,67,7,68,25,69,29785,70,1,71,99,66.0
2026-04-18 03:16:03 AM,KXATPCHALLENGERMATCH-26APR18BRORIE-RIE,65,78,60,20,58,214,57,400,48,900,67,7,68,25,69,29785,70,1,71,99,66.0
2026-04-18 03:16:03 AM,KXATPCHALLENGERMATCH-26APR18BRORIE-RIE,65,78,60,20,58,214,57,400,49,100,67,7,68,25,69,29785,70,1,71,99,66.0
2026-04-18 03:16:19 AM,KXATPCHALLENGERMATCH-26APR18BRORIE-RIE,65,78,60,20,58,214,57,400,49,100,67,8,68,25,69,29785,70,1,71,99,66.0
2026-04-18 03:17:38 AM,KXATPCHALLENGERMATCH-26APR18BRORIE-RIE,65,78,62,150,60,20,58,214,57,400,67,8,68,25,69,29785,70,1,71,99,66.0
2026-04-18 03:18:21 AM,KXATPCHALLENGERMATCH-26APR18BRORIE-RIE,65,78,62,150,60,20,58,214,57,400,67,8,68,1,69,29785,70,1,71,99,66.0
2026-04-18 03:18:21 AM,KXATPCHALLENGERMATCH-26APR18BRORIE-RIE,65,78,62,150,60,20,58,61,57,400,67,8,68,1,69,29785,70,1,71,99,66.0
2026-04-18 03:18:21 AM,KXATPCHALLENGERMATCH-26APR18BRORIE-RIE,65,78,62,150,60,20,58,61,57,400,67,7,68,1,69,29785,70,1,71,99,66.0
2026-04-18 03:18:33 AM,KXATPCHALLENGERMATCH-26APR18BRORIE-RIE,65,78,62,150,60,20,58,1,57,400,67,7,68,1,69,29785,70,1,71,99,66.0
2026-04-18 03:20:40 AM,KXATPCHALLENGERMATCH-26APR18BRORIE-RIE,65,78,62,150,60,20,58,1,57,400,67,3,68,1,69,29785,70,1,71,99,66.0
2026-04-18 03:20:51 AM,KXATPCHALLENGERMATCH-26APR18BRORIE-RIE,65,73,62,150,60,20,58,1,57,400,67,3,68,1,69,29785,70,1,71,99,66.0
2026-04-18 03:21:22 AM,KXATPCHALLENGERMATCH-26APR18BRORIE-RIE,65,73,62,150,60,20,58,1,57,400,67,1,68,1,69,29785,70,1,71,99,66.0
2026-04-18 03:21:22 AM,KXATPCHALLENGERMATCH-26APR18BRORIE-RIE,65,73,62,150,60,20,58,1,57,400,67,1,68,1,69,29782,70,1,71,99,66.0
2026-04-18 03:21:22 AM,KXATPCHALLENGERMATCH-26APR18BRORIE-RIE,65,73,62,150,60,20,58,1,57,400,67,1,68,15,69,29782,70,1,71,99,66.0
2026-04-18 03:21:31 AM,KXATPCHALLENGERMATCH-26APR18BRORIE-RIE,65,73,62,150,60,20,58,1,49,400,67,1,68,15,69,29782,70,1,71,99,66.0
2026-04-18 03:21:35 AM,KXATPCHALLENGERMATCH-26APR18BRORIE-RIE,65,73,62,150,60,20,58,1,50,100,67,1,68,15,69,29782,70,1,71,99,66.0
2026-04-18 03:21:35 AM,KXATPCHALLENGERMATCH-26APR18BRORIE-RIE,65,73,62,150,60,20,58,1,55,60,67,1,68,15,69,29782,70,1,71,99,66.0
2026-04-18 03:21:37 AM,KXATPCHALLENGERMATCH-26APR18BRORIE-RIE,65,73,62,150,60,20,58,1,55,120,67,1,68,15,69,29782,70,1,71,99,66.0
2026-04-18 03:22:09 AM,KXATPCHALLENGERMATCH-26APR18BRORIE-RIE,65,73,62,150,60,20,58,1,57,400,67,1,68,15,69,29782,70,1,71,99,66.0
2026-04-18 03:22:09 AM,KXATPCHALLENGERMATCH-26APR18BRORIE-RIE,65,73,62,150,60,20,58,61,57,400,67,1,68,15,69,29782,70,1,71,99,66.0
2026-04-18 03:22:09 AM,KXATPCHALLENGERMATCH-26APR18BRORIE-RIE,65,73,62,150,60,20,58,226,57,400,67,1,68,15,69,29782,70,1,71,99,66.0
2026-04-18 03:22:09 AM,KXATPCHALLENGERMATCH-26APR18BRORIE-RIE,65,73,62,150,60,20,58,286,57,400,67,1,68,15,69,29782,70,1,71,99,66.0
2026-04-18 03:22:21 AM,KXATPCHALLENGERMATCH-26APR18BRORIE-RIE,65,68,62,150,60,20,58,286,57,400,67,1,68,15,69,29782,70,1,71,99,66.0
2026-04-18 03:22:38 AM,KXATPCHALLENGERMATCH-26APR18BRORIE-RIE,65,68,62,150,60,20,58,286,57,400,67,1,68,13,69,29782,70,1,71,99,66.0
2026-04-18 03:22:38 AM,KXATPCHALLENGERMATCH-26APR18BRORIE-RIE,65,68,62,150,60,20,58,286,57,400,67,1,68,2,69,29782,70,1,71,99,66.0
2026-04-18 03:22:38 AM,KXATPCHALLENGERMATCH-26APR18BRORIE-RIE,65,68,62,150,60,20,58,286,57,400,67,1,68,14,69,29782,70,1,71,99,66.0
2026-04-18 03:22:38 AM,KXATPCHALLENGERMATCH-26APR18BRORIE-RIE,65,68,62,150,60,20,58,243,57,400,67,1,68,14,69,29782,70,1,71,99,66.0
2026-04-18 03:22:38 AM,KXATPCHALLENGERMATCH-26APR18BRORIE-RIE,65,68,62,150,60,20,58,243,57,400,67,1,68,24,69,29782,70,1,71,99,66.0
2026-04-18 03:22:38 AM,KXATPCHALLENGERMATCH-26APR18BRORIE-RIE,65,68,62,150,60,20,58,243,57,400,67,1,68,22,69,29782,70,1,71,99,66.0
2026-04-18 03:23:29 AM,KXATPCHALLENGERMATCH-26APR18BRORIE-RIE,65,68,62,150,60,20,58,243,57,400,67,1,68,2,69,29782,70,1,71,99,66.0
2026-04-18 03:23:29 AM,KXATPCHALLENGERMATCH-26APR18BRORIE-RIE,65,68,62,150,60,20,58,243,57,400,67,1,68,2,69,29707,70,1,71,99,66.0
2026-04-18 03:23:38 AM,KXATPCHALLENGERMATCH-26APR18BRORIE-RIE,65,68,62,150,60,20,59,10,58,243,67,1,68,2,69,29707,70,1,71,99,66.0
2026-04-18 03:24:20 AM,KXATPCHALLENGERMATCH-26APR18BRORIE-RIE,65,68,62,150,60,20,59,10,58,243,67,1,68,2,69,29424,70,1,71,99,66.0
2026-04-18 03:25:33 AM,KXATPCHALLENGERMATCH-26APR18BRORIE-RIE,65,68,62,150,60,20,59,10,58,243,67,1,68,2,69,29283,70,1,71,99,66.0
2026-04-18 03:25:33 AM,KXATPCHALLENGERMATCH-26APR18BRORIE-RIE,65,68,62,150,60,20,58,243,57,400,67,1,68,2,69,29283,70,1,71,99,66.0
2026-04-18 03:25:33 AM,KXATPCHALLENGERMATCH-26APR18BRORIE-RIE,65,68,64,10,62,150,60,20,58,243,67,1,68,2,69,29283,70,1,71,99,66.0
2026-04-18 03:25:33 AM,KXATPCHALLENGERMATCH-26APR18BRORIE-RIE,65,68,64,10,63,15,62,150,60,20,67,1,68,2,69,29283,70,1,71,99,66.0
2026-04-18 03:25:33 AM,KXATPCHALLENGERMATCH-26APR18BRORIE-RIE,65,68,63,15,62,150,60,20,58,243,67,1,68,2,69,29283,70,1,71,99,66.0
2026-04-18 03:25:33 AM,KXATPCHALLENGERMATCH-26APR18BRORIE-RIE,65,68,63,25,62,150,60,20,58,243,67,1,68,2,69,29283,70,1,71,99,66.0
2026-04-18 03:25:48 AM,KXATPCHALLENGERMATCH-26APR18BRORIE-RIE,65,68,63,25,62,150,60,20,58,243,67,1,68,2,69,29248,70,1,71,99,66.0
2026-04-18 03:26:20 AM,KXATPCHALLENGERMATCH-26APR18BRORIE-RIE,65,68,63,25,62,150,60,20,58,121,67,1,68,2,69,29248,70,1,71,99,66.0
2026-04-18 03:28:25 AM,KXATPCHALLENGERMATCH-26APR18BRORIE-RIE,65,68,63,25,62,150,60,20,59,104,67,1,68,2,69,29248,70,1,71,99,66.0
2026-04-18 03:28:41 AM,KXATPCHALLENGERMATCH-26APR18BRORIE-RIE,65,68,63,25,62,150,60,20,59,104,67,1,68,2,69,29186,70,1,71,99,66.0
2026-04-18 03:28:43 AM,KXATPCHALLENGERMATCH-26APR18BRORIE-RIE,65,68,63,25,62,150,60,20,59,104,67,1,68,2,69,28846,70,1,71,99,66.0
2026-04-18 03:28:56 AM,KXATPCHALLENGERMATCH-26APR18BRORIE-RIE,65,68,63,25,62,150,60,20,59,104,67,1,68,2,69,5,70,1,71,99,66.0
2026-04-18 03:28:56 AM,KXATPCHALLENGERMATCH-26APR18BRORIE-RIE,65,68,63,25,62,150,60,20,59,104,67,1,68,2,69,5,70,28842,71,99,66.0
2026-04-18 03:29:29 AM,KXATPCHALLENGERMATCH-26APR18BRORIE-RIE,65,68,63,15,62,150,60,20,59,104,67,1,68,2,69,5,70,28842,71,99,66.0
2026-04-18 03:29:32 AM,KXATPCHALLENGERMATCH-26APR18BRORIE-RIE,65,68,63,15,62,150,60,20,59,105,67,1,68,2,69,5,70,28842,71,99,66.0
2026-04-18 03:30:36 AM,KXATPCHALLENGERMATCH-26APR18BRORIE-RIE,65,68,63,15,62,150,60,20,59,1,67,1,68,2,69,5,70,28842,71,99,66.0
2026-04-18 03:30:42 AM,KXATPCHALLENGERMATCH-26APR18BRORIE-RIE,65,68,63,15,62,150,60,20,59,1,67,1,68,2,69,5,70,28158,71,99,66.0
2026-04-18 03:31:32 AM,KXATPCHALLENGERMATCH-26APR18BRORIE-RIE,65,57,63,15,62,150,60,20,59,1,67,1,68,2,69,5,70,28158,71,99,66.0
2026-04-18 03:31:33 AM,KXATPCHALLENGERMATCH-26APR18BRORIE-RIE,65,37,63,15,62,150,60,20,59,1,67,1,68,2,69,5,70,28158,71,99,66.0
2026-04-18 03:31:38 AM,KXATPCHALLENGERMATCH-26APR18BRORIE-RIE,65,37,63,15,62,150,60,20,59,1,67,1,68,2,69,12,70,28158,71,99,66.0
2026-04-18 03:31:38 AM,KXATPCHALLENGERMATCH-26APR18BRORIE-RIE,65,37,63,15,62,150,60,20,59,1,67,1,68,2,69,43,70,28158,71,99,66.0
2026-04-18 03:31:38 AM,KXATPCHALLENGERMATCH-26APR18BRORIE-RIE,65,37,63,15,62,150,60,20,59,1,67,1,68,2,69,5,70,28158,71,99,66.0
2026-04-18 03:31:38 AM,KXATPCHALLENGERMATCH-26APR18BRORIE-RIE,65,37,63,15,62,150,60,20,59,1,67,1,68,9,69,5,70,28158,71,99,66.0
2026-04-18 03:31:38 AM,KXATPCHALLENGERMATCH-26APR18BRORIE-RIE,65,37,63,15,62,150,60,20,59,1,67,1,68,16,69,5,70,28158,71,99,66.0
2026-04-18 03:31:38 AM,KXATPCHALLENGERMATCH-26APR18BRORIE-RIE,65,37,63,15,62,150,60,20,59,1,67,1,68,27,69,5,70,28158,71,99,66.0
2026-04-18 03:31:38 AM,KXATPCHALLENGERMATCH-26APR18BRORIE-RIE,65,37,63,15,62,150,60,20,59,1,67,1,68,27,69,20,70,28158,71,99,66.0
2026-04-18 03:31:38 AM,KXATPCHALLENGERMATCH-26APR18BRORIE-RIE,65,37,63,15,62,150,60,20,59,1,67,1,68,33,69,20,70,28158,71,99,66.0
2026-04-18 03:31:39 AM,KXATPCHALLENGERMATCH-26APR18BRORIE-RIE,65,37,63,15,62,150,60,20,59,1,67,1,68,33,69,22,70,28158,71,99,66.0
2026-04-18 03:32:49 AM,KXATPCHALLENGERMATCH-26APR18BRORIE-RIE,65,17,63,15,62,150,60,20,59,1,67,1,68,33,69,22,70,28158,71,99,66.0
2026-04-18 03:32:49 AM,KXATPCHALLENGERMATCH-26APR18BRORIE-RIE,65,17,63,15,62,150,60,20,59,1,67,1,68,2,69,22,70,28158,71,99,66.0
2026-04-18 03:32:49 AM,KXATPCHALLENGERMATCH-26APR18BRORIE-RIE,65,17,63,15,62,150,60,20,59,1,67,1,68,33,69,22,70,28158,71,99,66.0
2026-04-18 03:32:49 AM,KXATPCHALLENGERMATCH-26APR18BRORIE-RIE,65,17,63,15,62,150,60,20,59,1,67,1,68,39,69,22,70,28158,71,99,66.0
2026-04-18 03:32:49 AM,KXATPCHALLENGERMATCH-26APR18BRORIE-RIE,65,17,63,15,62,150,60,20,59,1,67,1,68,39,69,20,70,28158,71,99,66.0
2026-04-18 03:32:49 AM,KXATPCHALLENGERMATCH-26APR18BRORIE-RIE,65,17,63,15,62,150,60,20,59,1,67,1,68,2,69,20,70,28158,71,99,66.0
2026-04-18 03:32:49 AM,KXATPCHALLENGERMATCH-26APR18BRORIE-RIE,65,17,63,15,62,150,60,20,59,1,67,34,68,2,69,20,70,28158,71,99,66.0
2026-04-18 03:33:56 AM,KXATPCHALLENGERMATCH-26APR18BRORIE-RIE,65,17,63,15,62,150,60,20,59,1,67,34,68,2,69,21,70,28158,71,99,66.0
2026-04-18 03:35:00 AM,KXATPCHALLENGERMATCH-26APR18BRORIE-RIE,65,17,63,15,62,150,60,20,59,1,67,1,68,2,69,21,70,28158,71,99,66.0
2026-04-18 03:35:00 AM,KXATPCHALLENGERMATCH-26APR18BRORIE-RIE,65,3,63,15,62,150,60,20,59,1,67,1,68,2,69,21,70,28158,71,99,66.0
2026-04-18 03:35:00 AM,KXATPCHALLENGERMATCH-26APR18BRORIE-RIE,65,3,63,10,62,150,60,20,59,1,67,1,68,2,69,21,70,28158,71,99,66.0
2026-04-18 03:35:00 AM,KXATPCHALLENGERMATCH-26APR18BRORIE-RIE,65,3,63,10,62,150,60,20,59,1,67,1,68,2,69,21,70,28158,71,980,66.0
2026-04-18 03:35:00 AM,KXATPCHALLENGERMATCH-26APR18BRORIE-RIE,65,3,63,10,62,150,60,20,59,1,67,1,68,2,69,21,70,28938,71,980,66.0
2026-04-18 03:35:00 AM,KXATPCHALLENGERMATCH-26APR18BRORIE-RIE,65,3,63,10,62,150,60,20,59,1,67,1,68,2,69,20,70,28938,71,980,66.0
2026-04-18 03:35:00 AM,KXATPCHALLENGERMATCH-26APR18BRORIE-RIE,65,3,63,10,62,150,60,20,59,1,67,1,68,39,69,20,70,28938,71,980,66.0
2026-04-18 03:35:43 AM,KXATPCHALLENGERMATCH-26APR18BRORIE-RIE,65,3,63,10,62,150,60,20,59,1,67,1,68,17,69,20,70,28938,71,980,66.0
2026-04-18 03:35:43 AM,KXATPCHALLENGERMATCH-26APR18BRORIE-RIE,65,3,63,10,62,150,60,20,59,1,67,1,68,2,69,20,70,28938,71,980,66.0
2026-04-18 03:35:43 AM,KXATPCHALLENGERMATCH-26APR18BRORIE-RIE,65,3,63,10,62,150,60,20,59,1,67,12,68,2,69,20,70,28938,71,980,66.0
2026-04-18 03:35:43 AM,KXATPCHALLENGERMATCH-26APR18BRORIE-RIE,65,3,63,10,62,150,60,20,59,1,67,1,68,2,69,20,70,28938,71,980,66.0
2026-04-18 03:35:43 AM,KXATPCHALLENGERMATCH-26APR18BRORIE-RIE,65,3,63,10,62,150,60,20,59,1,67,1,68,17,69,20,70,28938,71,980,66.0
2026-04-18 03:35:43 AM,KXATPCHALLENGERMATCH-26APR18BRORIE-RIE,65,3,63,10,62,150,60,20,59,1,67,1,68,27,69,20,70,28938,71,980,66.0
2026-04-18 03:37:55 AM,KXATPCHALLENGERMATCH-26APR18BRORIE-RIE,65,3,63,10,62,150,60,20,59,1,67,1,68,20,69,20,70,28938,71,980,66.0
2026-04-18 03:37:56 AM,KXATPCHALLENGERMATCH-26APR18BRORIE-RIE,65,3,63,10,62,150,60,20,59,1,67,1,68,21,69,20,70,28938,71,980,66.0
2026-04-18 03:40:27 AM,KXATPCHALLENGERMATCH-26APR18BRORIE-RIE,65,3,63,10,62,150,60,20,59,1,67,1,68,20,69,20,70,28938,71,980,66.0
2026-04-18 03:40:36 AM,KXATPCHALLENGERMATCH-26APR18BRORIE-RIE,65,3,63,10,62,150,60,20,59,1,67,1,68,20,69,20,70,28943,71,980,66.0
2026-04-18 03:41:05 AM,KXATPCHALLENGERMATCH-26APR18BRORIE-RIE,65,3,63,10,62,150,60,20,59,1,67,1,68,60,69,20,70,28943,71,980,66.0
2026-04-18 03:44:07 AM,KXATPCHALLENGERMATCH-26APR18BRORIE-RIE,65,3,63,10,62,150,60,20,59,1,67,1,68,60,69,5,70,28943,71,980,66.0
2026-04-18 03:44:57 AM,KXATPCHALLENGERMATCH-26APR18BRORIE-RIE,65,3,63,10,62,150,60,20,59,1,67,1,68,69,69,5,70,28943,71,980,66.0
2026-04-18 03:48:50 AM,KXATPCHALLENGERMATCH-26APR18BRORIE-RIE,65,3,63,10,62,150,60,10,59,1,67,1,68,69,69,5,70,28943,71,980,66.0
2026-04-18 03:48:50 AM,KXATPCHALLENGERMATCH-26APR18BRORIE-RIE,65,3,63,10,62,150,59,1,58,1,67,1,68,69,69,5,70,28943,71,980,66.0
2026-04-18 03:48:50 AM,KXATPCHALLENGERMATCH-26APR18BRORIE-RIE,65,3,63,10,62,150,59,1,58,11,67,1,68,69,69,5,70,28943,71,980,66.0
2026-04-18 03:48:50 AM,KXATPCHALLENGERMATCH-26APR18BRORIE-RIE,65,3,63,10,62,150,59,1,58,21,67,1,68,69,69,5,70,28943,71,980,66.0
2026-04-18 03:48:50 AM,KXATPCHALLENGERMATCH-26APR18BRORIE-RIE,65,3,63,10,62,150,59,1,58,21,67,1,68,42,69,5,70,28943,71,980,66.0
2026-04-18 03:48:50 AM,KXATPCHALLENGERMATCH-26APR18BRORIE-RIE,65,3,63,10,62,150,59,1,58,21,67,1,68,42,69,5,70,28163,71,980,66.0
2026-04-18 03:48:50 AM,KXATPCHALLENGERMATCH-26APR18BRORIE-RIE,65,3,63,10,62,150,59,1,58,21,67,1,68,42,69,5,70,28163,71,99,66.0
2026-04-18 03:48:50 AM,KXATPCHALLENGERMATCH-26APR18BRORIE-RIE,65,3,63,10,62,150,59,1,58,21,67,1,68,42,69,5,70,28158,71,99,66.0
2026-04-18 03:48:51 AM,KXATPCHALLENGERMATCH-26APR18BRORIE-RIE,65,3,63,10,62,150,59,1,58,21,67,1,68,42,69,5,70,28938,71,99,66.0
2026-04-18 03:48:51 AM,KXATPCHALLENGERMATCH-26APR18BRORIE-RIE,65,3,63,10,62,150,59,1,58,21,67,6,68,42,69,5,70,28938,71,99,66.0
2026-04-18 03:48:51 AM,KXATPCHALLENGERMATCH-26APR18BRORIE-RIE,65,3,63,10,62,150,59,1,58,21,67,6,68,49,69,5,70,28938,71,99,66.0
2026-04-18 03:48:51 AM,KXATPCHALLENGERMATCH-26APR18BRORIE-RIE,65,3,63,10,62,150,59,1,58,21,67,6,68,49,69,5,70,28938,71,980,66.0
2026-04-18 03:49:15 AM,KXATPCHALLENGERMATCH-26APR18BRORIE-RIE,65,3,63,10,62,150,59,1,58,21,67,23,68,49,69,5,70,28938,71,980,66.0
2026-04-18 03:49:39 AM,KXATPCHALLENGERMATCH-26APR18BRORIE-RIE,65,3,63,10,62,150,59,1,58,21,67,6,68,49,69,5,70,28938,71,980,66.0
2026-04-18 03:49:53 AM,KXATPCHALLENGERMATCH-26APR18BRORIE-RIE,65,3,63,10,62,150,59,1,58,21,67,23,68,49,69,5,70,28938,71,980,66.0
2026-04-18 03:50:08 AM,KXATPCHALLENGERMATCH-26APR18BRORIE-RIE,65,3,63,10,62,150,59,1,58,21,67,23,68,9,69,5,70,28938,71,980,66.0
2026-04-18 03:50:08 AM,KXATPCHALLENGERMATCH-26APR18BRORIE-RIE,65,3,63,10,62,150,59,1,58,21,67,63,68,9,69,5,70,28938,71,980,66.0
2026-04-18 03:50:17 AM,KXATPCHALLENGERMATCH-26APR18BRORIE-RIE,65,3,63,10,62,150,59,1,58,21,67,46,68,9,69,5,70,28938,71,980,66.0
2026-04-18 03:50:31 AM,KXATPCHALLENGERMATCH-26APR18BRORIE-RIE,65,3,63,10,62,150,59,1,58,21,67,63,68,9,69,5,70,28938,71,980,66.0
2026-04-18 03:50:55 AM,KXATPCHALLENGERMATCH-26APR18BRORIE-RIE,65,3,63,10,62,150,59,1,58,21,67,46,68,9,69,5,70,28938,71,980,66.0
2026-04-18 03:51:09 AM,KXATPCHALLENGERMATCH-26APR18BRORIE-RIE,65,3,63,10,62,150,59,1,58,21,67,63,68,9,69,5,70,28938,71,980,66.0
2026-04-18 03:51:33 AM,KXATPCHALLENGERMATCH-26APR18BRORIE-RIE,65,3,63,10,62,150,59,1,58,21,67,46,68,9,69,5,70,28938,71,980,66.0
2026-04-18 03:51:37 AM,KXATPCHALLENGERMATCH-26APR18BRORIE-RIE,65,3,63,1,62,150,59,1,58,21,67,46,68,9,69,5,70,28938,71,980,66.0
2026-04-18 03:51:37 AM,KXATPCHALLENGERMATCH-26APR18BRORIE-RIE,65,3,63,1,62,146,59,1,58,21,67,46,68,9,69,5,70,28938,71,980,66.0
2026-04-18 03:51:43 AM,KXATPCHALLENGERMATCH-26APR18BRORIE-RIE,65,3,63,1,62,146,59,1,58,21,67,63,68,9,69,5,70,28938,71,980,66.0
2026-04-18 03:52:08 AM,KXATPCHALLENGERMATCH-26APR18BRORIE-RIE,65,3,63,1,62,146,59,1,58,21,67,46,68,9,69,5,70,28938,71,980,66.0
2026-04-18 03:52:22 AM,KXATPCHALLENGERMATCH-26APR18BRORIE-RIE,65,3,63,1,62,146,59,1,58,21,67,63,68,9,69,5,70,28938,71,980,66.0
2026-04-18 03:52:36 AM,KXATPCHALLENGERMATCH-26APR18BRORIE-RIE,65,3,63,1,62,146,59,1,58,21,67,59,68,9,69,5,70,28938,71,980,66.0
2026-04-18 03:52:36 AM,KXATPCHALLENGERMATCH-26APR18BRORIE-RIE,65,3,63,1,62,146,59,1,58,21,67,59,68,32,69,5,70,28938,71,980,66.0
2026-04-18 03:52:40 AM,KXATPCHALLENGERMATCH-26APR18BRORIE-RIE,65,3,63,1,62,146,59,1,58,21,67,59,68,2,69,5,70,28938,71,980,66.0
2026-04-18 03:52:40 AM,KXATPCHALLENGERMATCH-26APR18BRORIE-RIE,65,3,63,1,62,146,59,1,58,21,67,59,68,2,69,315,70,28938,71,980,66.0
2026-04-18 03:52:40 AM,KXATPCHALLENGERMATCH-26APR18BRORIE-RIE,65,3,63,1,62,146,59,1,58,21,67,77,68,2,69,315,70,28938,71,980,66.0
2026-04-18 03:54:32 AM,KXATPCHALLENGERMATCH-26APR18BRORIE-RIE,65,3,63,1,62,146,59,1,58,21,67,77,68,49,69,315,70,28938,71,980,66.0
2026-04-18 03:55:31 AM,KXATPCHALLENGERMATCH-26APR18BRORIE-RIE,65,3,63,1,62,35,59,1,58,21,67,77,68,49,69,315,70,28938,71,980,66.0
2026-04-18 03:55:31 AM,KXATPCHALLENGERMATCH-26APR18BRORIE-RIE,65,3,63,1,62,35,59,1,58,21,67,77,68,49,69,315,70,28938,71,99,66.0
2026-04-18 03:55:31 AM,KXATPCHALLENGERMATCH-26APR18BRORIE-RIE,65,3,63,1,62,35,59,1,58,21,67,1998,68,49,69,315,70,28938,71,99,66.0
2026-04-18 03:55:31 AM,KXATPCHALLENGERMATCH-26APR18BRORIE-RIE,65,3,63,1,62,35,59,1,58,21,67,1998,68,49,69,315,70,28158,71,99,66.0
2026-04-18 03:55:31 AM,KXATPCHALLENGERMATCH-26APR18BRORIE-RIE,65,3,63,1,62,35,59,1,58,21,66,820,67,1998,68,49,69,315,70,28158,65.5
2026-04-18 03:55:31 AM,KXATPCHALLENGERMATCH-26APR18BRORIE-RIE,65,3,63,1,62,35,59,1,58,21,66,820,67,1962,68,49,69,315,70,28158,65.5
2026-04-18 03:55:31 AM,KXATPCHALLENGERMATCH-26APR18BRORIE-RIE,65,3,63,1,62,35,59,1,58,21,65,17,66,820,67,1962,68,49,69,315,65.0
2026-04-18 03:55:31 AM,KXATPCHALLENGERMATCH-26APR18BRORIE-RIE,65,3,63,1,62,35,59,1,58,21,65,17,66,820,67,1962,68,2,69,315,65.0
2026-04-18 03:55:32 AM,KXATPCHALLENGERMATCH-26APR18BRORIE-RIE,65,3,63,1,62,35,59,1,58,21,65,34,66,820,67,1962,68,2,69,315,65.0
2026-04-18 03:55:32 AM,KXATPCHALLENGERMATCH-26APR18BRORIE-RIE,65,3,63,1,62,35,59,1,58,21,65,17,66,820,67,1962,68,2,69,315,65.0
2026-04-18 03:55:32 AM,KXATPCHALLENGERMATCH-26APR18BRORIE-RIE,65,3,63,1,62,35,59,1,58,21,65,34,66,820,67,1962,68,2,69,315,65.0
2026-04-18 03:55:32 AM,KXATPCHALLENGERMATCH-26APR18BRORIE-RIE,65,3,63,1,62,35,59,1,58,21,65,17,66,820,67,1962,68,2,69,315,65.0
2026-04-18 03:55:32 AM,KXATPCHALLENGERMATCH-26APR18BRORIE-RIE,65,3,63,1,62,35,59,1,58,21,65,34,66,820,67,1962,68,2,69,315,65.0
