ts_et,ticker,bid_1,bid_1_sz,bid_2,bid_2_sz,bid_3,bid_3_sz,bid_4,bid_4_sz,bid_5,bid_5_sz,ask_1,ask_1_sz,ask_2,ask_2_sz,ask_3,ask_3_sz,ask_4,ask_4_sz,ask_5,ask_5_sz,mid
2026-04-18 03:34:34 PM,KXATPCHALLENGERMATCH-26APR19TRECAM-TRE,6,116,5,199,4,823,3,540,2,900,94,365,95,30,96,543,97,82,98,120,50.0
2026-04-18 03:34:56 PM,KXATPCHALLENGERMATCH-26APR19TRECAM-TRE,6,116,5,199,4,823,3,540,2,900,94,365,95,30,96,543,97,84,98,120,50.0
2026-04-18 03:34:56 PM,KXATPCHALLENGERMATCH-26APR19TRECAM-TRE,6,116,5,199,4,823,3,540,2,900,94,365,95,30,96,543,97,84,98,123,50.0
2026-04-18 03:37:28 PM,KXATPCHALLENGERMATCH-26APR19TRECAM-TRE,6,116,5,199,4,823,3,540,2,900,94,365,95,30,96,543,97,84,98,123,50.0,2578,1145,0.692
2026-04-18 03:46:12 PM,KXATPCHALLENGERMATCH-26APR19TRECAM-TRE,7,5,6,116,5,199,4,823,3,540,94,365,95,30,96,543,97,84,98,123,50.5,1683,1145,0.595
2026-04-18 03:46:12 PM,KXATPCHALLENGERMATCH-26APR19TRECAM-TRE,7,5,6,116,5,199,4,823,3,540,93,5,94,365,95,30,96,543,97,84,50.0,1683,1027,0.621
2026-04-18 03:51:34 PM,KXATPCHALLENGERMATCH-26APR19TRECAM-TRE,7,5,6,116,5,199,4,823,3,540,93,5,94,365,95,25,96,543,97,84,50.0,1683,1022,0.622
2026-04-18 03:51:34 PM,KXATPCHALLENGERMATCH-26APR19TRECAM-TRE,7,5,6,116,5,194,4,823,3,540,93,5,94,365,95,25,96,543,97,84,50.0,1678,1022,0.621
2026-04-18 03:54:48 PM,KXATPCHALLENGERMATCH-26APR19TRECAM-TRE,12,500,7,5,6,116,5,194,4,823,93,5,94,365,95,25,96,543,97,84,52.5,1638,1022,0.616
2026-04-18 03:56:55 PM,KXATPCHALLENGERMATCH-26APR19TRECAM-TRE,12,500,7,5,6,116,5,194,4,823,93,5,94,365,95,25,96,543,97,84,52.5,1638,1022,0.616
2026-04-18 03:57:40 PM,KXATPCHALLENGERMATCH-26APR19TRECAM-TRE,12,500,7,5,6,116,5,194,4,823,93,5,94,365,95,25,96,543,97,84,52.5,1638,1022,0.616
2026-04-18 04:00:08 PM,KXATPCHALLENGERMATCH-26APR19TRECAM-TRE,12,500,8,100,7,5,6,116,5,194,93,5,94,365,95,25,96,543,97,84,52.5,915,1022,0.472
2026-04-18 04:00:08 PM,KXATPCHALLENGERMATCH-26APR19TRECAM-TRE,12,500,8,100,7,5,6,116,5,194,93,5,94,865,95,25,96,543,97,84,52.5,915,1522,0.375
2026-04-18 04:00:20 PM,KXATPCHALLENGERMATCH-26APR19TRECAM-TRE,12,500,8,100,7,5,6,116,5,194,93,5,94,365,95,25,96,543,97,84,52.5,915,1022,0.472
2026-04-18 04:00:20 PM,KXATPCHALLENGERMATCH-26APR19TRECAM-TRE,12,500,7,5,6,116,5,194,4,823,93,5,94,365,95,25,96,543,97,84,52.5,1638,1022,0.616
2026-04-18 04:01:55 PM,KXATPCHALLENGERMATCH-26APR19TRECAM-TRE,12,500,7,5,6,116,5,194,4,823,94,365,95,25,96,543,97,84,98,123,53.0,1638,1140,0.590
2026-04-18 04:01:55 PM,KXATPCHALLENGERMATCH-26APR19TRECAM-TRE,12,500,6,116,5,194,4,823,3,540,94,365,95,25,96,543,97,84,98,123,53.0,2173,1140,0.656
2026-04-18 04:01:59 PM,KXATPCHALLENGERMATCH-26APR19TRECAM-TRE,13,3,12,500,6,116,5,194,4,823,94,365,95,25,96,543,97,84,98,123,53.5,1636,1140,0.589
2026-04-18 04:01:59 PM,KXATPCHALLENGERMATCH-26APR19TRECAM-TRE,13,3,12,500,6,116,5,194,4,823,92,3,94,365,95,25,96,543,97,84,52.5,1636,1020,0.616
2026-04-18 04:07:16 PM,KXATPCHALLENGERMATCH-26APR19TRECAM-TRE,13,3,12,519,6,116,5,194,4,823,92,3,94,365,95,25,96,543,97,84,52.5,1655,1020,0.619
2026-04-18 04:07:16 PM,KXATPCHALLENGERMATCH-26APR19TRECAM-TRE,13,3,12,519,7,64,6,116,5,194,92,3,94,365,95,25,96,543,97,84,52.5,896,1020,0.468
2026-04-18 04:07:19 PM,KXATPCHALLENGERMATCH-26APR19TRECAM-TRE,13,3,12,519,7,64,6,116,5,194,92,3,94,365,95,25,96,543,97,84,52.5,896,1020,0.468
2026-04-18 04:10:33 PM,KXATPCHALLENGERMATCH-26APR19TRECAM-TRE,13,3,12,519,7,64,6,116,5,194,91,100,92,3,94,365,95,25,96,543,52.0,896,1036,0.464
2026-04-18 04:10:33 PM,KXATPCHALLENGERMATCH-26APR19TRECAM-TRE,13,3,12,519,7,64,6,116,5,194,91,100,92,3,93,13,94,365,95,25,52.0,896,506,0.639
2026-04-18 04:10:34 PM,KXATPCHALLENGERMATCH-26APR19TRECAM-TRE,13,3,12,519,6,116,5,194,4,823,91,100,92,3,93,13,94,365,95,25,52.0,1655,506,0.766
2026-04-18 04:10:34 PM,KXATPCHALLENGERMATCH-26APR19TRECAM-TRE,13,9,12,519,6,116,5,194,4,823,91,100,92,3,93,13,94,365,95,25,52.0,1661,506,0.766
2026-04-18 04:13:56 PM,KXATPCHALLENGERMATCH-26APR19TRECAM-TRE,14,2,13,9,12,519,6,116,5,194,91,100,92,3,93,13,94,365,95,25,52.5,840,506,0.624
2026-04-18 04:13:56 PM,KXATPCHALLENGERMATCH-26APR19TRECAM-TRE,14,2,13,9,12,519,6,116,5,194,90,2,91,100,92,3,93,13,94,365,52.0,840,483,0.635
2026-04-18 04:13:56 PM,KXATPCHALLENGERMATCH-26APR19TRECAM-TRE,14,2,13,9,12,519,7,64,6,116,90,2,91,100,92,3,93,13,94,365,52.0,710,483,0.595
2026-04-18 04:13:56 PM,KXATPCHALLENGERMATCH-26APR19TRECAM-TRE,14,2,13,3,12,519,7,64,6,116,90,2,91,100,92,3,93,13,94,365,52.0,704,483,0.593
2026-04-18 04:13:56 PM,KXATPCHALLENGERMATCH-26APR19TRECAM-TRE,14,2,13,3,12,519,7,64,6,116,89,100,90,2,91,100,92,3,93,13,51.5,704,218,0.764
2026-04-18 04:13:56 PM,KXATPCHALLENGERMATCH-26APR19TRECAM-TRE,14,2,13,3,12,519,7,64,6,116,89,100,90,2,91,100,92,3,94,365,51.5,704,570,0.553
2026-04-18 04:13:56 PM,KXATPCHALLENGERMATCH-26APR19TRECAM-TRE,14,2,13,3,12,519,7,64,6,116,89,100,90,2,92,3,94,365,95,25,51.5,704,495,0.587
2026-04-18 04:13:56 PM,KXATPCHALLENGERMATCH-26APR19TRECAM-TRE,14,2,13,9,12,519,7,64,6,116,89,100,90,2,92,3,94,365,95,25,51.5,710,495,0.589
2026-04-18 04:13:56 PM,KXATPCHALLENGERMATCH-26APR19TRECAM-TRE,14,2,13,9,12,519,7,64,6,116,89,100,90,2,91,13,92,3,94,365,51.5,710,483,0.595
2026-04-18 04:13:56 PM,KXATPCHALLENGERMATCH-26APR19TRECAM-TRE,14,2,13,9,12,519,6,116,5,194,89,100,90,2,91,13,92,3,94,365,51.5,840,483,0.635
2026-04-18 04:14:07 PM,KXATPCHALLENGERMATCH-26APR19TRECAM-TRE,14,2,13,9,12,500,6,116,5,194,89,100,90,2,91,13,92,3,94,365,51.5,821,483,0.630
2026-04-18 04:14:07 PM,KXATPCHALLENGERMATCH-26APR19TRECAM-TRE,14,2,13,3,12,500,6,116,5,194,89,100,90,2,91,13,92,3,94,365,51.5,815,483,0.628
2026-04-18 04:14:07 PM,KXATPCHALLENGERMATCH-26APR19TRECAM-TRE,14,2,13,3,12,500,6,116,5,194,90,2,91,13,92,3,94,365,95,25,52.0,815,408,0.666
2026-04-18 04:14:07 PM,KXATPCHALLENGERMATCH-26APR19TRECAM-TRE,14,2,13,3,12,500,6,116,5,194,90,2,92,3,94,365,95,25,96,543,52.0,815,938,0.465
2026-04-18 04:14:58 PM,KXATPCHALLENGERMATCH-26APR19TRECAM-TRE,14,2,13,3,12,500,6,116,5,194,90,2,92,3,94,365,95,26,96,543,52.0,815,939,0.465
2026-04-18 04:14:58 PM,KXATPCHALLENGERMATCH-26APR19TRECAM-TRE,14,2,13,22,12,500,6,116,5,194,90,2,92,3,94,365,95,26,96,543,52.0,834,939,0.470
2026-04-18 04:14:58 PM,KXATPCHALLENGERMATCH-26APR19TRECAM-TRE,14,2,13,22,12,512,6,116,5,194,90,2,92,3,94,365,95,26,96,543,52.0,846,939,0.474
2026-04-18 04:17:35 PM,KXATPCHALLENGERMATCH-26APR19TRECAM-TRE,14,2,13,22,12,512,6,116,5,194,90,2,94,365,95,26,96,543,97,84,52.0,846,1020,0.453
2026-04-18 04:17:35 PM,KXATPCHALLENGERMATCH-26APR19TRECAM-TRE,14,2,13,22,12,512,6,116,5,194,89,100,90,2,94,365,95,26,96,543,51.5,846,1036,0.450
2026-04-18 04:17:35 PM,KXATPCHALLENGERMATCH-26APR19TRECAM-TRE,14,2,13,22,12,512,6,116,5,194,89,100,90,2,93,13,94,365,95,26,51.5,846,506,0.626
2026-04-18 04:17:35 PM,KXATPCHALLENGERMATCH-26APR19TRECAM-TRE,14,2,13,19,12,512,6,116,5,194,89,100,90,2,93,13,94,365,95,26,51.5,843,506,0.625
2026-04-18 04:17:36 PM,KXATPCHALLENGERMATCH-26APR19TRECAM-TRE,14,2,13,19,12,500,6,116,5,194,89,100,90,2,93,13,94,365,95,26,51.5,831,506,0.622
2026-04-18 04:17:36 PM,KXATPCHALLENGERMATCH-26APR19TRECAM-TRE,14,8,13,19,12,500,6,116,5,194,89,100,90,2,93,13,94,365,95,26,51.5,837,506,0.623
2026-04-18 04:17:37 PM,KXATPCHALLENGERMATCH-26APR19TRECAM-TRE,14,2,13,19,12,500,6,116,5,194,89,100,90,2,93,13,94,365,95,26,51.5,831,506,0.622
2026-04-18 04:17:37 PM,KXATPCHALLENGERMATCH-26APR19TRECAM-TRE,14,2,13,19,12,512,6,116,5,194,89,100,90,2,93,13,94,365,95,26,51.5,843,506,0.625
2026-04-18 04:17:37 PM,KXATPCHALLENGERMATCH-26APR19TRECAM-TRE,14,8,13,19,12,512,6,116,5,194,89,100,90,2,93,13,94,365,95,26,51.5,849,506,0.627
2026-04-18 04:17:37 PM,KXATPCHALLENGERMATCH-26APR19TRECAM-TRE,14,8,13,19,12,500,6,116,5,194,89,100,90,2,93,13,94,365,95,26,51.5,837,506,0.623
2026-04-18 04:17:38 PM,KXATPCHALLENGERMATCH-26APR19TRECAM-TRE,14,2,13,19,12,500,6,116,5,194,89,100,90,2,93,13,94,365,95,26,51.5,831,506,0.622
2026-04-18 04:17:38 PM,KXATPCHALLENGERMATCH-26APR19TRECAM-TRE,14,2,13,19,12,512,6,116,5,194,89,100,90,2,93,13,94,365,95,26,51.5,843,506,0.625
2026-04-18 04:17:38 PM,KXATPCHALLENGERMATCH-26APR19TRECAM-TRE,14,2,13,19,12,500,6,116,5,194,89,100,90,2,93,13,94,365,95,26,51.5,831,506,0.622
2026-04-18 04:17:38 PM,KXATPCHALLENGERMATCH-26APR19TRECAM-TRE,14,8,13,19,12,500,6,116,5,194,89,100,90,2,93,13,94,365,95,26,51.5,837,506,0.623
2026-04-18 04:17:39 PM,KXATPCHALLENGERMATCH-26APR19TRECAM-TRE,14,2,13,19,12,500,6,116,5,194,89,100,90,2,93,13,94,365,95,26,51.5,831,506,0.622
2026-04-18 04:17:39 PM,KXATPCHALLENGERMATCH-26APR19TRECAM-TRE,14,2,13,19,12,512,6,116,5,194,89,100,90,2,93,13,94,365,95,26,51.5,843,506,0.625
2026-04-18 04:17:39 PM,KXATPCHALLENGERMATCH-26APR19TRECAM-TRE,14,2,13,19,12,500,6,116,5,194,89,100,90,2,93,13,94,365,95,26,51.5,831,506,0.622
2026-04-18 04:17:39 PM,KXATPCHALLENGERMATCH-26APR19TRECAM-TRE,14,8,13,19,12,500,6,116,5,194,89,100,90,2,93,13,94,365,95,26,51.5,837,506,0.623
2026-04-18 04:17:40 PM,KXATPCHALLENGERMATCH-26APR19TRECAM-TRE,14,2,13,19,12,500,6,116,5,194,89,100,90,2,93,13,94,365,95,26,51.5,831,506,0.622
2026-04-18 04:17:40 PM,KXATPCHALLENGERMATCH-26APR19TRECAM-TRE,14,2,13,19,12,512,6,116,5,194,89,100,90,2,93,13,94,365,95,26,51.5,843,506,0.625
2026-04-18 04:17:40 PM,KXATPCHALLENGERMATCH-26APR19TRECAM-TRE,14,2,13,19,12,500,6,116,5,194,89,100,90,2,93,13,94,365,95,26,51.5,831,506,0.622
2026-04-18 04:17:40 PM,KXATPCHALLENGERMATCH-26APR19TRECAM-TRE,14,8,13,19,12,500,6,116,5,194,89,100,90,2,93,13,94,365,95,26,51.5,837,506,0.623
2026-04-18 04:17:41 PM,KXATPCHALLENGERMATCH-26APR19TRECAM-TRE,14,2,13,19,12,500,6,116,5,194,89,100,90,2,93,13,94,365,95,26,51.5,831,506,0.622
2026-04-18 04:17:41 PM,KXATPCHALLENGERMATCH-26APR19TRECAM-TRE,14,2,13,19,12,512,6,116,5,194,89,100,90,2,93,13,94,365,95,26,51.5,843,506,0.625
2026-04-18 04:17:41 PM,KXATPCHALLENGERMATCH-26APR19TRECAM-TRE,14,2,13,19,12,500,6,116,5,194,89,100,90,2,93,13,94,365,95,26,51.5,831,506,0.622
2026-04-18 04:17:41 PM,KXATPCHALLENGERMATCH-26APR19TRECAM-TRE,14,8,13,19,12,500,6,116,5,194,89,100,90,2,93,13,94,365,95,26,51.5,837,506,0.623
2026-04-18 04:17:42 PM,KXATPCHALLENGERMATCH-26APR19TRECAM-TRE,14,2,13,19,12,500,6,116,5,194,89,100,90,2,93,13,94,365,95,26,51.5,831,506,0.622
2026-04-18 04:17:42 PM,KXATPCHALLENGERMATCH-26APR19TRECAM-TRE,14,2,13,19,12,512,6,116,5,194,89,100,90,2,93,13,94,365,95,26,51.5,843,506,0.625
2026-04-18 04:17:42 PM,KXATPCHALLENGERMATCH-26APR19TRECAM-TRE,14,2,13,19,12,500,6,116,5,194,89,100,90,2,93,13,94,365,95,26,51.5,831,506,0.622
2026-04-18 04:17:42 PM,KXATPCHALLENGERMATCH-26APR19TRECAM-TRE,14,8,13,19,12,500,6,116,5,194,89,100,90,2,93,13,94,365,95,26,51.5,837,506,0.623
2026-04-18 04:17:43 PM,KXATPCHALLENGERMATCH-26APR19TRECAM-TRE,14,8,13,19,12,512,6,116,5,194,89,100,90,2,93,13,94,365,95,26,51.5,849,506,0.627
2026-04-18 04:17:43 PM,KXATPCHALLENGERMATCH-26APR19TRECAM-TRE,14,2,13,19,12,512,6,116,5,194,89,100,90,2,93,13,94,365,95,26,51.5,843,506,0.625
2026-04-18 04:17:43 PM,KXATPCHALLENGERMATCH-26APR19TRECAM-TRE,14,8,13,19,12,512,6,116,5,194,89,100,90,2,93,13,94,365,95,26,51.5,849,506,0.627
2026-04-18 04:17:43 PM,KXATPCHALLENGERMATCH-26APR19TRECAM-TRE,14,8,13,19,12,500,6,116,5,194,89,100,90,2,93,13,94,365,95,26,51.5,837,506,0.623
2026-04-18 04:17:44 PM,KXATPCHALLENGERMATCH-26APR19TRECAM-TRE,14,8,13,19,12,512,6,116,5,194,89,100,90,2,93,13,94,365,95,26,51.5,849,506,0.627
2026-04-18 04:17:44 PM,KXATPCHALLENGERMATCH-26APR19TRECAM-TRE,14,2,13,19,12,512,6,116,5,194,89,100,90,2,93,13,94,365,95,26,51.5,843,506,0.625
2026-04-18 04:17:44 PM,KXATPCHALLENGERMATCH-26APR19TRECAM-TRE,14,8,13,19,12,512,6,116,5,194,89,100,90,2,93,13,94,365,95,26,51.5,849,506,0.627
2026-04-18 04:17:44 PM,KXATPCHALLENGERMATCH-26APR19TRECAM-TRE,14,8,13,19,12,500,6,116,5,194,89,100,90,2,93,13,94,365,95,26,51.5,837,506,0.623
2026-04-18 04:17:45 PM,KXATPCHALLENGERMATCH-26APR19TRECAM-TRE,14,2,13,19,12,500,6,116,5,194,89,100,90,2,93,13,94,365,95,26,51.5,831,506,0.622
2026-04-18 04:17:45 PM,KXATPCHALLENGERMATCH-26APR19TRECAM-TRE,14,2,13,19,12,512,6,116,5,194,89,100,90,2,93,13,94,365,95,26,51.5,843,506,0.625
2026-04-18 04:17:45 PM,KXATPCHALLENGERMATCH-26APR19TRECAM-TRE,14,8,13,19,12,512,6,116,5,194,89,100,90,2,93,13,94,365,95,26,51.5,849,506,0.627
2026-04-18 04:17:45 PM,KXATPCHALLENGERMATCH-26APR19TRECAM-TRE,14,8,13,19,12,500,6,116,5,194,89,100,90,2,93,13,94,365,95,26,51.5,837,506,0.623
2026-04-18 04:17:46 PM,KXATPCHALLENGERMATCH-26APR19TRECAM-TRE,14,2,13,19,12,500,6,116,5,194,89,100,90,2,93,13,94,365,95,26,51.5,831,506,0.622
2026-04-18 04:17:46 PM,KXATPCHALLENGERMATCH-26APR19TRECAM-TRE,14,2,13,19,12,512,6,116,5,194,89,100,90,2,93,13,94,365,95,26,51.5,843,506,0.625
2026-04-18 04:17:46 PM,KXATPCHALLENGERMATCH-26APR19TRECAM-TRE,14,8,13,19,12,512,6,116,5,194,89,100,90,2,93,13,94,365,95,26,51.5,849,506,0.627
2026-04-18 04:17:46 PM,KXATPCHALLENGERMATCH-26APR19TRECAM-TRE,14,8,13,19,12,500,6,116,5,194,89,100,90,2,93,13,94,365,95,26,51.5,837,506,0.623
2026-04-18 04:17:47 PM,KXATPCHALLENGERMATCH-26APR19TRECAM-TRE,14,2,13,19,12,500,6,116,5,194,89,100,90,2,93,13,94,365,95,26,51.5,831,506,0.622
2026-04-18 04:17:47 PM,KXATPCHALLENGERMATCH-26APR19TRECAM-TRE,14,2,13,19,12,512,6,116,5,194,89,100,90,2,93,13,94,365,95,26,51.5,843,506,0.625
2026-04-18 04:17:47 PM,KXATPCHALLENGERMATCH-26APR19TRECAM-TRE,14,8,13,19,12,512,6,116,5,194,89,100,90,2,93,13,94,365,95,26,51.5,849,506,0.627
2026-04-18 04:17:47 PM,KXATPCHALLENGERMATCH-26APR19TRECAM-TRE,14,8,13,19,12,500,6,116,5,194,89,100,90,2,93,13,94,365,95,26,51.5,837,506,0.623
2026-04-18 04:17:48 PM,KXATPCHALLENGERMATCH-26APR19TRECAM-TRE,14,2,13,19,12,500,6,116,5,194,89,100,90,2,93,13,94,365,95,26,51.5,831,506,0.622
2026-04-18 04:17:48 PM,KXATPCHALLENGERMATCH-26APR19TRECAM-TRE,14,2,13,19,12,512,6,116,5,194,89,100,90,2,93,13,94,365,95,26,51.5,843,506,0.625
2026-04-18 04:17:48 PM,KXATPCHALLENGERMATCH-26APR19TRECAM-TRE,14,8,13,19,12,512,6,116,5,194,89,100,90,2,93,13,94,365,95,26,51.5,849,506,0.627
2026-04-18 04:17:48 PM,KXATPCHALLENGERMATCH-26APR19TRECAM-TRE,14,8,13,19,12,500,6,116,5,194,89,100,90,2,93,13,94,365,95,26,51.5,837,506,0.623
2026-04-18 04:17:49 PM,KXATPCHALLENGERMATCH-26APR19TRECAM-TRE,14,8,13,19,12,500,7,76,6,116,89,100,90,2,93,13,94,365,95,26,51.5,719,506,0.587
2026-04-18 04:17:49 PM,KXATPCHALLENGERMATCH-26APR19TRECAM-TRE,14,2,13,19,12,500,7,76,6,116,89,100,90,2,93,13,94,365,95,26,51.5,713,506,0.585
2026-04-18 04:17:49 PM,KXATPCHALLENGERMATCH-26APR19TRECAM-TRE,14,2,13,19,12,500,6,116,5,194,89,100,90,2,93,13,94,365,95,26,51.5,831,506,0.622
2026-04-18 04:17:49 PM,KXATPCHALLENGERMATCH-26APR19TRECAM-TRE,14,8,13,19,12,500,6,116,5,194,89,100,90,2,93,13,94,365,95,26,51.5,837,506,0.623
2026-04-18 04:17:50 PM,KXATPCHALLENGERMATCH-26APR19TRECAM-TRE,14,8,13,19,12,512,6,116,5,194,89,100,90,2,93,13,94,365,95,26,51.5,849,506,0.627
2026-04-18 04:17:50 PM,KXATPCHALLENGERMATCH-26APR19TRECAM-TRE,14,2,13,19,12,512,6,116,5,194,89,100,90,2,93,13,94,365,95,26,51.5,843,506,0.625
2026-04-18 04:17:50 PM,KXATPCHALLENGERMATCH-26APR19TRECAM-TRE,14,8,13,19,12,512,6,116,5,194,89,100,90,2,93,13,94,365,95,26,51.5,849,506,0.627
2026-04-18 04:17:50 PM,KXATPCHALLENGERMATCH-26APR19TRECAM-TRE,14,8,13,19,12,500,6,116,5,194,89,100,90,2,93,13,94,365,95,26,51.5,837,506,0.623
2026-04-18 04:17:51 PM,KXATPCHALLENGERMATCH-26APR19TRECAM-TRE,14,8,13,19,12,512,6,116,5,194,89,100,90,2,93,13,94,365,95,26,51.5,849,506,0.627
2026-04-18 04:17:51 PM,KXATPCHALLENGERMATCH-26APR19TRECAM-TRE,14,2,13,19,12,512,6,116,5,194,89,100,90,2,93,13,94,365,95,26,51.5,843,506,0.625
2026-04-18 04:17:51 PM,KXATPCHALLENGERMATCH-26APR19TRECAM-TRE,14,2,13,19,12,500,6,116,5,194,89,100,90,2,93,13,94,365,95,26,51.5,831,506,0.622
2026-04-18 04:17:51 PM,KXATPCHALLENGERMATCH-26APR19TRECAM-TRE,14,8,13,19,12,500,6,116,5,194,89,100,90,2,93,13,94,365,95,26,51.5,837,506,0.623
2026-04-18 04:17:52 PM,KXATPCHALLENGERMATCH-26APR19TRECAM-TRE,14,2,13,19,12,500,6,116,5,194,89,100,90,2,93,13,94,365,95,26,51.5,831,506,0.622
2026-04-18 04:17:52 PM,KXATPCHALLENGERMATCH-26APR19TRECAM-TRE,14,2,13,19,12,512,6,116,5,194,89,100,90,2,93,13,94,365,95,26,51.5,843,506,0.625
2026-04-18 04:17:52 PM,KXATPCHALLENGERMATCH-26APR19TRECAM-TRE,14,8,13,19,12,512,6,116,5,194,89,100,90,2,93,13,94,365,95,26,51.5,849,506,0.627
2026-04-18 04:17:52 PM,KXATPCHALLENGERMATCH-26APR19TRECAM-TRE,14,8,13,19,12,500,6,116,5,194,89,100,90,2,93,13,94,365,95,26,51.5,837,506,0.623
2026-04-18 04:17:53 PM,KXATPCHALLENGERMATCH-26APR19TRECAM-TRE,14,2,13,19,12,500,6,116,5,194,89,100,90,2,93,13,94,365,95,26,51.5,831,506,0.622
2026-04-18 04:17:53 PM,KXATPCHALLENGERMATCH-26APR19TRECAM-TRE,14,2,13,19,12,512,6,116,5,194,89,100,90,2,93,13,94,365,95,26,51.5,843,506,0.625
2026-04-18 04:17:53 PM,KXATPCHALLENGERMATCH-26APR19TRECAM-TRE,14,8,13,19,12,512,6,116,5,194,89,100,90,2,93,13,94,365,95,26,51.5,849,506,0.627
2026-04-18 04:17:53 PM,KXATPCHALLENGERMATCH-26APR19TRECAM-TRE,14,8,13,19,12,500,6,116,5,194,89,100,90,2,93,13,94,365,95,26,51.5,837,506,0.623
2026-04-18 04:17:54 PM,KXATPCHALLENGERMATCH-26APR19TRECAM-TRE,14,8,13,19,12,512,6,116,5,194,89,100,90,2,93,13,94,365,95,26,51.5,849,506,0.627
2026-04-18 04:17:54 PM,KXATPCHALLENGERMATCH-26APR19TRECAM-TRE,14,2,13,19,12,512,6,116,5,194,89,100,90,2,93,13,94,365,95,26,51.5,843,506,0.625
2026-04-18 04:17:54 PM,KXATPCHALLENGERMATCH-26APR19TRECAM-TRE,14,8,13,19,12,512,6,116,5,194,89,100,90,2,93,13,94,365,95,26,51.5,849,506,0.627
2026-04-18 04:17:54 PM,KXATPCHALLENGERMATCH-26APR19TRECAM-TRE,14,8,13,19,12,500,6,116,5,194,89,100,90,2,93,13,94,365,95,26,51.5,837,506,0.623
2026-04-18 04:17:55 PM,KXATPCHALLENGERMATCH-26APR19TRECAM-TRE,14,2,13,19,12,500,6,116,5,194,89,100,90,2,93,13,94,365,95,26,51.5,831,506,0.622
2026-04-18 04:17:55 PM,KXATPCHALLENGERMATCH-26APR19TRECAM-TRE,14,2,13,19,12,512,6,116,5,194,89,100,90,2,93,13,94,365,95,26,51.5,843,506,0.625
2026-04-18 04:17:55 PM,KXATPCHALLENGERMATCH-26APR19TRECAM-TRE,14,8,13,19,12,512,6,116,5,194,89,100,90,2,93,13,94,365,95,26,51.5,849,506,0.627
2026-04-18 04:17:55 PM,KXATPCHALLENGERMATCH-26APR19TRECAM-TRE,14,8,13,19,12,500,6,116,5,194,89,100,90,2,93,13,94,365,95,26,51.5,837,506,0.623
2026-04-18 04:17:56 PM,KXATPCHALLENGERMATCH-26APR19TRECAM-TRE,14,8,13,19,12,512,6,116,5,194,89,100,90,2,93,13,94,365,95,26,51.5,849,506,0.627
2026-04-18 04:17:56 PM,KXATPCHALLENGERMATCH-26APR19TRECAM-TRE,14,2,13,19,12,512,6,116,5,194,89,100,90,2,93,13,94,365,95,26,51.5,843,506,0.625
2026-04-18 04:17:56 PM,KXATPCHALLENGERMATCH-26APR19TRECAM-TRE,14,8,13,19,12,512,6,116,5,194,89,100,90,2,93,13,94,365,95,26,51.5,849,506,0.627
2026-04-18 04:17:56 PM,KXATPCHALLENGERMATCH-26APR19TRECAM-TRE,14,8,13,19,12,500,6,116,5,194,89,100,90,2,93,13,94,365,95,26,51.5,837,506,0.623
2026-04-18 04:17:57 PM,KXATPCHALLENGERMATCH-26APR19TRECAM-TRE,14,2,13,19,12,500,6,116,5,194,89,100,90,2,93,13,94,365,95,26,51.5,831,506,0.622
2026-04-18 04:17:57 PM,KXATPCHALLENGERMATCH-26APR19TRECAM-TRE,14,2,13,19,12,512,6,116,5,194,89,100,90,2,93,13,94,365,95,26,51.5,843,506,0.625
2026-04-18 04:17:57 PM,KXATPCHALLENGERMATCH-26APR19TRECAM-TRE,14,8,13,19,12,512,6,116,5,194,89,100,90,2,93,13,94,365,95,26,51.5,849,506,0.627
2026-04-18 04:17:57 PM,KXATPCHALLENGERMATCH-26APR19TRECAM-TRE,14,8,13,19,12,500,6,116,5,194,89,100,90,2,93,13,94,365,95,26,51.5,837,506,0.623
2026-04-18 04:17:58 PM,KXATPCHALLENGERMATCH-26APR19TRECAM-TRE,14,8,13,19,12,512,6,116,5,194,89,100,90,2,93,13,94,365,95,26,51.5,849,506,0.627
2026-04-18 04:17:58 PM,KXATPCHALLENGERMATCH-26APR19TRECAM-TRE,14,2,13,19,12,512,6,116,5,194,89,100,90,2,93,13,94,365,95,26,51.5,843,506,0.625
2026-04-18 04:17:58 PM,KXATPCHALLENGERMATCH-26APR19TRECAM-TRE,14,8,13,19,12,512,6,116,5,194,89,100,90,2,93,13,94,365,95,26,51.5,849,506,0.627
2026-04-18 04:17:58 PM,KXATPCHALLENGERMATCH-26APR19TRECAM-TRE,14,8,13,19,12,500,6,116,5,194,89,100,90,2,93,13,94,365,95,26,51.5,837,506,0.623
2026-04-18 04:17:59 PM,KXATPCHALLENGERMATCH-26APR19TRECAM-TRE,14,2,13,19,12,500,6,116,5,194,89,100,90,2,93,13,94,365,95,26,51.5,831,506,0.622
2026-04-18 04:17:59 PM,KXATPCHALLENGERMATCH-26APR19TRECAM-TRE,14,2,13,19,12,512,6,116,5,194,89,100,90,2,93,13,94,365,95,26,51.5,843,506,0.625
2026-04-18 04:17:59 PM,KXATPCHALLENGERMATCH-26APR19TRECAM-TRE,14,8,13,19,12,512,6,116,5,194,89,100,90,2,93,13,94,365,95,26,51.5,849,506,0.627
2026-04-18 04:17:59 PM,KXATPCHALLENGERMATCH-26APR19TRECAM-TRE,14,8,13,19,12,500,6,116,5,194,89,100,90,2,93,13,94,365,95,26,51.5,837,506,0.623
2026-04-18 04:18:00 PM,KXATPCHALLENGERMATCH-26APR19TRECAM-TRE,14,8,13,19,12,512,6,116,5,194,89,100,90,2,93,13,94,365,95,26,51.5,849,506,0.627
2026-04-18 04:18:00 PM,KXATPCHALLENGERMATCH-26APR19TRECAM-TRE,14,2,13,19,12,512,6,116,5,194,89,100,90,2,93,13,94,365,95,26,51.5,843,506,0.625
2026-04-18 04:18:00 PM,KXATPCHALLENGERMATCH-26APR19TRECAM-TRE,14,8,13,19,12,512,6,116,5,194,89,100,90,2,93,13,94,365,95,26,51.5,849,506,0.627
2026-04-18 04:18:00 PM,KXATPCHALLENGERMATCH-26APR19TRECAM-TRE,14,8,13,19,12,500,6,116,5,194,89,100,90,2,93,13,94,365,95,26,51.5,837,506,0.623
2026-04-18 04:18:01 PM,KXATPCHALLENGERMATCH-26APR19TRECAM-TRE,14,8,13,19,12,512,6,116,5,194,89,100,90,2,93,13,94,365,95,26,51.5,849,506,0.627
2026-04-18 04:18:01 PM,KXATPCHALLENGERMATCH-26APR19TRECAM-TRE,14,2,13,19,12,512,6,116,5,194,89,100,90,2,93,13,94,365,95,26,51.5,843,506,0.625
2026-04-18 04:18:01 PM,KXATPCHALLENGERMATCH-26APR19TRECAM-TRE,14,2,13,19,12,500,6,116,5,194,89,100,90,2,93,13,94,365,95,26,51.5,831,506,0.622
2026-04-18 04:18:01 PM,KXATPCHALLENGERMATCH-26APR19TRECAM-TRE,14,8,13,19,12,500,6,116,5,194,89,100,90,2,93,13,94,365,95,26,51.5,837,506,0.623
2026-04-18 04:18:02 PM,KXATPCHALLENGERMATCH-26APR19TRECAM-TRE,14,8,13,19,12,512,6,116,5,194,89,100,90,2,93,13,94,365,95,26,51.5,849,506,0.627
2026-04-18 04:18:02 PM,KXATPCHALLENGERMATCH-26APR19TRECAM-TRE,14,2,13,19,12,512,6,116,5,194,89,100,90,2,93,13,94,365,95,26,51.5,843,506,0.625
2026-04-18 04:18:02 PM,KXATPCHALLENGERMATCH-26APR19TRECAM-TRE,14,8,13,19,12,512,6,116,5,194,89,100,90,2,93,13,94,365,95,26,51.5,849,506,0.627
2026-04-18 04:18:02 PM,KXATPCHALLENGERMATCH-26APR19TRECAM-TRE,14,8,13,19,12,500,6,116,5,194,89,100,90,2,93,13,94,365,95,26,51.5,837,506,0.623
2026-04-18 04:18:03 PM,KXATPCHALLENGERMATCH-26APR19TRECAM-TRE,14,8,13,19,12,512,6,116,5,194,89,100,90,2,93,13,94,365,95,26,51.5,849,506,0.627
2026-04-18 04:18:03 PM,KXATPCHALLENGERMATCH-26APR19TRECAM-TRE,14,2,13,19,12,512,6,116,5,194,89,100,90,2,93,13,94,365,95,26,51.5,843,506,0.625
2026-04-18 04:18:03 PM,KXATPCHALLENGERMATCH-26APR19TRECAM-TRE,14,8,13,19,12,512,6,116,5,194,89,100,90,2,93,13,94,365,95,26,51.5,849,506,0.627
2026-04-18 04:18:03 PM,KXATPCHALLENGERMATCH-26APR19TRECAM-TRE,14,8,13,19,12,500,6,116,5,194,89,100,90,2,93,13,94,365,95,26,51.5,837,506,0.623
2026-04-18 04:18:04 PM,KXATPCHALLENGERMATCH-26APR19TRECAM-TRE,14,2,13,19,12,500,6,116,5,194,89,100,90,2,93,13,94,365,95,26,51.5,831,506,0.622
2026-04-18 04:18:04 PM,KXATPCHALLENGERMATCH-26APR19TRECAM-TRE,14,2,13,19,12,512,6,116,5,194,89,100,90,2,93,13,94,365,95,26,51.5,843,506,0.625
2026-04-18 04:18:04 PM,KXATPCHALLENGERMATCH-26APR19TRECAM-TRE,14,2,13,19,12,500,6,116,5,194,89,100,90,2,93,13,94,365,95,26,51.5,831,506,0.622
2026-04-18 04:18:04 PM,KXATPCHALLENGERMATCH-26APR19TRECAM-TRE,14,8,13,19,12,500,6,116,5,194,89,100,90,2,93,13,94,365,95,26,51.5,837,506,0.623
2026-04-18 04:18:05 PM,KXATPCHALLENGERMATCH-26APR19TRECAM-TRE,14,8,13,19,12,512,6,116,5,194,89,100,90,2,93,13,94,365,95,26,51.5,849,506,0.627
2026-04-18 04:18:05 PM,KXATPCHALLENGERMATCH-26APR19TRECAM-TRE,14,2,13,19,12,512,6,116,5,194,89,100,90,2,93,13,94,365,95,26,51.5,843,506,0.625
2026-04-18 04:18:05 PM,KXATPCHALLENGERMATCH-26APR19TRECAM-TRE,14,8,13,19,12,512,6,116,5,194,89,100,90,2,93,13,94,365,95,26,51.5,849,506,0.627
2026-04-18 04:18:05 PM,KXATPCHALLENGERMATCH-26APR19TRECAM-TRE,14,8,13,19,12,500,6,116,5,194,89,100,90,2,93,13,94,365,95,26,51.5,837,506,0.623
2026-04-18 04:18:06 PM,KXATPCHALLENGERMATCH-26APR19TRECAM-TRE,14,8,13,19,12,512,6,116,5,194,89,100,90,2,93,13,94,365,95,26,51.5,849,506,0.627
2026-04-18 04:18:06 PM,KXATPCHALLENGERMATCH-26APR19TRECAM-TRE,14,2,13,19,12,512,6,116,5,194,89,100,90,2,93,13,94,365,95,26,51.5,843,506,0.625
2026-04-18 04:18:06 PM,KXATPCHALLENGERMATCH-26APR19TRECAM-TRE,14,2,13,19,12,500,6,116,5,194,89,100,90,2,93,13,94,365,95,26,51.5,831,506,0.622
2026-04-18 04:18:06 PM,KXATPCHALLENGERMATCH-26APR19TRECAM-TRE,14,8,13,19,12,500,6,116,5,194,89,100,90,2,93,13,94,365,95,26,51.5,837,506,0.623
2026-04-18 04:18:07 PM,KXATPCHALLENGERMATCH-26APR19TRECAM-TRE,14,8,13,19,12,512,6,116,5,194,89,100,90,2,93,13,94,365,95,26,51.5,849,506,0.627
2026-04-18 04:18:07 PM,KXATPCHALLENGERMATCH-26APR19TRECAM-TRE,14,2,13,19,12,512,6,116,5,194,89,100,90,2,93,13,94,365,95,26,51.5,843,506,0.625
2026-04-18 04:18:07 PM,KXATPCHALLENGERMATCH-26APR19TRECAM-TRE,14,8,13,19,12,512,6,116,5,194,89,100,90,2,93,13,94,365,95,26,51.5,849,506,0.627
2026-04-18 04:18:07 PM,KXATPCHALLENGERMATCH-26APR19TRECAM-TRE,14,8,13,19,12,500,6,116,5,194,89,100,90,2,93,13,94,365,95,26,51.5,837,506,0.623
2026-04-18 04:18:08 PM,KXATPCHALLENGERMATCH-26APR19TRECAM-TRE,14,8,13,19,12,512,6,116,5,194,89,100,90,2,93,13,94,365,95,26,51.5,849,506,0.627
2026-04-18 04:18:08 PM,KXATPCHALLENGERMATCH-26APR19TRECAM-TRE,14,2,13,19,12,512,6,116,5,194,89,100,90,2,93,13,94,365,95,26,51.5,843,506,0.625
2026-04-18 04:18:08 PM,KXATPCHALLENGERMATCH-26APR19TRECAM-TRE,14,2,13,19,12,500,6,116,5,194,89,100,90,2,93,13,94,365,95,26,51.5,831,506,0.622
2026-04-18 04:18:08 PM,KXATPCHALLENGERMATCH-26APR19TRECAM-TRE,14,8,13,19,12,500,6,116,5,194,89,100,90,2,93,13,94,365,95,26,51.5,837,506,0.623
2026-04-18 04:18:09 PM,KXATPCHALLENGERMATCH-26APR19TRECAM-TRE,14,8,13,19,12,500,7,76,6,116,89,100,90,2,93,13,94,365,95,26,51.5,719,506,0.587
2026-04-18 04:18:09 PM,KXATPCHALLENGERMATCH-26APR19TRECAM-TRE,14,2,13,19,12,500,7,76,6,116,89,100,90,2,93,13,94,365,95,26,51.5,713,506,0.585
2026-04-18 04:18:09 PM,KXATPCHALLENGERMATCH-26APR19TRECAM-TRE,14,8,13,19,12,500,7,76,6,116,89,100,90,2,93,13,94,365,95,26,51.5,719,506,0.587
2026-04-18 04:18:09 PM,KXATPCHALLENGERMATCH-26APR19TRECAM-TRE,14,8,13,19,12,500,6,116,5,194,89,100,90,2,93,13,94,365,95,26,51.5,837,506,0.623
2026-04-18 04:18:10 PM,KXATPCHALLENGERMATCH-26APR19TRECAM-TRE,14,2,13,19,12,500,6,116,5,194,89,100,90,2,93,13,94,365,95,26,51.5,831,506,0.622
2026-04-18 04:18:10 PM,KXATPCHALLENGERMATCH-26APR19TRECAM-TRE,14,2,13,19,12,512,6,116,5,194,89,100,90,2,93,13,94,365,95,26,51.5,843,506,0.625
2026-04-18 04:18:10 PM,KXATPCHALLENGERMATCH-26APR19TRECAM-TRE,14,2,13,19,12,500,6,116,5,194,89,100,90,2,93,13,94,365,95,26,51.5,831,506,0.622
2026-04-18 04:18:10 PM,KXATPCHALLENGERMATCH-26APR19TRECAM-TRE,14,8,13,19,12,500,6,116,5,194,89,100,90,2,93,13,94,365,95,26,51.5,837,506,0.623
2026-04-18 04:18:11 PM,KXATPCHALLENGERMATCH-26APR19TRECAM-TRE,14,2,13,19,12,500,6,116,5,194,89,100,90,2,93,13,94,365,95,26,51.5,831,506,0.622
2026-04-18 04:18:11 PM,KXATPCHALLENGERMATCH-26APR19TRECAM-TRE,14,2,13,19,12,512,6,116,5,194,89,100,90,2,93,13,94,365,95,26,51.5,843,506,0.625
2026-04-18 04:18:11 PM,KXATPCHALLENGERMATCH-26APR19TRECAM-TRE,14,8,13,19,12,512,6,116,5,194,89,100,90,2,93,13,94,365,95,26,51.5,849,506,0.627
2026-04-18 04:18:11 PM,KXATPCHALLENGERMATCH-26APR19TRECAM-TRE,14,8,13,19,12,500,6,116,5,194,89,100,90,2,93,13,94,365,95,26,51.5,837,506,0.623
2026-04-18 04:18:12 PM,KXATPCHALLENGERMATCH-26APR19TRECAM-TRE,14,8,13,19,12,512,6,116,5,194,89,100,90,2,93,13,94,365,95,26,51.5,849,506,0.627
2026-04-18 04:18:12 PM,KXATPCHALLENGERMATCH-26APR19TRECAM-TRE,14,2,13,19,12,512,6,116,5,194,89,100,90,2,93,13,94,365,95,26,51.5,843,506,0.625
2026-04-18 04:18:12 PM,KXATPCHALLENGERMATCH-26APR19TRECAM-TRE,14,8,13,19,12,512,6,116,5,194,89,100,90,2,93,13,94,365,95,26,51.5,849,506,0.627
2026-04-18 04:18:12 PM,KXATPCHALLENGERMATCH-26APR19TRECAM-TRE,14,8,13,19,12,500,6,116,5,194,89,100,90,2,93,13,94,365,95,26,51.5,837,506,0.623
2026-04-18 04:18:13 PM,KXATPCHALLENGERMATCH-26APR19TRECAM-TRE,14,8,13,19,12,512,6,116,5,194,89,100,90,2,93,13,94,365,95,26,51.5,849,506,0.627
2026-04-18 04:18:13 PM,KXATPCHALLENGERMATCH-26APR19TRECAM-TRE,14,2,13,19,12,512,6,116,5,194,89,100,90,2,93,13,94,365,95,26,51.5,843,506,0.625
2026-04-18 04:18:13 PM,KXATPCHALLENGERMATCH-26APR19TRECAM-TRE,14,8,13,19,12,512,6,116,5,194,89,100,90,2,93,13,94,365,95,26,51.5,849,506,0.627
2026-04-18 04:18:13 PM,KXATPCHALLENGERMATCH-26APR19TRECAM-TRE,14,8,13,19,12,500,6,116,5,194,89,100,90,2,93,13,94,365,95,26,51.5,837,506,0.623
2026-04-18 04:18:14 PM,KXATPCHALLENGERMATCH-26APR19TRECAM-TRE,14,8,13,19,12,512,6,116,5,194,89,100,90,2,93,13,94,365,95,26,51.5,849,506,0.627
2026-04-18 04:18:14 PM,KXATPCHALLENGERMATCH-26APR19TRECAM-TRE,14,2,13,19,12,512,6,116,5,194,89,100,90,2,93,13,94,365,95,26,51.5,843,506,0.625
2026-04-18 04:18:14 PM,KXATPCHALLENGERMATCH-26APR19TRECAM-TRE,14,2,13,19,12,500,6,116,5,194,89,100,90,2,93,13,94,365,95,26,51.5,831,506,0.622
2026-04-18 04:18:14 PM,KXATPCHALLENGERMATCH-26APR19TRECAM-TRE,14,8,13,19,12,500,6,116,5,194,89,100,90,2,93,13,94,365,95,26,51.5,837,506,0.623
2026-04-18 04:18:15 PM,KXATPCHALLENGERMATCH-26APR19TRECAM-TRE,14,8,13,19,12,512,6,116,5,194,89,100,90,2,93,13,94,365,95,26,51.5,849,506,0.627
2026-04-18 04:18:15 PM,KXATPCHALLENGERMATCH-26APR19TRECAM-TRE,14,2,13,19,12,512,6,116,5,194,89,100,90,2,93,13,94,365,95,26,51.5,843,506,0.625
2026-04-18 04:18:15 PM,KXATPCHALLENGERMATCH-26APR19TRECAM-TRE,14,2,13,19,12,500,6,116,5,194,89,100,90,2,93,13,94,365,95,26,51.5,831,506,0.622
2026-04-18 04:18:15 PM,KXATPCHALLENGERMATCH-26APR19TRECAM-TRE,14,8,13,19,12,500,6,116,5,194,89,100,90,2,93,13,94,365,95,26,51.5,837,506,0.623
2026-04-18 04:18:16 PM,KXATPCHALLENGERMATCH-26APR19TRECAM-TRE,14,2,13,19,12,500,6,116,5,194,89,100,90,2,93,13,94,365,95,26,51.5,831,506,0.622
2026-04-18 04:18:16 PM,KXATPCHALLENGERMATCH-26APR19TRECAM-TRE,14,2,13,19,12,512,6,116,5,194,89,100,90,2,93,13,94,365,95,26,51.5,843,506,0.625
2026-04-18 04:18:16 PM,KXATPCHALLENGERMATCH-26APR19TRECAM-TRE,14,8,13,19,12,512,6,116,5,194,89,100,90,2,93,13,94,365,95,26,51.5,849,506,0.627
2026-04-18 04:18:16 PM,KXATPCHALLENGERMATCH-26APR19TRECAM-TRE,14,8,13,19,12,500,6,116,5,194,89,100,90,2,93,13,94,365,95,26,51.5,837,506,0.623
2026-04-18 04:18:17 PM,KXATPCHALLENGERMATCH-26APR19TRECAM-TRE,14,2,13,19,12,500,6,116,5,194,89,100,90,2,93,13,94,365,95,26,51.5,831,506,0.622
2026-04-18 04:18:17 PM,KXATPCHALLENGERMATCH-26APR19TRECAM-TRE,14,2,13,19,12,512,6,116,5,194,89,100,90,2,93,13,94,365,95,26,51.5,843,506,0.625
2026-04-18 04:18:17 PM,KXATPCHALLENGERMATCH-26APR19TRECAM-TRE,14,8,13,19,12,512,6,116,5,194,89,100,90,2,93,13,94,365,95,26,51.5,849,506,0.627
2026-04-18 04:18:17 PM,KXATPCHALLENGERMATCH-26APR19TRECAM-TRE,14,8,13,19,12,500,6,116,5,194,89,100,90,2,93,13,94,365,95,26,51.5,837,506,0.623
2026-04-18 04:18:18 PM,KXATPCHALLENGERMATCH-26APR19TRECAM-TRE,14,2,13,19,12,500,6,116,5,194,89,100,90,2,93,13,94,365,95,26,51.5,831,506,0.622
2026-04-18 04:18:18 PM,KXATPCHALLENGERMATCH-26APR19TRECAM-TRE,14,2,13,19,12,512,6,116,5,194,89,100,90,2,93,13,94,365,95,26,51.5,843,506,0.625
2026-04-18 04:18:18 PM,KXATPCHALLENGERMATCH-26APR19TRECAM-TRE,14,8,13,19,12,512,6,116,5,194,89,100,90,2,93,13,94,365,95,26,51.5,849,506,0.627
2026-04-18 04:18:18 PM,KXATPCHALLENGERMATCH-26APR19TRECAM-TRE,14,8,13,19,12,500,6,116,5,194,89,100,90,2,93,13,94,365,95,26,51.5,837,506,0.623
2026-04-18 04:18:19 PM,KXATPCHALLENGERMATCH-26APR19TRECAM-TRE,14,8,13,19,12,512,6,116,5,194,89,100,90,2,93,13,94,365,95,26,51.5,849,506,0.627
2026-04-18 04:18:19 PM,KXATPCHALLENGERMATCH-26APR19TRECAM-TRE,14,2,13,19,12,512,6,116,5,194,89,100,90,2,93,13,94,365,95,26,51.5,843,506,0.625
2026-04-18 04:18:19 PM,KXATPCHALLENGERMATCH-26APR19TRECAM-TRE,14,8,13,19,12,512,6,116,5,194,89,100,90,2,93,13,94,365,95,26,51.5,849,506,0.627
2026-04-18 04:18:19 PM,KXATPCHALLENGERMATCH-26APR19TRECAM-TRE,14,8,13,19,12,500,6,116,5,194,89,100,90,2,93,13,94,365,95,26,51.5,837,506,0.623
2026-04-18 04:18:20 PM,KXATPCHALLENGERMATCH-26APR19TRECAM-TRE,14,8,13,19,12,512,6,116,5,194,89,100,90,2,93,13,94,365,95,26,51.5,849,506,0.627
2026-04-18 04:18:20 PM,KXATPCHALLENGERMATCH-26APR19TRECAM-TRE,14,2,13,19,12,512,6,116,5,194,89,100,90,2,93,13,94,365,95,26,51.5,843,506,0.625
2026-04-18 04:18:20 PM,KXATPCHALLENGERMATCH-26APR19TRECAM-TRE,14,2,13,19,12,500,6,116,5,194,89,100,90,2,93,13,94,365,95,26,51.5,831,506,0.622
2026-04-18 04:18:20 PM,KXATPCHALLENGERMATCH-26APR19TRECAM-TRE,14,8,13,19,12,500,6,116,5,194,89,100,90,2,93,13,94,365,95,26,51.5,837,506,0.623
2026-04-18 04:18:21 PM,KXATPCHALLENGERMATCH-26APR19TRECAM-TRE,14,8,13,19,12,512,6,116,5,194,89,100,90,2,93,13,94,365,95,26,51.5,849,506,0.627
2026-04-18 04:18:21 PM,KXATPCHALLENGERMATCH-26APR19TRECAM-TRE,14,2,13,19,12,512,6,116,5,194,89,100,90,2,93,13,94,365,95,26,51.5,843,506,0.625
2026-04-18 04:18:21 PM,KXATPCHALLENGERMATCH-26APR19TRECAM-TRE,14,2,13,19,12,500,6,116,5,194,89,100,90,2,93,13,94,365,95,26,51.5,831,506,0.622
2026-04-18 04:18:21 PM,KXATPCHALLENGERMATCH-26APR19TRECAM-TRE,14,8,13,19,12,500,6,116,5,194,89,100,90,2,93,13,94,365,95,26,51.5,837,506,0.623
2026-04-18 04:18:22 PM,KXATPCHALLENGERMATCH-26APR19TRECAM-TRE,14,8,13,19,12,512,6,116,5,194,89,100,90,2,93,13,94,365,95,26,51.5,849,506,0.627
2026-04-18 04:18:22 PM,KXATPCHALLENGERMATCH-26APR19TRECAM-TRE,14,2,13,19,12,512,6,116,5,194,89,100,90,2,93,13,94,365,95,26,51.5,843,506,0.625
2026-04-18 04:18:22 PM,KXATPCHALLENGERMATCH-26APR19TRECAM-TRE,14,2,13,19,12,500,6,116,5,194,89,100,90,2,93,13,94,365,95,26,51.5,831,506,0.622
2026-04-18 04:18:22 PM,KXATPCHALLENGERMATCH-26APR19TRECAM-TRE,14,8,13,19,12,500,6,116,5,194,89,100,90,2,93,13,94,365,95,26,51.5,837,506,0.623
2026-04-18 04:18:23 PM,KXATPCHALLENGERMATCH-26APR19TRECAM-TRE,14,8,13,19,12,512,6,116,5,194,89,100,90,2,93,13,94,365,95,26,51.5,849,506,0.627
2026-04-18 04:18:23 PM,KXATPCHALLENGERMATCH-26APR19TRECAM-TRE,14,2,13,19,12,512,6,116,5,194,89,100,90,2,93,13,94,365,95,26,51.5,843,506,0.625
2026-04-18 04:18:23 PM,KXATPCHALLENGERMATCH-26APR19TRECAM-TRE,14,8,13,19,12,512,6,116,5,194,89,100,90,2,93,13,94,365,95,26,51.5,849,506,0.627
2026-04-18 04:18:23 PM,KXATPCHALLENGERMATCH-26APR19TRECAM-TRE,14,8,13,19,12,500,6,116,5,194,89,100,90,2,93,13,94,365,95,26,51.5,837,506,0.623
2026-04-18 04:18:24 PM,KXATPCHALLENGERMATCH-26APR19TRECAM-TRE,14,8,13,19,12,512,6,116,5,194,89,100,90,2,93,13,94,365,95,26,51.5,849,506,0.627
2026-04-18 04:18:24 PM,KXATPCHALLENGERMATCH-26APR19TRECAM-TRE,14,2,13,19,12,512,6,116,5,194,89,100,90,2,93,13,94,365,95,26,51.5,843,506,0.625
2026-04-18 04:18:24 PM,KXATPCHALLENGERMATCH-26APR19TRECAM-TRE,14,8,13,19,12,512,6,116,5,194,89,100,90,2,93,13,94,365,95,26,51.5,849,506,0.627
2026-04-18 04:18:24 PM,KXATPCHALLENGERMATCH-26APR19TRECAM-TRE,14,8,13,19,12,500,6,116,5,194,89,100,90,2,93,13,94,365,95,26,51.5,837,506,0.623
2026-04-18 04:18:25 PM,KXATPCHALLENGERMATCH-26APR19TRECAM-TRE,14,8,13,19,12,512,6,116,5,194,89,100,90,2,93,13,94,365,95,26,51.5,849,506,0.627
2026-04-18 04:18:25 PM,KXATPCHALLENGERMATCH-26APR19TRECAM-TRE,14,2,13,19,12,512,6,116,5,194,89,100,90,2,93,13,94,365,95,26,51.5,843,506,0.625
2026-04-18 04:18:25 PM,KXATPCHALLENGERMATCH-26APR19TRECAM-TRE,14,8,13,19,12,512,6,116,5,194,89,100,90,2,93,13,94,365,95,26,51.5,849,506,0.627
2026-04-18 04:18:25 PM,KXATPCHALLENGERMATCH-26APR19TRECAM-TRE,14,8,13,19,12,500,6,116,5,194,89,100,90,2,93,13,94,365,95,26,51.5,837,506,0.623
2026-04-18 04:18:26 PM,KXATPCHALLENGERMATCH-26APR19TRECAM-TRE,14,8,13,19,12,512,6,116,5,194,89,100,90,2,93,13,94,365,95,26,51.5,849,506,0.627
2026-04-18 04:18:26 PM,KXATPCHALLENGERMATCH-26APR19TRECAM-TRE,14,2,13,19,12,512,6,116,5,194,89,100,90,2,93,13,94,365,95,26,51.5,843,506,0.625
2026-04-18 04:18:26 PM,KXATPCHALLENGERMATCH-26APR19TRECAM-TRE,14,8,13,19,12,512,6,116,5,194,89,100,90,2,93,13,94,365,95,26,51.5,849,506,0.627
2026-04-18 04:18:26 PM,KXATPCHALLENGERMATCH-26APR19TRECAM-TRE,14,8,13,19,12,500,6,116,5,194,89,100,90,2,93,13,94,365,95,26,51.5,837,506,0.623
2026-04-18 04:18:27 PM,KXATPCHALLENGERMATCH-26APR19TRECAM-TRE,14,8,13,19,12,512,6,116,5,194,89,100,90,2,93,13,94,365,95,26,51.5,849,506,0.627
2026-04-18 04:18:27 PM,KXATPCHALLENGERMATCH-26APR19TRECAM-TRE,14,2,13,19,12,512,6,116,5,194,89,100,90,2,93,13,94,365,95,26,51.5,843,506,0.625
2026-04-18 04:18:27 PM,KXATPCHALLENGERMATCH-26APR19TRECAM-TRE,14,8,13,19,12,512,6,116,5,194,89,100,90,2,93,13,94,365,95,26,51.5,849,506,0.627
2026-04-18 04:18:27 PM,KXATPCHALLENGERMATCH-26APR19TRECAM-TRE,14,8,13,19,12,500,6,116,5,194,89,100,90,2,93,13,94,365,95,26,51.5,837,506,0.623
2026-04-18 04:18:28 PM,KXATPCHALLENGERMATCH-26APR19TRECAM-TRE,14,8,13,19,12,512,6,116,5,194,89,100,90,2,93,13,94,365,95,26,51.5,849,506,0.627
2026-04-18 04:18:28 PM,KXATPCHALLENGERMATCH-26APR19TRECAM-TRE,14,2,13,19,12,512,6,116,5,194,89,100,90,2,93,13,94,365,95,26,51.5,843,506,0.625
2026-04-18 04:18:28 PM,KXATPCHALLENGERMATCH-26APR19TRECAM-TRE,14,2,13,19,12,500,6,116,5,194,89,100,90,2,93,13,94,365,95,26,51.5,831,506,0.622
2026-04-18 04:18:28 PM,KXATPCHALLENGERMATCH-26APR19TRECAM-TRE,14,8,13,19,12,500,6,116,5,194,89,100,90,2,93,13,94,365,95,26,51.5,837,506,0.623
2026-04-18 04:18:29 PM,KXATPCHALLENGERMATCH-26APR19TRECAM-TRE,14,8,13,19,12,512,6,116,5,194,89,100,90,2,93,13,94,365,95,26,51.5,849,506,0.627
2026-04-18 04:18:29 PM,KXATPCHALLENGERMATCH-26APR19TRECAM-TRE,14,2,13,19,12,512,6,116,5,194,89,100,90,2,93,13,94,365,95,26,51.5,843,506,0.625
2026-04-18 04:18:29 PM,KXATPCHALLENGERMATCH-26APR19TRECAM-TRE,14,8,13,19,12,512,6,116,5,194,89,100,90,2,93,13,94,365,95,26,51.5,849,506,0.627
2026-04-18 04:18:29 PM,KXATPCHALLENGERMATCH-26APR19TRECAM-TRE,14,8,13,19,12,500,6,116,5,194,89,100,90,2,93,13,94,365,95,26,51.5,837,506,0.623
2026-04-18 04:18:30 PM,KXATPCHALLENGERMATCH-26APR19TRECAM-TRE,14,8,13,19,12,512,6,116,5,194,89,100,90,2,93,13,94,365,95,26,51.5,849,506,0.627
2026-04-18 04:18:30 PM,KXATPCHALLENGERMATCH-26APR19TRECAM-TRE,14,2,13,19,12,512,6,116,5,194,89,100,90,2,93,13,94,365,95,26,51.5,843,506,0.625
2026-04-18 04:18:30 PM,KXATPCHALLENGERMATCH-26APR19TRECAM-TRE,14,2,13,19,12,500,6,116,5,194,89,100,90,2,93,13,94,365,95,26,51.5,831,506,0.622
2026-04-18 04:18:30 PM,KXATPCHALLENGERMATCH-26APR19TRECAM-TRE,14,8,13,19,12,500,6,116,5,194,89,100,90,2,93,13,94,365,95,26,51.5,837,506,0.623
2026-04-18 04:18:31 PM,KXATPCHALLENGERMATCH-26APR19TRECAM-TRE,14,8,13,19,12,512,6,116,5,194,89,100,90,2,93,13,94,365,95,26,51.5,849,506,0.627
2026-04-18 04:18:31 PM,KXATPCHALLENGERMATCH-26APR19TRECAM-TRE,14,2,13,19,12,512,6,116,5,194,89,100,90,2,93,13,94,365,95,26,51.5,843,506,0.625
2026-04-18 04:18:31 PM,KXATPCHALLENGERMATCH-26APR19TRECAM-TRE,14,8,13,19,12,512,6,116,5,194,89,100,90,2,93,13,94,365,95,26,51.5,849,506,0.627
2026-04-18 04:18:31 PM,KXATPCHALLENGERMATCH-26APR19TRECAM-TRE,14,8,13,19,12,500,6,116,5,194,89,100,90,2,93,13,94,365,95,26,51.5,837,506,0.623
2026-04-18 04:18:32 PM,KXATPCHALLENGERMATCH-26APR19TRECAM-TRE,14,2,13,19,12,500,6,116,5,194,89,100,90,2,93,13,94,365,95,26,51.5,831,506,0.622
2026-04-18 04:18:32 PM,KXATPCHALLENGERMATCH-26APR19TRECAM-TRE,14,2,13,19,12,512,6,116,5,194,89,100,90,2,93,13,94,365,95,26,51.5,843,506,0.625
2026-04-18 04:18:32 PM,KXATPCHALLENGERMATCH-26APR19TRECAM-TRE,14,8,13,19,12,512,6,116,5,194,89,100,90,2,93,13,94,365,95,26,51.5,849,506,0.627
2026-04-18 04:18:32 PM,KXATPCHALLENGERMATCH-26APR19TRECAM-TRE,14,8,13,19,12,500,6,116,5,194,89,100,90,2,93,13,94,365,95,26,51.5,837,506,0.623
2026-04-18 04:18:33 PM,KXATPCHALLENGERMATCH-26APR19TRECAM-TRE,14,2,13,19,12,500,6,116,5,194,89,100,90,2,93,13,94,365,95,26,51.5,831,506,0.622
2026-04-18 04:18:33 PM,KXATPCHALLENGERMATCH-26APR19TRECAM-TRE,14,2,13,19,12,512,6,116,5,194,89,100,90,2,93,13,94,365,95,26,51.5,843,506,0.625
2026-04-18 04:18:33 PM,KXATPCHALLENGERMATCH-26APR19TRECAM-TRE,14,2,13,19,12,500,6,116,5,194,89,100,90,2,93,13,94,365,95,26,51.5,831,506,0.622
2026-04-18 04:18:33 PM,KXATPCHALLENGERMATCH-26APR19TRECAM-TRE,14,8,13,19,12,500,6,116,5,194,89,100,90,2,93,13,94,365,95,26,51.5,837,506,0.623
2026-04-18 04:18:34 PM,KXATPCHALLENGERMATCH-26APR19TRECAM-TRE,14,8,13,19,12,512,6,116,5,194,89,100,90,2,93,13,94,365,95,26,51.5,849,506,0.627
2026-04-18 04:18:34 PM,KXATPCHALLENGERMATCH-26APR19TRECAM-TRE,14,2,13,19,12,512,6,116,5,194,89,100,90,2,93,13,94,365,95,26,51.5,843,506,0.625
2026-04-18 04:18:34 PM,KXATPCHALLENGERMATCH-26APR19TRECAM-TRE,14,8,13,19,12,512,6,116,5,194,89,100,90,2,93,13,94,365,95,26,51.5,849,506,0.627
2026-04-18 04:18:34 PM,KXATPCHALLENGERMATCH-26APR19TRECAM-TRE,14,8,13,19,12,500,6,116,5,194,89,100,90,2,93,13,94,365,95,26,51.5,837,506,0.623
2026-04-18 04:18:35 PM,KXATPCHALLENGERMATCH-26APR19TRECAM-TRE,14,8,13,19,12,512,6,116,5,194,89,100,90,2,93,13,94,365,95,26,51.5,849,506,0.627
2026-04-18 04:18:35 PM,KXATPCHALLENGERMATCH-26APR19TRECAM-TRE,14,2,13,19,12,512,6,116,5,194,89,100,90,2,93,13,94,365,95,26,51.5,843,506,0.625
2026-04-18 04:18:35 PM,KXATPCHALLENGERMATCH-26APR19TRECAM-TRE,14,8,13,19,12,512,6,116,5,194,89,100,90,2,93,13,94,365,95,26,51.5,849,506,0.627
2026-04-18 04:18:35 PM,KXATPCHALLENGERMATCH-26APR19TRECAM-TRE,14,8,13,19,12,500,6,116,5,194,89,100,90,2,93,13,94,365,95,26,51.5,837,506,0.623
2026-04-18 04:18:36 PM,KXATPCHALLENGERMATCH-26APR19TRECAM-TRE,14,2,13,19,12,500,6,116,5,194,89,100,90,2,93,13,94,365,95,26,51.5,831,506,0.622
2026-04-18 04:18:36 PM,KXATPCHALLENGERMATCH-26APR19TRECAM-TRE,14,2,13,19,12,512,6,116,5,194,89,100,90,2,93,13,94,365,95,26,51.5,843,506,0.625
2026-04-18 04:18:36 PM,KXATPCHALLENGERMATCH-26APR19TRECAM-TRE,14,2,13,19,12,500,6,116,5,194,89,100,90,2,93,13,94,365,95,26,51.5,831,506,0.622
2026-04-18 04:18:36 PM,KXATPCHALLENGERMATCH-26APR19TRECAM-TRE,14,8,13,19,12,500,6,116,5,194,89,100,90,2,93,13,94,365,95,26,51.5,837,506,0.623
2026-04-18 04:18:37 PM,KXATPCHALLENGERMATCH-26APR19TRECAM-TRE,14,2,13,19,12,500,6,116,5,194,89,100,90,2,93,13,94,365,95,26,51.5,831,506,0.622
2026-04-18 04:18:37 PM,KXATPCHALLENGERMATCH-26APR19TRECAM-TRE,14,2,13,19,12,512,6,116,5,194,89,100,90,2,93,13,94,365,95,26,51.5,843,506,0.625
2026-04-18 04:18:37 PM,KXATPCHALLENGERMATCH-26APR19TRECAM-TRE,14,2,13,19,12,500,6,116,5,194,89,100,90,2,93,13,94,365,95,26,51.5,831,506,0.622
2026-04-18 04:18:37 PM,KXATPCHALLENGERMATCH-26APR19TRECAM-TRE,14,8,13,19,12,500,6,116,5,194,89,100,90,2,93,13,94,365,95,26,51.5,837,506,0.623
2026-04-18 04:18:38 PM,KXATPCHALLENGERMATCH-26APR19TRECAM-TRE,14,2,13,19,12,500,6,116,5,194,89,100,90,2,93,13,94,365,95,26,51.5,831,506,0.622
2026-04-18 04:18:38 PM,KXATPCHALLENGERMATCH-26APR19TRECAM-TRE,14,2,13,19,12,512,6,116,5,194,89,100,90,2,93,13,94,365,95,26,51.5,843,506,0.625
2026-04-18 04:18:38 PM,KXATPCHALLENGERMATCH-26APR19TRECAM-TRE,14,2,13,19,12,500,6,116,5,194,89,100,90,2,93,13,94,365,95,26,51.5,831,506,0.622
2026-04-18 04:18:38 PM,KXATPCHALLENGERMATCH-26APR19TRECAM-TRE,14,8,13,19,12,500,6,116,5,194,89,100,90,2,93,13,94,365,95,26,51.5,837,506,0.623
2026-04-18 04:18:39 PM,KXATPCHALLENGERMATCH-26APR19TRECAM-TRE,14,2,13,19,12,500,6,116,5,194,89,100,90,2,93,13,94,365,95,26,51.5,831,506,0.622
2026-04-18 04:19:19 PM,KXATPCHALLENGERMATCH-26APR19TRECAM-TRE,13,19,12,500,6,116,5,194,4,823,89,100,90,2,93,13,94,365,95,26,51.0,1652,506,0.766
2026-04-18 04:19:19 PM,KXATPCHALLENGERMATCH-26APR19TRECAM-TRE,13,19,12,500,6,116,5,194,4,823,89,100,93,13,94,365,95,26,96,543,51.0,1652,1047,0.612
2026-04-18 04:19:19 PM,KXATPCHALLENGERMATCH-26APR19TRECAM-TRE,13,19,12,500,7,76,6,116,5,194,89,100,93,13,94,365,95,26,96,543,51.0,905,1047,0.464
2026-04-18 04:19:19 PM,KXATPCHALLENGERMATCH-26APR19TRECAM-TRE,12,500,7,76,6,116,5,194,4,823,89,100,93,13,94,365,95,26,96,543,50.5,1709,1047,0.620
2026-04-18 04:19:19 PM,KXATPCHALLENGERMATCH-26APR19TRECAM-TRE,12,500,7,76,6,116,5,194,4,823,93,13,94,365,95,26,96,543,97,84,52.5,1709,1031,0.624
2026-04-18 04:19:20 PM,KXATPCHALLENGERMATCH-26APR19TRECAM-TRE,12,506,7,76,6,116,5,194,4,823,93,13,94,365,95,26,96,543,97,84,52.5,1715,1031,0.625
2026-04-18 04:19:20 PM,KXATPCHALLENGERMATCH-26APR19TRECAM-TRE,12,506,7,76,6,116,5,194,4,823,93,100,94,365,95,26,96,543,97,84,52.5,1715,1118,0.605
2026-04-18 04:19:20 PM,KXATPCHALLENGERMATCH-26APR19TRECAM-TRE,12,506,7,76,6,116,5,194,4,823,93,100,94,378,95,26,96,543,97,84,52.5,1715,1131,0.603
2026-04-18 04:19:21 PM,KXATPCHALLENGERMATCH-26APR19TRECAM-TRE,12,506,11,19,7,76,6,116,5,194,93,100,94,378,95,26,96,543,97,84,52.5,911,1131,0.446
2026-04-18 04:19:21 PM,KXATPCHALLENGERMATCH-26APR19TRECAM-TRE,12,500,11,19,7,76,6,116,5,194,93,100,94,378,95,26,96,543,97,84,52.5,905,1131,0.444
2026-04-18 04:21:40 PM,KXATPCHALLENGERMATCH-26APR19TRECAM-TRE,13,1,12,500,11,19,7,76,6,116,93,100,94,378,95,26,96,543,97,84,53.0,712,1131,0.386
2026-04-18 04:21:40 PM,KXATPCHALLENGERMATCH-26APR19TRECAM-TRE,13,1,12,500,7,76,6,116,5,194,93,100,94,378,95,26,96,543,97,84,53.0,887,1131,0.440
2026-04-18 04:21:40 PM,KXATPCHALLENGERMATCH-26APR19TRECAM-TRE,13,1,12,506,7,76,6,116,5,194,93,100,94,378,95,26,96,543,97,84,53.0,893,1131,0.441
2026-04-18 04:21:40 PM,KXATPCHALLENGERMATCH-26APR19TRECAM-TRE,13,1,12,506,7,76,6,116,5,194,92,1,93,100,94,378,95,26,96,543,52.5,893,1048,0.460
2026-04-18 04:21:41 PM,KXATPCHALLENGERMATCH-26APR19TRECAM-TRE,13,7,12,506,7,76,6,116,5,194,92,1,93,100,94,378,95,26,96,543,52.5,899,1048,0.462
2026-04-18 04:21:41 PM,KXATPCHALLENGERMATCH-26APR19TRECAM-TRE,13,7,12,506,7,76,6,116,5,194,92,1,93,100,94,365,95,26,96,543,52.5,899,1035,0.465
2026-04-18 04:21:41 PM,KXATPCHALLENGERMATCH-26APR19TRECAM-TRE,13,7,12,506,7,76,6,116,5,194,92,1,93,87,94,365,95,26,96,543,52.5,899,1022,0.468
2026-04-18 04:21:41 PM,KXATPCHALLENGERMATCH-26APR19TRECAM-TRE,13,7,12,506,7,76,6,116,5,194,92,1,94,365,95,26,96,543,97,84,52.5,899,1019,0.469
2026-04-18 04:21:41 PM,KXATPCHALLENGERMATCH-26APR19TRECAM-TRE,13,7,12,506,6,116,5,194,4,823,92,1,94,365,95,26,96,543,97,84,52.5,1646,1019,0.618
2026-04-18 04:21:41 PM,KXATPCHALLENGERMATCH-26APR19TRECAM-TRE,13,7,12,513,6,116,5,194,4,823,92,1,94,365,95,26,96,543,97,84,52.5,1653,1019,0.619
2026-04-18 04:21:41 PM,KXATPCHALLENGERMATCH-26APR19TRECAM-TRE,13,7,12,513,6,116,5,194,4,823,91,100,92,1,94,365,95,26,96,543,52.0,1653,1035,0.615
2026-04-18 04:21:41 PM,KXATPCHALLENGERMATCH-26APR19TRECAM-TRE,13,7,12,513,6,116,5,194,4,823,91,100,92,1,93,13,94,365,95,26,52.0,1653,505,0.766
2026-04-18 04:38:43 PM,KXATPCHALLENGERMATCH-26APR19TRECAM-TRE,13,7,12,513,6,116,5,194,4,823,91,100,93,13,94,365,95,26,96,543,52.0,1653,1047,0.612
2026-04-18 04:38:43 PM,KXATPCHALLENGERMATCH-26APR19TRECAM-TRE,13,6,12,513,6,116,5,194,4,823,91,100,93,13,94,365,95,26,96,543,52.0,1652,1047,0.612
2026-04-18 04:38:43 PM,KXATPCHALLENGERMATCH-26APR19TRECAM-TRE,13,6,12,513,6,116,5,194,4,823,91,100,93,100,94,365,95,26,96,543,52.0,1652,1134,0.593
2026-04-18 04:38:43 PM,KXATPCHALLENGERMATCH-26APR19TRECAM-TRE,13,6,12,513,6,116,5,194,4,823,93,100,94,365,95,26,96,543,97,84,53.0,1652,1118,0.596
2026-04-18 04:38:43 PM,KXATPCHALLENGERMATCH-26APR19TRECAM-TRE,13,6,12,513,6,116,5,194,4,823,93,100,94,379,95,26,96,543,97,84,53.0,1652,1132,0.593
2026-04-18 04:38:44 PM,KXATPCHALLENGERMATCH-26APR19TRECAM-TRE,13,6,12,507,6,116,5,194,4,823,93,100,94,379,95,26,96,543,97,84,53.0,1646,1132,0.593
2026-04-18 04:38:44 PM,KXATPCHALLENGERMATCH-26APR19TRECAM-TRE,13,6,12,500,6,116,5,194,4,823,93,100,94,379,95,26,96,543,97,84,53.0,1639,1132,0.591
2026-04-18 04:38:44 PM,KXATPCHALLENGERMATCH-26APR19TRECAM-TRE,13,6,12,500,7,78,6,116,5,194,93,100,94,379,95,26,96,543,97,84,53.0,894,1132,0.441
2026-04-18 04:38:47 PM,KXATPCHALLENGERMATCH-26APR19TRECAM-TRE,14,1,13,6,12,500,7,78,6,116,93,100,94,379,95,26,96,543,97,84,53.5,701,1132,0.382
2026-04-18 04:38:47 PM,KXATPCHALLENGERMATCH-26APR19TRECAM-TRE,14,1,13,6,12,500,6,116,5,194,93,100,94,379,95,26,96,543,97,84,53.5,817,1132,0.419
2026-04-18 04:38:47 PM,KXATPCHALLENGERMATCH-26APR19TRECAM-TRE,14,1,13,6,12,513,6,116,5,194,93,100,94,379,95,26,96,543,97,84,53.5,830,1132,0.423
2026-04-18 04:38:47 PM,KXATPCHALLENGERMATCH-26APR19TRECAM-TRE,14,1,13,6,12,513,6,116,5,194,90,1,93,100,94,379,95,26,96,543,52.0,830,1049,0.442
2026-04-18 04:38:48 PM,KXATPCHALLENGERMATCH-26APR19TRECAM-TRE,14,1,13,19,12,513,6,116,5,194,90,1,93,100,94,379,95,26,96,543,52.0,843,1049,0.446
2026-04-18 04:38:48 PM,KXATPCHALLENGERMATCH-26APR19TRECAM-TRE,14,1,13,19,12,513,6,116,5,194,89,100,90,1,93,100,94,379,95,26,51.5,843,606,0.582
2026-04-18 04:38:48 PM,KXATPCHALLENGERMATCH-26APR19TRECAM-TRE,14,1,13,19,12,513,6,116,5,194,89,100,90,1,93,100,94,365,95,26,51.5,843,592,0.587
2026-04-18 04:38:48 PM,KXATPCHALLENGERMATCH-26APR19TRECAM-TRE,14,1,13,19,12,513,6,116,5,194,89,100,90,1,93,87,94,365,95,26,51.5,843,579,0.593
2026-04-18 04:38:48 PM,KXATPCHALLENGERMATCH-26APR19TRECAM-TRE,14,1,13,19,12,513,6,116,5,194,89,100,90,1,94,365,95,26,96,543,51.5,843,1035,0.449
2026-04-18 04:38:48 PM,KXATPCHALLENGERMATCH-26APR19TRECAM-TRE,14,7,13,19,12,513,6,116,5,194,89,100,90,1,94,365,95,26,96,543,51.5,849,1035,0.451
2026-04-18 04:38:48 PM,KXATPCHALLENGERMATCH-26APR19TRECAM-TRE,14,7,13,19,12,513,6,116,5,194,89,100,90,1,93,14,94,365,95,26,51.5,849,506,0.627
2026-04-18 04:38:48 PM,KXATPCHALLENGERMATCH-26APR19TRECAM-TRE,14,7,13,19,12,500,6,116,5,194,89,100,90,1,93,14,94,365,95,26,51.5,836,506,0.623
2026-04-18 04:47:36 PM,KXATPCHALLENGERMATCH-26APR19TRECAM-TRE,14,7,13,19,12,500,6,116,5,194,89,100,90,1,93,14,94,365,95,26,51.5,836,506,0.623
