ts_et,ticker,bid_1,bid_1_sz,bid_2,bid_2_sz,bid_3,bid_3_sz,bid_4,bid_4_sz,bid_5,bid_5_sz,ask_1,ask_1_sz,ask_2,ask_2_sz,ask_3,ask_3_sz,ask_4,ask_4_sz,ask_5,ask_5_sz,mid
2026-04-18 12:18:58 PM,KXATPMATCH-26APR19RUBFIL-FIL,6,316,5,494,4,623,3,540,2,1700,67,620,68,120,69,200,70,200,71,200,36.5
2026-04-18 12:20:37 PM,KXATPMATCH-26APR19RUBFIL-FIL,6,316,5,494,4,623,3,540,2,1700,67,500,68,120,69,200,70,200,71,200,36.5
2026-04-18 12:20:37 PM,KXATPMATCH-26APR19RUBFIL-FIL,6,316,5,494,4,623,3,540,2,1700,65,120,67,500,68,120,69,200,70,200,35.5
2026-04-18 12:20:37 PM,KXATPMATCH-26APR19RUBFIL-FIL,6,316,5,494,4,623,3,540,2,1700,65,120,67,500,69,200,70,200,71,200,35.5
2026-04-18 12:20:38 PM,KXATPMATCH-26APR19RUBFIL-FIL,6,316,5,494,4,623,3,540,2,1700,65,120,66,120,67,500,69,200,70,200,35.5
2026-04-18 12:20:38 PM,KXATPMATCH-26APR19RUBFIL-FIL,6,316,5,494,4,623,3,540,2,1700,65,120,66,120,67,500,70,200,71,200,35.5
2026-04-18 12:20:38 PM,KXATPMATCH-26APR19RUBFIL-FIL,6,316,5,494,4,623,3,540,2,1700,65,120,66,120,67,700,70,200,71,200,35.5
2026-04-18 12:20:38 PM,KXATPMATCH-26APR19RUBFIL-FIL,6,316,5,494,4,623,3,540,2,1700,65,120,66,120,67,700,71,200,72,200,35.5
2026-04-18 12:20:38 PM,KXATPMATCH-26APR19RUBFIL-FIL,6,316,5,494,4,623,3,540,2,1700,65,120,66,120,67,700,68,200,71,200,35.5
2026-04-18 12:20:38 PM,KXATPMATCH-26APR19RUBFIL-FIL,6,316,5,494,4,623,3,540,2,1700,65,120,66,120,67,700,68,200,72,200,35.5
2026-04-18 12:20:39 PM,KXATPMATCH-26APR19RUBFIL-FIL,6,316,5,494,4,623,3,540,2,1700,65,120,66,120,67,700,68,200,69,200,35.5
2026-04-18 12:22:40 PM,KXATPMATCH-26APR19RUBFIL-FIL,6,316,5,494,4,623,3,540,2,1700,66,120,67,700,68,200,69,200,70,200,36.0
2026-04-18 12:22:40 PM,KXATPMATCH-26APR19RUBFIL-FIL,6,316,5,494,4,623,3,540,2,1700,66,120,67,700,68,200,69,320,70,200,36.0
2026-04-18 12:22:40 PM,KXATPMATCH-26APR19RUBFIL-FIL,6,316,5,494,4,623,3,540,2,1700,67,700,68,200,69,320,70,200,72,200,36.5
2026-04-18 12:22:40 PM,KXATPMATCH-26APR19RUBFIL-FIL,6,316,5,494,4,623,3,540,2,1700,67,700,68,200,69,320,70,320,72,200,36.5
2026-04-18 12:22:40 PM,KXATPMATCH-26APR19RUBFIL-FIL,6,316,5,494,4,623,3,540,2,1700,67,500,68,200,69,320,70,320,72,200,36.5
2026-04-18 12:22:40 PM,KXATPMATCH-26APR19RUBFIL-FIL,6,316,5,494,4,623,3,540,2,1700,67,500,68,200,69,320,70,320,71,200,36.5
2026-04-18 12:22:41 PM,KXATPMATCH-26APR19RUBFIL-FIL,6,316,5,494,4,623,3,540,2,1700,67,500,69,320,70,320,71,200,72,200,36.5
2026-04-18 12:22:41 PM,KXATPMATCH-26APR19RUBFIL-FIL,6,316,5,494,4,623,3,540,2,1700,67,500,69,320,70,320,71,200,72,400,36.5
2026-04-18 12:22:41 PM,KXATPMATCH-26APR19RUBFIL-FIL,6,316,5,494,4,623,3,540,2,1700,67,500,69,120,70,320,71,200,72,400,36.5
2026-04-18 12:22:41 PM,KXATPMATCH-26APR19RUBFIL-FIL,6,316,5,494,4,623,3,540,2,1700,67,500,69,120,70,120,71,200,72,400,36.5
2026-04-18 12:22:42 PM,KXATPMATCH-26APR19RUBFIL-FIL,6,316,5,494,4,623,3,540,2,1700,67,500,69,120,70,120,71,200,72,200,36.5
2026-04-18 12:23:08 PM,KXATPMATCH-26APR19RUBFIL-FIL,6,316,5,494,4,623,3,540,2,1700,69,120,70,120,71,200,72,200,73,200,37.5
2026-04-18 12:23:08 PM,KXATPMATCH-26APR19RUBFIL-FIL,6,316,5,494,4,623,3,540,2,1700,68,500,69,120,70,120,71,200,72,200,37.0
2026-04-18 12:34:15 PM,KXATPMATCH-26APR19RUBFIL-FIL,6,316,5,494,4,623,3,540,2,1700,67,800,68,500,69,120,70,120,71,200,36.5
2026-04-18 12:35:30 PM,KXATPMATCH-26APR19RUBFIL-FIL,6,316,5,494,4,623,3,540,2,1700,67,1000,68,500,69,120,70,120,71,200,36.5
2026-04-18 12:36:20 PM,KXATPMATCH-26APR19RUBFIL-FIL,6,316,5,494,4,623,3,540,2,1700,67,986,68,500,69,120,70,120,71,200,36.5
2026-04-18 12:36:54 PM,KXATPMATCH-26APR19RUBFIL-FIL,7,500,6,316,5,494,4,623,3,540,67,986,68,500,69,120,70,120,71,200,37.0
2026-04-18 12:38:39 PM,KXATPMATCH-26APR19RUBFIL-FIL,50,2000,7,500,6,316,5,494,4,623,67,986,68,500,69,120,70,120,71,200,58.5
2026-04-18 12:38:50 PM,KXATPMATCH-26APR19RUBFIL-FIL,50,2000,7,500,6,316,5,494,4,623,67,984,68,500,69,120,70,120,71,200,58.5
2026-04-18 12:38:52 PM,KXATPMATCH-26APR19RUBFIL-FIL,50,2000,7,500,6,316,5,494,4,623,67,980,68,500,69,120,70,120,71,200,58.5
2026-04-18 12:39:24 PM,KXATPMATCH-26APR19RUBFIL-FIL,50,2000,6,316,5,494,4,623,3,540,67,980,68,500,69,120,70,120,71,200,58.5
2026-04-18 12:39:44 PM,KXATPMATCH-26APR19RUBFIL-FIL,51,500,50,2000,6,316,5,494,4,623,67,980,68,500,69,120,70,120,71,200,59.0
2026-04-18 12:42:22 PM,KXATPMATCH-26APR19RUBFIL-FIL,51,500,50,2000,6,316,5,494,4,623,67,967,68,500,69,120,70,120,71,200,59.0
2026-04-18 12:42:23 PM,KXATPMATCH-26APR19RUBFIL-FIL,51,500,50,2000,8,10,6,316,5,494,67,967,68,500,69,120,70,120,71,200,59.0
2026-04-18 12:42:29 PM,KXATPMATCH-26APR19RUBFIL-FIL,51,500,50,2000,8,10,6,316,5,494,67,957,68,500,69,120,70,120,71,200,59.0
2026-04-18 12:42:44 PM,KXATPMATCH-26APR19RUBFIL-FIL,51,500,50,2000,41,10,8,10,6,316,67,957,68,500,69,120,70,120,71,200,59.0
2026-04-18 12:42:54 PM,KXATPMATCH-26APR19RUBFIL-FIL,58,500,51,500,50,2000,41,10,8,10,67,957,68,500,69,120,70,120,71,200,62.5
2026-04-18 12:43:11 PM,KXATPMATCH-26APR19RUBFIL-FIL,58,500,50,2000,41,10,8,10,6,316,67,957,68,500,69,120,70,120,71,200,62.5
2026-04-18 12:43:39 PM,KXATPMATCH-26APR19RUBFIL-FIL,58,500,50,2000,41,10,9,1,8,10,67,957,68,500,69,120,70,120,71,200,62.5
2026-04-18 12:45:11 PM,KXATPMATCH-26APR19RUBFIL-FIL,58,500,50,2000,41,10,9,1,8,10,67,947,68,500,69,120,70,120,71,200,62.5
2026-04-18 12:51:08 PM,KXATPMATCH-26APR19RUBFIL-FIL,58,500,50,2000,41,10,9,1,8,10,67,647,68,500,69,120,70,120,71,200,62.5
2026-04-18 12:51:52 PM,KXATPMATCH-26APR19RUBFIL-FIL,58,500,50,2000,41,10,9,1,8,10,67,611,68,500,69,120,70,120,71,200,62.5
2026-04-18 12:52:16 PM,KXATPMATCH-26APR19RUBFIL-FIL,58,500,51,200,50,2000,41,10,9,1,67,611,68,500,69,120,70,120,71,200,62.5
2026-04-18 12:52:23 PM,KXATPMATCH-26APR19RUBFIL-FIL,58,500,52,60,51,200,50,2000,41,10,67,611,68,500,69,120,70,120,71,200,62.5
2026-04-18 12:52:25 PM,KXATPMATCH-26APR19RUBFIL-FIL,58,500,52,120,51,200,50,2000,41,10,67,611,68,500,69,120,70,120,71,200,62.5
2026-04-18 12:52:52 PM,KXATPMATCH-26APR19RUBFIL-FIL,58,639,52,120,51,200,50,2000,41,10,67,611,68,500,69,120,70,120,71,200,62.5
2026-04-18 12:52:52 PM,KXATPMATCH-26APR19RUBFIL-FIL,58,639,52,120,51,200,50,2000,41,10,67,611,68,500,69,120,70,120,71,479,62.5
2026-04-18 12:54:53 PM,KXATPMATCH-26APR19RUBFIL-FIL,58,639,52,120,51,200,50,2000,41,10,67,2,68,500,69,120,70,120,71,479,62.5
2026-04-18 12:54:53 PM,KXATPMATCH-26APR19RUBFIL-FIL,58,674,52,120,51,200,50,2000,41,10,67,2,68,500,69,120,70,120,71,479,62.5
2026-04-18 12:54:53 PM,KXATPMATCH-26APR19RUBFIL-FIL,58,674,52,120,51,200,50,2000,41,10,67,15,68,500,69,120,70,120,71,479,62.5
2026-04-18 12:55:09 PM,KXATPMATCH-26APR19RUBFIL-FIL,58,674,52,120,51,200,50,2000,41,10,67,2,68,500,69,120,70,120,71,479,62.5
2026-04-18 12:55:09 PM,KXATPMATCH-26APR19RUBFIL-FIL,58,674,52,120,51,200,50,2000,41,10,67,15,68,500,69,120,70,120,71,479,62.5
2026-04-18 12:55:09 PM,KXATPMATCH-26APR19RUBFIL-FIL,58,674,52,120,51,200,50,2000,41,10,67,9,68,500,69,120,70,120,71,479,62.5
2026-04-18 12:55:10 PM,KXATPMATCH-26APR19RUBFIL-FIL,58,674,52,120,51,200,50,2000,41,10,67,2,68,500,69,120,70,120,71,479,62.5
2026-04-18 12:55:10 PM,KXATPMATCH-26APR19RUBFIL-FIL,58,674,52,120,51,200,50,2000,41,10,67,9,68,500,69,120,70,120,71,479,62.5
2026-04-18 12:55:10 PM,KXATPMATCH-26APR19RUBFIL-FIL,58,674,52,120,51,200,50,2000,41,10,67,6,68,500,69,120,70,120,71,479,62.5
2026-04-18 12:55:19 PM,KXATPMATCH-26APR19RUBFIL-FIL,58,674,52,120,51,200,50,2000,41,10,67,2,68,500,69,120,70,120,71,479,62.5
2026-04-18 12:55:19 PM,KXATPMATCH-26APR19RUBFIL-FIL,58,674,52,120,51,200,50,2000,41,10,67,6,68,500,69,120,70,120,71,479,62.5
2026-04-18 12:55:20 PM,KXATPMATCH-26APR19RUBFIL-FIL,58,639,52,120,51,200,50,2000,41,10,67,6,68,500,69,120,70,120,71,479,62.5
2026-04-18 12:55:20 PM,KXATPMATCH-26APR19RUBFIL-FIL,58,639,52,120,51,200,50,2000,41,10,67,4,68,500,69,120,70,120,71,479,62.5
2026-04-18 12:55:21 PM,KXATPMATCH-26APR19RUBFIL-FIL,58,639,52,120,51,200,50,2000,41,10,67,29,68,500,69,120,70,120,71,479,62.5
2026-04-18 12:55:21 PM,KXATPMATCH-26APR19RUBFIL-FIL,58,639,52,120,51,200,50,2000,41,10,67,64,68,500,69,120,70,120,71,479,62.5
2026-04-18 12:55:21 PM,KXATPMATCH-26APR19RUBFIL-FIL,58,639,54,35,52,120,51,200,50,2000,67,64,68,500,69,120,70,120,71,479,62.5
2026-04-18 12:55:22 PM,KXATPMATCH-26APR19RUBFIL-FIL,58,639,54,35,52,120,51,200,50,2000,67,62,68,500,69,120,70,120,71,479,62.5
2026-04-18 12:55:22 PM,KXATPMATCH-26APR19RUBFIL-FIL,58,639,54,35,52,120,51,200,50,2000,67,37,68,500,69,120,70,120,71,479,62.5
2026-04-18 12:55:22 PM,KXATPMATCH-26APR19RUBFIL-FIL,58,639,54,35,52,120,51,200,50,2000,67,2,68,500,69,120,70,120,71,479,62.5
2026-04-18 12:55:22 PM,KXATPMATCH-26APR19RUBFIL-FIL,58,639,54,35,52,120,51,200,50,2000,67,4,68,500,69,120,70,120,71,479,62.5
2026-04-18 12:55:22 PM,KXATPMATCH-26APR19RUBFIL-FIL,58,639,54,35,52,120,51,200,50,2000,67,3,68,500,69,120,70,120,71,479,62.5
2026-04-18 12:55:28 PM,KXATPMATCH-26APR19RUBFIL-FIL,58,639,54,35,52,120,51,200,50,2000,67,2,68,500,69,120,70,120,71,479,62.5
2026-04-18 12:55:28 PM,KXATPMATCH-26APR19RUBFIL-FIL,58,639,54,35,52,120,51,200,50,2000,67,3,68,500,69,120,70,120,71,479,62.5
2026-04-18 12:55:34 PM,KXATPMATCH-26APR19RUBFIL-FIL,58,639,54,35,52,120,51,200,50,2000,67,2,68,500,69,120,70,120,71,479,62.5
2026-04-18 12:55:43 PM,KXATPMATCH-26APR19RUBFIL-FIL,58,639,54,35,52,120,51,200,50,2000,67,2,69,120,70,120,71,479,72,200,62.5
2026-04-18 12:55:43 PM,KXATPMATCH-26APR19RUBFIL-FIL,58,639,54,35,52,120,51,200,50,2000,67,2,69,620,70,120,71,479,72,200,62.5
2026-04-18 12:56:02 PM,KXATPMATCH-26APR19RUBFIL-FIL,62,8,58,639,54,35,52,120,51,200,67,2,69,620,70,120,71,479,72,200,64.5
2026-04-18 12:56:02 PM,KXATPMATCH-26APR19RUBFIL-FIL,62,8,58,639,52,120,51,200,50,2000,67,2,69,620,70,120,71,479,72,200,64.5
2026-04-18 12:56:02 PM,KXATPMATCH-26APR19RUBFIL-FIL,62,8,59,35,58,639,52,120,51,200,67,2,69,620,70,120,71,479,72,200,64.5
2026-04-18 12:56:19 PM,KXATPMATCH-26APR19RUBFIL-FIL,62,8,59,35,58,639,52,120,51,200,67,2,69,500,70,120,71,479,72,200,64.5
2026-04-18 12:56:19 PM,KXATPMATCH-26APR19RUBFIL-FIL,62,8,59,35,58,639,52,120,51,200,67,2,69,268,70,120,71,479,72,200,64.5
2026-04-18 12:56:24 PM,KXATPMATCH-26APR19RUBFIL-FIL,62,8,59,35,58,639,52,120,51,200,67,2,70,120,71,479,72,200,73,200,64.5
2026-04-18 12:56:24 PM,KXATPMATCH-26APR19RUBFIL-FIL,62,8,59,35,58,639,52,120,51,200,67,2,70,268,71,479,72,200,73,200,64.5
2026-04-18 12:56:24 PM,KXATPMATCH-26APR19RUBFIL-FIL,62,8,59,35,58,639,52,120,51,200,67,2,70,120,71,479,72,200,73,200,64.5
2026-04-18 12:56:25 PM,KXATPMATCH-26APR19RUBFIL-FIL,62,8,59,35,58,639,52,120,51,200,67,2,70,268,71,479,72,200,73,200,64.5
2026-04-18 12:56:25 PM,KXATPMATCH-26APR19RUBFIL-FIL,62,8,59,35,58,639,52,120,51,200,67,2,70,120,71,479,72,200,73,200,64.5
2026-04-18 12:56:25 PM,KXATPMATCH-26APR19RUBFIL-FIL,62,8,59,35,58,639,52,120,51,200,67,2,70,155,71,479,72,200,73,200,64.5
2026-04-18 12:56:25 PM,KXATPMATCH-26APR19RUBFIL-FIL,62,8,59,35,58,639,52,120,51,200,67,2,70,305,71,479,72,200,73,200,64.5
2026-04-18 12:56:25 PM,KXATPMATCH-26APR19RUBFIL-FIL,62,8,59,35,58,639,52,120,50,2000,67,2,70,305,71,479,72,200,73,200,64.5
2026-04-18 12:56:25 PM,KXATPMATCH-26APR19RUBFIL-FIL,62,8,60,135,59,35,58,639,52,120,67,2,70,305,71,479,72,200,73,200,64.5
2026-04-18 12:56:25 PM,KXATPMATCH-26APR19RUBFIL-FIL,62,8,60,135,59,35,58,639,52,120,67,2,70,211,71,479,72,200,73,200,64.5
2026-04-18 12:56:25 PM,KXATPMATCH-26APR19RUBFIL-FIL,62,8,60,38,59,35,58,639,52,120,67,2,70,211,71,479,72,200,73,200,64.5
2026-04-18 12:56:25 PM,KXATPMATCH-26APR19RUBFIL-FIL,62,8,60,38,58,639,52,120,50,2000,67,2,70,211,71,479,72,200,73,200,64.5
2026-04-18 12:56:25 PM,KXATPMATCH-26APR19RUBFIL-FIL,62,8,60,38,58,639,52,120,50,2000,67,2,70,364,71,479,72,200,73,200,64.5
2026-04-18 12:56:25 PM,KXATPMATCH-26APR19RUBFIL-FIL,62,8,58,639,52,120,50,2000,41,10,67,2,70,364,71,479,72,200,73,200,64.5
2026-04-18 12:56:25 PM,KXATPMATCH-26APR19RUBFIL-FIL,62,8,58,639,52,120,50,2000,41,10,67,2,70,349,71,479,72,200,73,200,64.5
2026-04-18 12:56:26 PM,KXATPMATCH-26APR19RUBFIL-FIL,62,8,58,639,52,120,50,2000,41,10,67,2,70,293,71,479,72,200,73,200,64.5
2026-04-18 12:56:26 PM,KXATPMATCH-26APR19RUBFIL-FIL,62,8,58,639,52,120,50,2000,41,10,67,2,70,260,71,479,72,200,73,200,64.5
2026-04-18 12:56:26 PM,KXATPMATCH-26APR19RUBFIL-FIL,62,8,59,106,58,639,52,120,50,2000,67,2,70,260,71,479,72,200,73,200,64.5
2026-04-18 12:56:26 PM,KXATPMATCH-26APR19RUBFIL-FIL,62,8,59,60,58,639,52,120,50,2000,67,2,70,260,71,479,72,200,73,200,64.5
2026-04-18 12:56:37 PM,KXATPMATCH-26APR19RUBFIL-FIL,62,8,59,60,58,639,52,120,50,2000,67,2,70,300,71,479,72,200,73,200,64.5
2026-04-18 12:56:40 PM,KXATPMATCH-26APR19RUBFIL-FIL,62,8,59,60,58,639,52,120,50,2000,67,2,69,500,70,300,71,479,72,200,64.5
2026-04-18 12:56:41 PM,KXATPMATCH-26APR19RUBFIL-FIL,62,8,59,60,58,639,52,120,50,2000,67,2,69,500,70,195,71,479,72,200,64.5
2026-04-18 12:56:46 PM,KXATPMATCH-26APR19RUBFIL-FIL,62,8,59,60,58,639,52,120,50,2000,67,2,69,500,70,155,71,479,72,200,64.5
2026-04-18 12:56:46 PM,KXATPMATCH-26APR19RUBFIL-FIL,62,8,59,60,58,639,52,120,50,2000,67,2,69,540,70,155,71,479,72,200,64.5
2026-04-18 12:57:01 PM,KXATPMATCH-26APR19RUBFIL-FIL,62,8,59,60,58,639,52,120,50,2000,67,2,69,40,70,155,71,479,72,200,64.5
2026-04-18 12:57:01 PM,KXATPMATCH-26APR19RUBFIL-FIL,62,8,59,60,58,639,52,120,50,2000,67,2,70,155,71,479,72,200,73,200,64.5
2026-04-18 12:57:11 PM,KXATPMATCH-26APR19RUBFIL-FIL,62,8,59,60,58,639,52,120,50,2000,67,2,70,655,71,479,72,200,73,200,64.5
2026-04-18 12:57:18 PM,KXATPMATCH-26APR19RUBFIL-FIL,63,1000,62,8,59,60,58,639,52,120,67,2,70,655,71,479,72,200,73,200,65.0
2026-04-18 12:57:19 PM,KXATPMATCH-26APR19RUBFIL-FIL,63,1000,62,8,58,639,52,120,50,2000,67,2,70,655,71,479,72,200,73,200,65.0
2026-04-18 12:57:41 PM,KXATPMATCH-26APR19RUBFIL-FIL,63,1000,62,8,58,639,52,120,50,2000,67,2,70,535,71,479,72,200,73,200,65.0
2026-04-18 12:57:41 PM,KXATPMATCH-26APR19RUBFIL-FIL,63,1000,62,8,58,639,52,120,50,2000,67,2,70,500,71,479,72,200,73,200,65.0
2026-04-18 12:57:41 PM,KXATPMATCH-26APR19RUBFIL-FIL,63,1000,62,8,58,639,52,120,50,2000,67,2,71,479,72,200,73,200,74,200,65.0
2026-04-18 12:57:48 PM,KXATPMATCH-26APR19RUBFIL-FIL,63,1500,62,8,58,639,52,120,50,2000,67,2,71,479,72,200,73,200,74,200,65.0
2026-04-18 12:57:48 PM,KXATPMATCH-26APR19RUBFIL-FIL,63,1500,62,8,59,35,58,639,52,120,67,2,71,479,72,200,73,200,74,200,65.0
2026-04-18 12:57:59 PM,KXATPMATCH-26APR19RUBFIL-FIL,63,1500,62,8,59,35,58,639,52,120,67,2,71,979,72,200,73,200,74,200,65.0
2026-04-18 12:58:20 PM,KXATPMATCH-26APR19RUBFIL-FIL,63,1500,62,8,59,35,58,639,52,120,67,2,71,779,72,200,73,200,74,200,65.0
2026-04-18 12:58:20 PM,KXATPMATCH-26APR19RUBFIL-FIL,63,1500,62,8,59,35,58,639,52,120,67,2,71,500,72,200,73,200,74,200,65.0
2026-04-18 12:58:20 PM,KXATPMATCH-26APR19RUBFIL-FIL,63,1500,62,8,59,35,58,639,52,120,67,2,72,200,73,200,74,200,76,200,65.0
2026-04-18 12:58:32 PM,KXATPMATCH-26APR19RUBFIL-FIL,63,1500,62,8,59,35,58,639,52,120,67,2,72,700,73,200,74,200,76,200,65.0
2026-04-18 12:58:38 PM,KXATPMATCH-26APR19RUBFIL-FIL,63,1000,62,8,59,35,58,639,52,120,67,2,72,700,73,200,74,200,76,200,65.0
2026-04-18 12:58:38 PM,KXATPMATCH-26APR19RUBFIL-FIL,63,1000,62,8,59,35,58,639,52,120,67,2,71,279,72,700,73,200,74,200,65.0
2026-04-18 12:58:45 PM,KXATPMATCH-26APR19RUBFIL-FIL,63,1000,62,8,59,35,58,639,52,120,67,2,72,700,73,200,74,200,76,200,65.0
2026-04-18 12:59:04 PM,KXATPMATCH-26APR19RUBFIL-FIL,63,1000,62,8,59,35,58,639,52,120,67,2,72,565,73,200,74,200,76,200,65.0
2026-04-18 12:59:06 PM,KXATPMATCH-26APR19RUBFIL-FIL,63,1000,62,8,59,35,58,639,52,120,67,2,72,500,73,200,74,200,76,200,65.0
2026-04-18 12:59:06 PM,KXATPMATCH-26APR19RUBFIL-FIL,63,1000,62,8,59,35,58,639,52,120,67,2,72,365,73,200,74,200,76,200,65.0
2026-04-18 12:59:08 PM,KXATPMATCH-26APR19RUBFIL-FIL,63,1000,62,8,59,35,58,639,52,120,67,2,71,279,72,365,73,200,74,200,65.0
2026-04-18 12:59:08 PM,KXATPMATCH-26APR19RUBFIL-FIL,63,1000,62,8,59,35,58,639,52,120,67,2,71,279,72,365,74,200,76,200,65.0
2026-04-18 12:59:08 PM,KXATPMATCH-26APR19RUBFIL-FIL,63,1000,62,8,59,35,58,639,52,120,67,2,71,279,72,365,74,235,76,200,65.0
2026-04-18 12:59:08 PM,KXATPMATCH-26APR19RUBFIL-FIL,63,1000,62,8,59,35,58,639,52,120,67,2,71,279,72,365,74,235,75,200,65.0
2026-04-18 12:59:09 PM,KXATPMATCH-26APR19RUBFIL-FIL,63,1000,62,8,59,35,58,639,52,120,67,2,71,279,72,365,74,35,75,200,65.0
2026-04-18 12:59:19 PM,KXATPMATCH-26APR19RUBFIL-FIL,63,1000,62,8,59,35,58,639,57,142,67,2,71,279,72,365,74,35,75,200,65.0
2026-04-18 12:59:19 PM,KXATPMATCH-26APR19RUBFIL-FIL,63,1000,62,8,59,35,58,500,57,142,67,2,71,279,72,365,74,35,75,200,65.0
2026-04-18 12:59:20 PM,KXATPMATCH-26APR19RUBFIL-FIL,63,1000,62,8,59,35,58,500,57,142,67,2,70,270,71,279,72,365,74,35,65.0
2026-04-18 12:59:20 PM,KXATPMATCH-26APR19RUBFIL-FIL,63,1000,62,8,59,35,58,500,57,142,67,2,70,270,72,365,74,35,75,200,65.0
2026-04-18 12:59:21 PM,KXATPMATCH-26APR19RUBFIL-FIL,63,1000,62,8,59,35,58,500,57,142,67,2,70,270,74,35,75,200,76,200,65.0
2026-04-18 12:59:21 PM,KXATPMATCH-26APR19RUBFIL-FIL,63,1000,62,8,59,35,58,500,57,142,67,2,70,270,73,500,74,35,75,200,65.0
2026-04-18 12:59:21 PM,KXATPMATCH-26APR19RUBFIL-FIL,63,1000,62,8,59,35,58,500,57,142,67,2,70,270,73,500,75,200,76,200,65.0
2026-04-18 12:59:21 PM,KXATPMATCH-26APR19RUBFIL-FIL,63,1000,62,8,59,35,58,500,57,142,67,2,70,270,72,35,73,500,75,200,65.0
2026-04-18 12:59:23 PM,KXATPMATCH-26APR19RUBFIL-FIL,64,3,63,1000,62,8,59,35,58,500,67,2,70,270,72,35,73,500,75,200,65.5
2026-04-18 12:59:23 PM,KXATPMATCH-26APR19RUBFIL-FIL,64,3,63,1000,62,8,58,500,57,142,67,2,70,270,72,35,73,500,75,200,65.5
2026-04-18 12:59:25 PM,KXATPMATCH-26APR19RUBFIL-FIL,64,3,63,1000,62,8,58,500,57,142,67,2,70,270,72,35,75,200,76,200,65.5
2026-04-18 12:59:25 PM,KXATPMATCH-26APR19RUBFIL-FIL,64,3,63,1000,62,8,58,500,57,142,67,2,70,270,72,35,74,500,75,200,65.5
2026-04-18 12:59:25 PM,KXATPMATCH-26APR19RUBFIL-FIL,64,3,63,1000,62,8,58,500,57,142,67,2,70,270,74,500,75,200,76,200,65.5
2026-04-18 12:59:25 PM,KXATPMATCH-26APR19RUBFIL-FIL,64,3,63,1000,62,8,58,500,57,142,67,2,70,270,73,35,74,500,75,200,65.5
2026-04-18 12:59:29 PM,KXATPMATCH-26APR19RUBFIL-FIL,64,3,62,8,58,500,57,142,52,120,67,2,70,270,73,35,74,500,75,200,65.5
2026-04-18 12:59:29 PM,KXATPMATCH-26APR19RUBFIL-FIL,65,1000,64,3,62,8,58,500,57,142,67,2,70,270,73,35,74,500,75,200,66.0
2026-04-18 12:59:29 PM,KXATPMATCH-26APR19RUBFIL-FIL,65,1000,64,3,62,8,59,60,58,500,67,2,70,270,73,35,74,500,75,200,66.0
2026-04-18 01:00:06 PM,KXATPMATCH-26APR19RUBFIL-FIL,65,1000,64,3,62,8,59,60,58,500,67,2,70,265,73,35,74,500,75,200,66.0
2026-04-18 01:00:06 PM,KXATPMATCH-26APR19RUBFIL-FIL,65,1000,64,3,62,8,59,60,58,500,67,2,70,265,74,500,75,200,76,200,66.0
2026-04-18 01:00:06 PM,KXATPMATCH-26APR19RUBFIL-FIL,65,1000,64,3,63,100,62,8,59,60,67,2,70,265,74,500,75,200,76,200,66.0
2026-04-18 01:00:06 PM,KXATPMATCH-26APR19RUBFIL-FIL,65,1000,64,3,62,8,59,60,58,500,67,2,70,265,74,500,75,200,76,200,66.0
2026-04-18 01:00:06 PM,KXATPMATCH-26APR19RUBFIL-FIL,65,1000,64,3,62,8,59,60,58,500,67,2,70,265,71,500,74,500,75,200,66.0
2026-04-18 01:00:10 PM,KXATPMATCH-26APR19RUBFIL-FIL,65,1000,64,3,62,8,59,60,57,142,67,2,70,265,71,500,74,500,75,200,66.0
2026-04-18 01:00:13 PM,KXATPMATCH-26APR19RUBFIL-FIL,65,1000,64,3,62,8,59,60,57,642,67,2,70,265,71,500,74,500,75,200,66.0
2026-04-18 01:00:31 PM,KXATPMATCH-26APR19RUBFIL-FIL,65,1000,64,3,62,8,59,60,57,642,67,2,69,500,70,265,71,500,74,500,66.0
2026-04-18 01:00:31 PM,KXATPMATCH-26APR19RUBFIL-FIL,65,1000,64,3,62,8,59,60,57,642,67,2,69,500,70,265,74,500,75,200,66.0
2026-04-18 01:00:31 PM,KXATPMATCH-26APR19RUBFIL-FIL,65,1000,64,3,62,8,59,60,57,642,67,2,69,1000,70,265,74,500,75,200,66.0
2026-04-18 01:00:31 PM,KXATPMATCH-26APR19RUBFIL-FIL,65,1000,64,3,62,8,59,60,57,642,67,2,69,1000,70,265,73,35,74,500,66.0
2026-04-18 01:01:07 PM,KXATPMATCH-26APR19RUBFIL-FIL,65,1000,64,3,62,8,59,60,57,642,67,2,68,1560,69,1000,70,265,73,35,66.0
2026-04-18 01:01:07 PM,KXATPMATCH-26APR19RUBFIL-FIL,65,1000,64,3,62,8,59,60,57,642,67,2,68,1560,69,1000,70,265,74,500,66.0
2026-04-18 01:01:27 PM,KXATPMATCH-26APR19RUBFIL-FIL,65,1000,64,3,62,8,59,60,57,642,67,2,68,1560,69,500,70,265,74,500,66.0
2026-04-18 01:01:27 PM,KXATPMATCH-26APR19RUBFIL-FIL,65,1000,64,3,62,8,59,60,57,642,67,2,68,1560,69,500,70,265,73,2000,66.0
2026-04-18 01:01:33 PM,KXATPMATCH-26APR19RUBFIL-FIL,65,1000,64,3,62,8,59,60,57,142,67,2,68,1560,69,500,70,265,73,2000,66.0
2026-04-18 01:01:33 PM,KXATPMATCH-26APR19RUBFIL-FIL,65,1000,64,3,62,8,57,142,50,2000,67,2,68,1560,69,500,70,265,73,2000,66.0
2026-04-18 01:01:33 PM,KXATPMATCH-26APR19RUBFIL-FIL,65,1000,64,3,62,8,57,142,55,60,67,2,68,1560,69,500,70,265,73,2000,66.0
2026-04-18 01:01:54 PM,KXATPMATCH-26APR19RUBFIL-FIL,65,1000,64,3,62,8,57,142,55,60,67,2,68,1560,69,500,70,265,72,500,66.0
2026-04-18 01:02:01 PM,KXATPMATCH-26APR19RUBFIL-FIL,65,1000,64,103,62,8,57,142,55,60,67,2,68,1560,69,500,70,265,72,500,66.0
2026-04-18 01:02:01 PM,KXATPMATCH-26APR19RUBFIL-FIL,64,103,62,8,57,142,55,60,50,2000,67,2,68,1560,69,500,70,265,72,500,65.5
2026-04-18 01:02:01 PM,KXATPMATCH-26APR19RUBFIL-FIL,64,103,62,8,58,1000,57,142,55,60,67,2,68,1560,69,500,70,265,72,500,65.5
2026-04-18 01:02:01 PM,KXATPMATCH-26APR19RUBFIL-FIL,64,3,62,8,58,1000,57,142,55,60,67,2,68,1560,69,500,70,265,72,500,65.5
2026-04-18 01:02:01 PM,KXATPMATCH-26APR19RUBFIL-FIL,64,3,62,8,58,1000,57,242,55,60,67,2,68,1560,69,500,70,265,72,500,65.5
2026-04-18 01:02:01 PM,KXATPMATCH-26APR19RUBFIL-FIL,64,3,62,8,59,95,58,1000,57,242,67,2,68,1560,69,500,70,265,72,500,65.5
2026-04-18 01:02:01 PM,KXATPMATCH-26APR19RUBFIL-FIL,64,3,62,8,59,95,58,1000,57,142,67,2,68,1560,69,500,70,265,72,500,65.5
2026-04-18 01:02:01 PM,KXATPMATCH-26APR19RUBFIL-FIL,64,3,62,8,59,95,58,1000,57,142,67,2,68,1560,69,500,70,265,71,35,65.5
2026-04-18 01:02:26 PM,KXATPMATCH-26APR19RUBFIL-FIL,64,3,62,8,59,195,58,1000,57,142,67,2,68,1560,69,500,70,265,71,35,65.5
2026-04-18 01:02:29 PM,KXATPMATCH-26APR19RUBFIL-FIL,64,3,62,8,59,195,58,1000,55,60,67,2,68,1560,69,500,70,265,71,35,65.5
2026-04-18 01:02:29 PM,KXATPMATCH-26APR19RUBFIL-FIL,64,3,62,8,59,195,58,1139,55,60,67,2,68,1560,69,500,70,265,71,35,65.5
2026-04-18 01:02:29 PM,KXATPMATCH-26APR19RUBFIL-FIL,64,3,62,8,59,195,58,1139,55,60,67,2,68,1560,69,500,70,265,71,314,65.5
2026-04-18 01:02:30 PM,KXATPMATCH-26APR19RUBFIL-FIL,64,3,62,8,59,195,58,1139,55,60,67,2,68,1560,69,500,71,314,72,500,65.5
2026-04-18 01:02:35 PM,KXATPMATCH-26APR19RUBFIL-FIL,64,3,59,195,58,1139,55,60,50,2000,67,2,68,1560,69,500,71,314,72,500,65.5
2026-04-18 01:02:35 PM,KXATPMATCH-26APR19RUBFIL-FIL,64,3,60,35,59,195,58,1139,55,60,67,2,68,1560,69,500,71,314,72,500,65.5
2026-04-18 01:02:41 PM,KXATPMATCH-26APR19RUBFIL-FIL,64,10,60,35,59,195,58,1139,55,60,67,2,68,1560,69,500,71,314,72,500,65.5
2026-04-18 01:02:43 PM,KXATPMATCH-26APR19RUBFIL-FIL,64,7,60,35,59,195,58,1139,55,60,67,2,68,1560,69,500,71,314,72,500,65.5
2026-04-18 01:03:26 PM,KXATPMATCH-26APR19RUBFIL-FIL,64,7,60,35,59,195,58,1139,55,60,67,2,69,500,71,314,72,500,73,2000,65.5
2026-04-18 01:03:26 PM,KXATPMATCH-26APR19RUBFIL-FIL,64,7,60,35,59,195,58,1139,55,60,67,2,71,314,72,500,73,2000,75,200,65.5
2026-04-18 01:03:26 PM,KXATPMATCH-26APR19RUBFIL-FIL,64,7,60,35,59,195,58,1139,55,60,67,2,71,814,72,500,73,2000,75,200,65.5
2026-04-18 01:03:26 PM,KXATPMATCH-26APR19RUBFIL-FIL,64,7,60,35,59,195,58,1139,55,60,67,2,71,948,72,500,73,2000,75,200,65.5
2026-04-18 01:04:19 PM,KXATPMATCH-26APR19RUBFIL-FIL,64,7,60,35,59,195,58,1139,55,60,67,2,71,948,73,2000,75,200,76,200,65.5
2026-04-18 01:04:19 PM,KXATPMATCH-26APR19RUBFIL-FIL,64,7,60,35,59,195,58,1139,55,60,67,2,71,948,73,2000,74,500,75,200,65.5
2026-04-18 01:04:25 PM,KXATPMATCH-26APR19RUBFIL-FIL,64,7,60,35,59,195,58,139,55,60,67,2,71,948,73,2000,74,500,75,200,65.5
2026-04-18 01:04:25 PM,KXATPMATCH-26APR19RUBFIL-FIL,64,7,61,1000,60,35,59,195,58,139,67,2,71,948,73,2000,74,500,75,200,65.5
2026-04-18 01:04:25 PM,KXATPMATCH-26APR19RUBFIL-FIL,64,7,61,1000,59,195,58,139,55,60,67,2,71,948,73,2000,74,500,75,200,65.5
2026-04-18 01:04:25 PM,KXATPMATCH-26APR19RUBFIL-FIL,64,7,61,1000,59,100,58,139,55,60,67,2,71,948,73,2000,74,500,75,200,65.5
2026-04-18 01:04:29 PM,KXATPMATCH-26APR19RUBFIL-FIL,64,7,59,100,58,139,55,60,50,2000,67,2,71,948,73,2000,74,500,75,200,65.5
2026-04-18 01:04:29 PM,KXATPMATCH-26APR19RUBFIL-FIL,64,7,60,1000,59,100,58,139,55,60,67,2,71,948,73,2000,74,500,75,200,65.5
2026-04-18 01:04:55 PM,KXATPMATCH-26APR19RUBFIL-FIL,64,7,60,1000,59,100,58,139,55,60,67,2,71,948,73,2000,75,200,76,200,65.5
2026-04-18 01:04:55 PM,KXATPMATCH-26APR19RUBFIL-FIL,64,7,60,1000,59,100,58,139,55,60,67,2,71,948,72,500,73,2000,75,200,65.5
2026-04-18 01:05:29 PM,KXATPMATCH-26APR19RUBFIL-FIL,64,7,60,1000,59,100,58,139,55,60,67,2,71,988,72,500,73,2000,75,200,65.5
2026-04-18 01:07:28 PM,KXATPMATCH-26APR19RUBFIL-FIL,64,7,61,1735,60,1000,59,100,58,139,67,2,71,988,72,500,73,2000,75,200,65.5
2026-04-18 01:07:28 PM,KXATPMATCH-26APR19RUBFIL-FIL,64,7,61,1735,60,1000,59,100,58,139,67,2,70,910,71,988,72,500,73,2000,65.5
2026-04-18 01:07:28 PM,KXATPMATCH-26APR19RUBFIL-FIL,64,7,61,1735,60,1000,59,100,58,139,67,2,70,910,71,854,72,500,73,2000,65.5
2026-04-18 01:07:28 PM,KXATPMATCH-26APR19RUBFIL-FIL,64,7,61,910,60,1000,59,100,58,139,67,2,70,910,71,854,72,500,73,2000,65.5
2026-04-18 01:07:29 PM,KXATPMATCH-26APR19RUBFIL-FIL,64,7,61,910,60,1000,59,100,58,139,67,2,70,910,71,814,72,500,73,2000,65.5
2026-04-18 01:07:29 PM,KXATPMATCH-26APR19RUBFIL-FIL,64,7,61,910,60,1000,59,100,58,139,67,2,70,950,71,814,72,500,73,2000,65.5
2026-04-18 01:08:14 PM,KXATPMATCH-26APR19RUBFIL-FIL,64,7,61,910,60,1000,58,139,50,2000,67,2,70,950,71,814,72,500,73,2000,65.5
2026-04-18 01:08:14 PM,KXATPMATCH-26APR19RUBFIL-FIL,64,7,61,910,60,1000,58,139,50,2000,67,2,70,950,71,314,72,500,73,2000,65.5
2026-04-18 01:08:14 PM,KXATPMATCH-26APR19RUBFIL-FIL,64,7,61,1010,60,1000,58,139,50,2000,67,2,70,950,71,314,72,500,73,2000,65.5
2026-04-18 01:08:14 PM,KXATPMATCH-26APR19RUBFIL-FIL,64,7,61,1010,60,1000,58,139,50,2000,67,2,70,1450,71,314,72,500,73,2000,65.5
2026-04-18 01:08:14 PM,KXATPMATCH-26APR19RUBFIL-FIL,64,7,61,1010,60,1000,58,139,54,60,67,2,70,1450,71,314,72,500,73,2000,65.5
2026-04-18 01:08:14 PM,KXATPMATCH-26APR19RUBFIL-FIL,64,7,61,1010,60,1000,58,139,50,2000,67,2,70,1450,71,314,72,500,73,2000,65.5
2026-04-18 01:08:20 PM,KXATPMATCH-26APR19RUBFIL-FIL,64,7,61,1010,58,139,50,2000,48,10,67,2,70,1450,71,314,72,500,73,2000,65.5
2026-04-18 01:08:20 PM,KXATPMATCH-26APR19RUBFIL-FIL,64,7,62,1000,61,1010,58,139,50,2000,67,2,70,1450,71,314,72,500,73,2000,65.5
2026-04-18 01:08:21 PM,KXATPMATCH-26APR19RUBFIL-FIL,64,7,62,1000,61,910,58,139,50,2000,67,2,70,1450,71,314,72,500,73,2000,65.5
2026-04-18 01:08:21 PM,KXATPMATCH-26APR19RUBFIL-FIL,64,7,62,1000,61,910,58,139,54,60,67,2,70,1450,71,314,72,500,73,2000,65.5
2026-04-18 01:08:21 PM,KXATPMATCH-26APR19RUBFIL-FIL,64,7,62,1100,61,910,58,139,54,60,67,2,70,1450,71,314,72,500,73,2000,65.5
2026-04-18 01:08:22 PM,KXATPMATCH-26APR19RUBFIL-FIL,64,7,63,910,62,1100,61,910,58,139,67,2,70,1450,71,314,72,500,73,2000,65.5
2026-04-18 01:08:22 PM,KXATPMATCH-26APR19RUBFIL-FIL,64,7,63,910,62,1000,61,910,58,139,67,2,70,1450,71,314,72,500,73,2000,65.5
2026-04-18 01:08:22 PM,KXATPMATCH-26APR19RUBFIL-FIL,64,7,63,1010,62,1000,61,910,58,139,67,2,70,1450,71,314,72,500,73,2000,65.5
2026-04-18 01:08:22 PM,KXATPMATCH-26APR19RUBFIL-FIL,64,7,63,1010,62,1000,58,139,50,2000,67,2,70,1450,71,314,72,500,73,2000,65.5
2026-04-18 01:08:22 PM,KXATPMATCH-26APR19RUBFIL-FIL,64,7,63,1010,62,1000,58,139,54,60,67,2,70,1450,71,314,72,500,73,2000,65.5
2026-04-18 01:08:26 PM,KXATPMATCH-26APR19RUBFIL-FIL,64,7,63,1010,58,139,54,60,50,2000,67,2,70,1450,71,314,72,500,73,2000,65.5
2026-04-18 01:08:26 PM,KXATPMATCH-26APR19RUBFIL-FIL,64,7,63,1010,59,1000,58,139,54,60,67,2,70,1450,71,314,72,500,73,2000,65.5
2026-04-18 01:08:40 PM,KXATPMATCH-26APR19RUBFIL-FIL,64,7,63,1010,60,910,59,1000,58,139,67,2,70,1450,71,314,72,500,73,2000,65.5
2026-04-18 01:08:40 PM,KXATPMATCH-26APR19RUBFIL-FIL,64,42,63,1010,60,910,59,1000,58,139,67,2,70,1450,71,314,72,500,73,2000,65.5
2026-04-18 01:08:40 PM,KXATPMATCH-26APR19RUBFIL-FIL,64,42,63,910,60,910,59,1000,58,139,67,2,70,1450,71,314,72,500,73,2000,65.5
2026-04-18 01:08:40 PM,KXATPMATCH-26APR19RUBFIL-FIL,64,142,63,910,60,910,59,1000,58,139,67,2,70,1450,71,314,72,500,73,2000,65.5
2026-04-18 01:08:41 PM,KXATPMATCH-26APR19RUBFIL-FIL,64,142,60,910,59,1000,58,139,54,60,67,2,70,1450,71,314,72,500,73,2000,65.5
2026-04-18 01:08:41 PM,KXATPMATCH-26APR19RUBFIL-FIL,64,142,60,910,59,1000,58,139,50,2000,67,2,70,1450,71,314,72,500,73,2000,65.5
2026-04-18 01:09:04 PM,KXATPMATCH-26APR19RUBFIL-FIL,64,42,60,910,59,1000,58,139,50,2000,67,2,70,1450,71,314,72,500,73,2000,65.5
2026-04-18 01:09:04 PM,KXATPMATCH-26APR19RUBFIL-FIL,64,42,61,100,60,910,59,1000,58,139,67,2,70,1450,71,314,72,500,73,2000,65.5
2026-04-18 01:09:04 PM,KXATPMATCH-26APR19RUBFIL-FIL,64,7,61,100,60,910,59,1000,58,139,67,2,70,1450,71,314,72,500,73,2000,65.5
2026-04-18 01:09:04 PM,KXATPMATCH-26APR19RUBFIL-FIL,64,7,60,910,59,1000,58,139,50,2000,67,2,70,1450,71,314,72,500,73,2000,65.5
2026-04-18 01:09:04 PM,KXATPMATCH-26APR19RUBFIL-FIL,64,7,60,910,59,1000,58,139,54,60,67,2,70,1450,71,314,72,500,73,2000,65.5
2026-04-18 01:09:24 PM,KXATPMATCH-26APR19RUBFIL-FIL,64,7,60,910,59,1000,58,139,54,60,67,2,69,500,70,1450,71,314,72,500,65.5
2026-04-18 01:09:24 PM,KXATPMATCH-26APR19RUBFIL-FIL,64,7,60,910,59,1000,58,139,54,60,67,2,69,500,70,950,71,314,72,500,65.5
2026-04-18 01:09:24 PM,KXATPMATCH-26APR19RUBFIL-FIL,64,7,60,910,59,1000,58,139,54,60,67,2,69,500,70,950,71,279,72,500,65.5
2026-04-18 01:09:24 PM,KXATPMATCH-26APR19RUBFIL-FIL,64,7,60,910,59,1000,58,139,54,60,67,2,69,1000,70,950,71,279,72,500,65.5
2026-04-18 01:09:24 PM,KXATPMATCH-26APR19RUBFIL-FIL,64,7,60,1010,59,1000,58,139,54,60,67,2,69,1000,70,950,71,279,72,500,65.5
2026-04-18 01:09:24 PM,KXATPMATCH-26APR19RUBFIL-FIL,64,7,61,35,60,1010,59,1000,58,139,67,2,69,1000,70,950,71,279,72,500,65.5
2026-04-18 01:09:24 PM,KXATPMATCH-26APR19RUBFIL-FIL,64,7,61,35,60,910,59,1000,58,139,67,2,69,1000,70,950,71,279,72,500,65.5
2026-04-18 01:09:24 PM,KXATPMATCH-26APR19RUBFIL-FIL,64,7,61,135,60,910,59,1000,58,139,67,2,69,1000,70,950,71,279,72,500,65.5
2026-04-18 01:09:24 PM,KXATPMATCH-26APR19RUBFIL-FIL,64,7,61,135,60,910,59,1000,58,139,67,2,69,1035,70,950,71,279,72,500,65.5
2026-04-18 01:09:25 PM,KXATPMATCH-26APR19RUBFIL-FIL,64,7,61,135,60,910,59,1000,58,139,67,2,69,1035,70,910,71,279,72,500,65.5
2026-04-18 01:09:25 PM,KXATPMATCH-26APR19RUBFIL-FIL,64,7,61,135,60,910,59,1000,58,139,67,2,69,1075,70,910,71,279,72,500,65.5
2026-04-18 01:09:25 PM,KXATPMATCH-26APR19RUBFIL-FIL,64,7,61,135,60,910,59,1000,58,139,67,2,68,910,69,1075,70,910,71,279,65.5
2026-04-18 01:09:25 PM,KXATPMATCH-26APR19RUBFIL-FIL,64,7,61,135,60,910,59,1000,58,139,67,2,68,910,69,1040,70,910,71,279,65.5
2026-04-18 01:09:26 PM,KXATPMATCH-26APR19RUBFIL-FIL,64,7,61,135,60,910,59,1000,58,139,67,2,68,910,69,1040,71,279,72,500,65.5
2026-04-18 01:09:27 PM,KXATPMATCH-26APR19RUBFIL-FIL,64,7,61,135,60,910,59,1000,58,139,67,2,68,1278,69,1040,71,279,72,500,65.5
2026-04-18 01:09:27 PM,KXATPMATCH-26APR19RUBFIL-FIL,64,7,62,475,61,135,60,910,59,1000,67,2,68,1278,69,1040,71,279,72,500,65.5
2026-04-18 01:09:27 PM,KXATPMATCH-26APR19RUBFIL-FIL,64,7,63,316,62,475,61,135,60,910,67,2,68,1278,69,1040,71,279,72,500,65.5
2026-04-18 01:09:27 PM,KXATPMATCH-26APR19RUBFIL-FIL,64,7,63,316,62,475,61,100,60,910,67,2,68,1278,69,1040,71,279,72,500,65.5
2026-04-18 01:09:27 PM,KXATPMATCH-26APR19RUBFIL-FIL,64,7,63,316,62,475,60,910,59,1000,67,2,68,1278,69,1040,71,279,72,500,65.5
2026-04-18 01:09:27 PM,KXATPMATCH-26APR19RUBFIL-FIL,64,7,63,316,62,789,60,910,59,1000,67,2,68,1278,69,1040,71,279,72,500,65.5
2026-04-18 01:09:27 PM,KXATPMATCH-26APR19RUBFIL-FIL,64,7,63,416,62,789,60,910,59,1000,67,2,68,1278,69,1040,71,279,72,500,65.5
2026-04-18 01:09:27 PM,KXATPMATCH-26APR19RUBFIL-FIL,64,7,63,416,62,789,60,910,59,1000,67,348,68,1278,69,1040,71,279,72,500,65.5
2026-04-18 01:09:27 PM,KXATPMATCH-26APR19RUBFIL-FIL,64,42,63,416,62,789,60,910,59,1000,67,348,68,1278,69,1040,71,279,72,500,65.5
2026-04-18 01:09:27 PM,KXATPMATCH-26APR19RUBFIL-FIL,64,42,63,416,62,789,60,910,59,1000,67,348,68,1278,69,540,71,279,72,500,65.5
2026-04-18 01:09:27 PM,KXATPMATCH-26APR19RUBFIL-FIL,64,42,63,416,62,789,60,910,59,1000,67,848,68,1278,69,540,71,279,72,500,65.5
2026-04-18 01:09:27 PM,KXATPMATCH-26APR19RUBFIL-FIL,64,42,63,632,62,789,60,910,59,1000,67,848,68,1278,69,540,71,279,72,500,65.5
2026-04-18 01:09:27 PM,KXATPMATCH-26APR19RUBFIL-FIL,64,42,63,632,62,789,60,910,59,1000,67,1083,68,1278,69,540,71,279,72,500,65.5
2026-04-18 01:09:27 PM,KXATPMATCH-26APR19RUBFIL-FIL,64,42,63,632,62,789,60,910,59,1000,67,1083,68,1531,69,540,71,279,72,500,65.5
2026-04-18 01:09:27 PM,KXATPMATCH-26APR19RUBFIL-FIL,64,42,63,532,62,789,60,910,59,1000,67,1083,68,1531,69,540,71,279,72,500,65.5
2026-04-18 01:09:27 PM,KXATPMATCH-26APR19RUBFIL-FIL,64,142,63,532,62,789,60,910,59,1000,67,1083,68,1531,69,540,71,279,72,500,65.5
2026-04-18 01:09:28 PM,KXATPMATCH-26APR19RUBFIL-FIL,64,142,63,532,62,789,60,910,59,1000,67,1083,68,1531,69,500,71,279,72,500,65.5
2026-04-18 01:09:28 PM,KXATPMATCH-26APR19RUBFIL-FIL,64,142,63,532,62,789,60,910,59,1000,67,1123,68,1531,69,500,71,279,72,500,65.5
2026-04-18 01:09:28 PM,KXATPMATCH-26APR19RUBFIL-FIL,64,142,63,1438,62,789,60,910,59,1000,67,1123,68,1531,69,500,71,279,72,500,65.5
2026-04-18 01:09:31 PM,KXATPMATCH-26APR19RUBFIL-FIL,64,142,63,1438,62,789,60,910,59,1000,67,1123,68,1531,71,279,72,500,73,2000,65.5
2026-04-18 01:09:31 PM,KXATPMATCH-26APR19RUBFIL-FIL,64,142,63,1438,62,789,59,1000,58,139,67,1123,68,1531,71,279,72,500,73,2000,65.5
2026-04-18 01:09:57 PM,KXATPMATCH-26APR19RUBFIL-FIL,64,142,63,1438,62,789,59,1000,58,139,67,2030,68,1531,71,279,72,500,73,2000,65.5
2026-04-18 01:09:57 PM,KXATPMATCH-26APR19RUBFIL-FIL,64,142,63,1438,62,789,59,1000,58,139,67,2030,68,621,71,279,72,500,73,2000,65.5
2026-04-18 01:10:16 PM,KXATPMATCH-26APR19RUBFIL-FIL,64,1055,63,1438,62,789,59,1000,58,139,67,2030,68,621,71,279,72,500,73,2000,65.5
2026-04-18 01:10:16 PM,KXATPMATCH-26APR19RUBFIL-FIL,64,1055,63,1438,62,789,59,1000,58,139,67,2030,68,1534,71,279,72,500,73,2000,65.5
2026-04-18 01:10:16 PM,KXATPMATCH-26APR19RUBFIL-FIL,64,1055,63,1438,62,789,59,1000,58,139,67,1123,68,1534,71,279,72,500,73,2000,65.5
2026-04-18 01:10:16 PM,KXATPMATCH-26APR19RUBFIL-FIL,64,1548,63,1438,62,789,59,1000,58,139,67,1123,68,1534,71,279,72,500,73,2000,65.5
2026-04-18 01:10:16 PM,KXATPMATCH-26APR19RUBFIL-FIL,64,1548,63,1438,62,789,59,1000,58,139,67,1123,68,1534,69,390,71,279,72,500,65.5
2026-04-18 01:10:16 PM,KXATPMATCH-26APR19RUBFIL-FIL,64,1548,63,532,62,789,59,1000,58,139,67,1123,68,1534,69,390,71,279,72,500,65.5
2026-04-18 01:10:16 PM,KXATPMATCH-26APR19RUBFIL-FIL,64,1548,63,532,62,789,59,1000,58,139,67,1123,68,1534,69,655,71,279,72,500,65.5
2026-04-18 01:10:16 PM,KXATPMATCH-26APR19RUBFIL-FIL,64,1880,63,532,62,789,59,1000,58,139,67,1123,68,1534,69,655,71,279,72,500,65.5
2026-04-18 01:10:40 PM,KXATPMATCH-26APR19RUBFIL-FIL,64,1880,63,1332,62,789,59,1000,58,139,67,1123,68,1534,69,655,71,279,72,500,65.5
2026-04-18 01:10:40 PM,KXATPMATCH-26APR19RUBFIL-FIL,64,2307,63,1332,62,789,59,1000,58,139,67,1123,68,1534,69,655,71,279,72,500,65.5
2026-04-18 01:10:40 PM,KXATPMATCH-26APR19RUBFIL-FIL,64,2307,63,1332,62,789,59,1000,58,139,66,356,67,1123,68,1534,69,655,71,279,65.0
2026-04-18 01:10:40 PM,KXATPMATCH-26APR19RUBFIL-FIL,64,2307,63,1332,62,789,59,1000,58,139,66,356,67,1923,68,1534,69,655,71,279,65.0
2026-04-18 01:10:40 PM,KXATPMATCH-26APR19RUBFIL-FIL,64,1394,63,1332,62,789,59,1000,58,139,66,356,67,1923,68,1534,69,655,71,279,65.0
2026-04-18 01:10:40 PM,KXATPMATCH-26APR19RUBFIL-FIL,64,1394,63,1332,62,789,59,1000,58,139,66,356,67,2836,68,1534,69,655,71,279,65.0
2026-04-18 01:10:40 PM,KXATPMATCH-26APR19RUBFIL-FIL,64,1394,63,2245,62,789,59,1000,58,139,66,356,67,2836,68,1534,69,655,71,279,65.0
2026-04-18 01:10:40 PM,KXATPMATCH-26APR19RUBFIL-FIL,64,1394,63,2245,62,789,59,1000,58,139,66,356,67,2836,68,621,69,655,71,279,65.0
2026-04-18 01:10:41 PM,KXATPMATCH-26APR19RUBFIL-FIL,64,1394,63,2245,62,789,59,1000,58,139,66,356,67,2796,68,621,69,655,71,279,65.0
2026-04-18 01:10:41 PM,KXATPMATCH-26APR19RUBFIL-FIL,64,1394,63,2245,62,789,59,1000,58,139,66,396,67,2796,68,621,69,655,71,279,65.0
2026-04-18 01:10:41 PM,KXATPMATCH-26APR19RUBFIL-FIL,64,1394,63,2245,62,789,59,1000,58,139,66,396,67,12396,68,621,69,655,71,279,65.0
2026-04-18 01:10:41 PM,KXATPMATCH-26APR19RUBFIL-FIL,64,1394,63,2245,62,789,59,1000,58,139,66,396,67,12396,68,10221,69,655,71,279,65.0
2026-04-18 01:10:41 PM,KXATPMATCH-26APR19RUBFIL-FIL,65,4800,64,1394,63,2245,62,789,59,1000,66,396,67,12396,68,10221,69,655,71,279,65.5
2026-04-18 01:10:41 PM,KXATPMATCH-26APR19RUBFIL-FIL,65,4800,64,1294,63,2245,62,789,59,1000,66,396,67,12396,68,10221,69,655,71,279,65.5
2026-04-18 01:10:41 PM,KXATPMATCH-26APR19RUBFIL-FIL,65,4900,64,1294,63,2245,62,789,59,1000,66,396,67,12396,68,10221,69,655,71,279,65.5
2026-04-18 01:10:41 PM,KXATPMATCH-26APR19RUBFIL-FIL,65,4900,64,6094,63,2245,62,789,59,1000,66,396,67,12396,68,10221,69,655,71,279,65.5
2026-04-18 01:10:41 PM,KXATPMATCH-26APR19RUBFIL-FIL,65,4900,64,6094,63,2245,62,789,59,1000,66,396,67,11483,68,10221,69,655,71,279,65.5
2026-04-18 01:11:05 PM,KXATPMATCH-26APR19RUBFIL-FIL,65,4900,64,6094,63,2245,62,789,59,1000,66,381,67,11483,68,10221,69,655,71,279,65.5
2026-04-18 01:11:05 PM,KXATPMATCH-26APR19RUBFIL-FIL,65,4900,64,6094,63,2245,62,789,59,1000,66,381,67,11483,68,11134,69,655,71,279,65.5
2026-04-18 01:11:07 PM,KXATPMATCH-26APR19RUBFIL-FIL,65,4900,64,6109,63,2245,62,789,59,1000,66,381,67,11483,68,11134,69,655,71,279,65.5
2026-04-18 01:12:10 PM,KXATPMATCH-26APR19RUBFIL-FIL,65,4900,64,6109,63,1445,62,789,59,1000,66,381,67,11483,68,11134,69,655,71,279,65.5
2026-04-18 01:12:10 PM,KXATPMATCH-26APR19RUBFIL-FIL,65,4900,64,5682,63,1445,62,789,59,1000,66,381,67,11483,68,11134,69,655,71,279,65.5
2026-04-18 01:12:10 PM,KXATPMATCH-26APR19RUBFIL-FIL,65,4900,64,5682,63,1445,62,789,59,1000,66,40,67,11483,68,11134,69,655,71,279,65.5
2026-04-18 01:12:10 PM,KXATPMATCH-26APR19RUBFIL-FIL,65,4900,64,5682,63,1445,62,789,59,1000,66,40,67,10683,68,11134,69,655,71,279,65.5
2026-04-18 01:12:10 PM,KXATPMATCH-26APR19RUBFIL-FIL,65,4900,64,5667,63,1445,62,789,59,1000,66,40,67,10683,68,11134,69,655,71,279,65.5
2026-04-18 01:12:10 PM,KXATPMATCH-26APR19RUBFIL-FIL,65,4900,64,5667,63,1445,62,789,59,1000,66,40,67,10683,68,10221,69,655,71,279,65.5
2026-04-18 01:12:10 PM,KXATPMATCH-26APR19RUBFIL-FIL,65,4900,64,5667,63,1445,62,789,59,1000,66,40,67,1083,68,10221,69,655,71,279,65.5
2026-04-18 01:12:10 PM,KXATPMATCH-26APR19RUBFIL-FIL,65,4900,64,5667,63,1445,62,789,59,1000,66,40,67,1083,68,621,69,655,71,279,65.5
2026-04-18 01:12:10 PM,KXATPMATCH-26APR19RUBFIL-FIL,65,100,64,5667,63,1445,62,789,59,1000,66,40,67,1083,68,621,69,655,71,279,65.5
2026-04-18 01:12:10 PM,KXATPMATCH-26APR19RUBFIL-FIL,65,100,64,867,63,1445,62,789,59,1000,66,40,67,1083,68,621,69,655,71,279,65.5
2026-04-18 01:12:11 PM,KXATPMATCH-26APR19RUBFIL-FIL,65,100,64,832,63,1445,62,789,59,1000,66,40,67,1083,68,621,69,655,71,279,65.5
2026-04-18 01:12:11 PM,KXATPMATCH-26APR19RUBFIL-FIL,65,100,64,832,63,1445,62,789,59,1000,66,40,67,1083,68,1534,69,655,71,279,65.5
2026-04-18 01:12:11 PM,KXATPMATCH-26APR19RUBFIL-FIL,64,832,63,1445,62,789,59,1000,58,139,66,40,67,1083,68,1534,69,655,71,279,65.0
2026-04-18 01:12:11 PM,KXATPMATCH-26APR19RUBFIL-FIL,64,932,63,1445,62,789,59,1000,58,139,66,40,67,1083,68,1534,69,655,71,279,65.0
2026-04-18 01:12:55 PM,KXATPMATCH-26APR19RUBFIL-FIL,64,1847,63,1445,62,789,59,1000,58,139,66,40,67,1083,68,1534,69,655,71,279,65.0
2026-04-18 01:12:55 PM,KXATPMATCH-26APR19RUBFIL-FIL,64,1847,63,532,62,789,59,1000,58,139,66,40,67,1083,68,1534,69,655,71,279,65.0
2026-04-18 01:13:13 PM,KXATPMATCH-26APR19RUBFIL-FIL,64,1847,63,1447,62,789,59,1000,58,139,66,40,67,1083,68,1534,69,655,71,279,65.0
2026-04-18 01:13:13 PM,KXATPMATCH-26APR19RUBFIL-FIL,64,932,63,1447,62,789,59,1000,58,139,66,40,67,1083,68,1534,69,655,71,279,65.0
2026-04-18 01:13:26 PM,KXATPMATCH-26APR19RUBFIL-FIL,64,932,63,1447,62,789,59,1000,58,139,66,35,67,1083,68,1534,69,655,71,279,65.0
2026-04-18 01:13:29 PM,KXATPMATCH-26APR19RUBFIL-FIL,64,932,63,1447,62,789,59,1000,58,139,66,1,67,1083,68,1534,69,655,71,279,65.0
2026-04-18 01:13:48 PM,KXATPMATCH-26APR19RUBFIL-FIL,64,932,63,1447,62,789,59,1000,58,139,66,1,67,583,68,1534,69,655,71,279,65.0
2026-04-18 01:13:48 PM,KXATPMATCH-26APR19RUBFIL-FIL,64,932,63,1447,62,789,59,1000,58,139,66,1,67,583,68,2034,69,655,71,279,65.0
2026-04-18 01:13:48 PM,KXATPMATCH-26APR19RUBFIL-FIL,65,915,64,932,63,1447,62,789,59,1000,66,1,67,583,68,2034,69,655,71,279,65.5
2026-04-18 01:13:48 PM,KXATPMATCH-26APR19RUBFIL-FIL,65,915,64,932,63,1447,62,789,59,1000,66,1,67,583,68,2034,69,1570,71,279,65.5
2026-04-18 01:13:48 PM,KXATPMATCH-26APR19RUBFIL-FIL,65,915,64,932,63,1447,62,789,59,1000,66,1,67,583,68,1121,69,1570,71,279,65.5
2026-04-18 01:13:49 PM,KXATPMATCH-26APR19RUBFIL-FIL,65,915,64,932,63,532,62,789,59,1000,66,1,67,583,68,1121,69,1570,71,279,65.5
2026-04-18 01:13:49 PM,KXATPMATCH-26APR19RUBFIL-FIL,65,915,64,832,63,532,62,789,59,1000,66,1,67,583,68,1121,69,1570,71,279,65.5
2026-04-18 01:13:49 PM,KXATPMATCH-26APR19RUBFIL-FIL,65,1015,64,832,63,532,62,789,59,1000,66,1,67,583,68,1121,69,1570,71,279,65.5
2026-04-18 01:13:55 PM,KXATPMATCH-26APR19RUBFIL-FIL,65,1015,64,832,63,532,62,789,59,1000,66,1,67,583,68,1121,69,1570,73,2000,65.5
2026-04-18 01:13:55 PM,KXATPMATCH-26APR19RUBFIL-FIL,65,1015,64,832,63,532,62,789,59,1000,66,1,67,583,68,1121,69,1570,72,289,65.5
2026-04-18 01:14:35 PM,KXATPMATCH-26APR19RUBFIL-FIL,65,1015,64,832,63,532,62,789,59,1000,66,1,67,237,68,1121,69,1570,72,289,65.5
2026-04-18 01:14:35 PM,KXATPMATCH-26APR19RUBFIL-FIL,65,1015,64,832,63,532,62,789,59,1000,66,1,67,2,68,1121,69,1570,72,289,65.5
2026-04-18 01:14:35 PM,KXATPMATCH-26APR19RUBFIL-FIL,65,1371,64,832,63,532,62,789,59,1000,66,1,67,2,68,1121,69,1570,72,289,65.5
2026-04-18 01:14:35 PM,KXATPMATCH-26APR19RUBFIL-FIL,65,1371,64,832,63,532,62,789,59,1000,66,1,67,2,68,2036,69,1570,72,289,65.5
2026-04-18 01:14:35 PM,KXATPMATCH-26APR19RUBFIL-FIL,65,456,64,832,63,532,62,789,59,1000,66,1,67,2,68,2036,69,1570,72,289,65.5
2026-04-18 01:14:35 PM,KXATPMATCH-26APR19RUBFIL-FIL,65,673,64,832,63,532,62,789,59,1000,66,1,67,2,68,2036,69,1570,72,289,65.5
2026-04-18 01:14:35 PM,KXATPMATCH-26APR19RUBFIL-FIL,65,673,64,832,63,1447,62,789,59,1000,66,1,67,2,68,2036,69,1570,72,289,65.5
2026-04-18 01:14:35 PM,KXATPMATCH-26APR19RUBFIL-FIL,65,673,64,832,63,1447,62,789,59,1000,66,1,67,2,68,2036,69,655,72,289,65.5
2026-04-18 01:14:39 PM,KXATPMATCH-26APR19RUBFIL-FIL,65,673,64,832,63,1447,62,789,59,1000,66,1,67,2,68,2036,69,655,70,385,65.5
2026-04-18 01:14:39 PM,KXATPMATCH-26APR19RUBFIL-FIL,65,673,64,832,63,1447,62,789,59,1000,66,1,67,2,68,2036,69,655,70,647,65.5
2026-04-18 01:14:47 PM,KXATPMATCH-26APR19RUBFIL-FIL,65,673,64,832,63,1447,62,789,59,1000,66,1,67,2,68,1668,69,655,70,647,65.5
2026-04-18 01:14:47 PM,KXATPMATCH-26APR19RUBFIL-FIL,65,673,64,832,63,1447,62,789,59,1000,66,1,67,2,68,1415,69,655,70,647,65.5
2026-04-18 01:14:47 PM,KXATPMATCH-26APR19RUBFIL-FIL,65,673,64,832,63,1447,62,789,59,1000,66,1,67,2,68,915,69,655,70,647,65.5
2026-04-18 01:14:47 PM,KXATPMATCH-26APR19RUBFIL-FIL,65,673,64,832,63,1447,62,789,59,1000,66,1,67,2,69,655,70,647,72,289,65.5
2026-04-18 01:14:47 PM,KXATPMATCH-26APR19RUBFIL-FIL,65,673,64,1749,63,1447,62,789,59,1000,66,1,67,2,69,655,70,647,72,289,65.5
2026-04-18 01:14:47 PM,KXATPMATCH-26APR19RUBFIL-FIL,65,673,64,1749,63,1447,62,789,59,1000,66,1,67,2,68,917,69,655,70,647,65.5
2026-04-18 01:14:47 PM,KXATPMATCH-26APR19RUBFIL-FIL,65,673,64,1749,63,532,62,789,59,1000,66,1,67,2,68,917,69,655,70,647,65.5
2026-04-18 01:15:02 PM,KXATPMATCH-26APR19RUBFIL-FIL,65,673,64,1749,63,532,62,789,59,1000,66,1,67,2,68,1417,69,655,70,647,65.5
2026-04-18 01:15:31 PM,KXATPMATCH-26APR19RUBFIL-FIL,65,673,64,1749,63,539,62,789,59,1000,66,1,67,2,68,1417,69,655,70,647,65.5
2026-04-18 01:15:49 PM,KXATPMATCH-26APR19RUBFIL-FIL,65,673,64,1749,63,1456,62,789,59,1000,66,1,67,2,68,1417,69,655,70,647,65.5
2026-04-18 01:15:49 PM,KXATPMATCH-26APR19RUBFIL-FIL,65,673,64,832,63,1456,62,789,59,1000,66,1,67,2,68,1417,69,655,70,647,65.5
2026-04-18 01:16:00 PM,KXATPMATCH-26APR19RUBFIL-FIL,65,673,64,832,63,1456,62,789,59,1000,66,1,67,2,68,500,69,655,70,647,65.5
2026-04-18 01:16:00 PM,KXATPMATCH-26APR19RUBFIL-FIL,65,673,64,832,63,1456,62,789,59,1000,66,1,67,2,69,655,70,647,72,289,65.5
2026-04-18 01:16:00 PM,KXATPMATCH-26APR19RUBFIL-FIL,65,673,64,1749,63,1456,62,789,59,1000,66,1,67,2,69,655,70,647,72,289,65.5
2026-04-18 01:16:00 PM,KXATPMATCH-26APR19RUBFIL-FIL,65,673,64,1749,63,1456,62,789,59,1000,66,1,67,2,68,440,69,655,70,647,65.5
2026-04-18 01:16:00 PM,KXATPMATCH-26APR19RUBFIL-FIL,65,673,64,1749,63,539,62,789,59,1000,66,1,67,2,68,440,69,655,70,647,65.5
2026-04-18 01:16:16 PM,KXATPMATCH-26APR19RUBFIL-FIL,65,673,64,1749,63,539,62,789,59,1000,66,1,67,2,68,312,69,655,70,647,65.5
2026-04-18 01:16:16 PM,KXATPMATCH-26APR19RUBFIL-FIL,65,673,64,1749,63,539,62,789,59,1000,66,1,67,2,68,812,69,655,70,647,65.5
2026-04-18 01:16:31 PM,KXATPMATCH-26APR19RUBFIL-FIL,65,673,64,1749,63,539,62,789,59,1000,66,1,67,2,68,500,69,655,70,647,65.5
2026-04-18 01:16:31 PM,KXATPMATCH-26APR19RUBFIL-FIL,65,673,64,1749,63,539,62,789,59,1000,66,1,67,2,68,94,69,655,70,647,65.5
2026-04-18 01:16:31 PM,KXATPMATCH-26APR19RUBFIL-FIL,65,673,64,1749,63,539,62,789,59,1000,66,1,67,2,68,200,69,655,70,647,65.5
2026-04-18 01:18:16 PM,KXATPMATCH-26APR19RUBFIL-FIL,65,1590,64,1749,63,539,62,789,59,1000,66,1,67,2,68,200,69,655,70,647,65.5
2026-04-18 01:18:16 PM,KXATPMATCH-26APR19RUBFIL-FIL,65,1590,64,1749,63,539,62,789,59,1000,66,1,67,2,68,200,69,765,70,647,65.5
2026-04-18 01:18:16 PM,KXATPMATCH-26APR19RUBFIL-FIL,65,1590,64,1749,63,539,62,789,59,1000,66,1,67,2,68,94,69,765,70,647,65.5
2026-04-18 01:18:16 PM,KXATPMATCH-26APR19RUBFIL-FIL,65,673,64,1749,63,539,62,789,59,1000,66,1,67,2,68,94,69,765,70,647,65.5
2026-04-18 01:18:26 PM,KXATPMATCH-26APR19RUBFIL-FIL,65,1590,64,1749,63,539,62,789,59,1000,66,1,67,2,68,94,69,765,70,647,65.5
2026-04-18 01:18:26 PM,KXATPMATCH-26APR19RUBFIL-FIL,65,1590,64,832,63,539,62,789,59,1000,66,1,67,2,68,94,69,765,70,647,65.5
2026-04-18 01:18:53 PM,KXATPMATCH-26APR19RUBFIL-FIL,65,1590,64,832,63,539,62,789,59,1000,66,1,67,2,68,92,69,765,70,647,65.5
2026-04-18 01:19:19 PM,KXATPMATCH-26APR19RUBFIL-FIL,65,1590,64,832,63,539,62,789,58,139,66,1,67,2,68,92,69,765,70,647,65.5
2026-04-18 01:19:20 PM,KXATPMATCH-26APR19RUBFIL-FIL,65,1590,64,1749,63,539,62,789,58,139,66,1,67,2,68,92,69,765,70,647,65.5
2026-04-18 01:19:20 PM,KXATPMATCH-26APR19RUBFIL-FIL,65,1590,64,1749,63,539,62,789,58,139,66,1,67,2,68,194,69,765,70,647,65.5
2026-04-18 01:19:20 PM,KXATPMATCH-26APR19RUBFIL-FIL,65,673,64,1749,63,539,62,789,58,139,66,1,67,2,68,194,69,765,70,647,65.5
2026-04-18 01:19:20 PM,KXATPMATCH-26APR19RUBFIL-FIL,65,673,64,1749,63,539,62,789,58,139,66,1,67,2,68,194,69,655,70,647,65.5
2026-04-18 01:19:25 PM,KXATPMATCH-26APR19RUBFIL-FIL,65,673,64,1749,63,539,62,789,58,139,66,1,67,2,68,92,69,655,70,647,65.5
2026-04-18 01:19:25 PM,KXATPMATCH-26APR19RUBFIL-FIL,65,673,64,1749,63,539,62,789,58,139,66,1,67,2,68,1,69,655,70,647,65.5
2026-04-18 01:19:25 PM,KXATPMATCH-26APR19RUBFIL-FIL,65,673,64,1749,63,539,62,789,58,139,66,1,67,2,68,1,69,1155,70,647,65.5
2026-04-18 01:19:30 PM,KXATPMATCH-26APR19RUBFIL-FIL,65,1590,64,1749,63,539,62,789,58,139,66,1,67,2,68,1,69,1155,70,647,65.5
2026-04-18 01:19:30 PM,KXATPMATCH-26APR19RUBFIL-FIL,65,1590,64,1749,63,539,62,789,58,139,66,1,67,2,68,1,69,1266,70,647,65.5
2026-04-18 01:19:30 PM,KXATPMATCH-26APR19RUBFIL-FIL,65,1590,64,832,63,539,62,789,58,139,66,1,67,2,68,1,69,1266,70,647,65.5
2026-04-18 01:19:41 PM,KXATPMATCH-26APR19RUBFIL-FIL,65,1590,64,832,63,539,62,789,58,139,66,1,67,2,68,1,69,876,70,647,65.5
2026-04-18 01:19:41 PM,KXATPMATCH-26APR19RUBFIL-FIL,65,1590,64,832,63,539,62,789,58,139,66,1,67,2,68,1,69,611,70,647,65.5
2026-04-18 01:19:41 PM,KXATPMATCH-26APR19RUBFIL-FIL,65,1590,64,832,63,539,62,789,58,139,66,1,67,2,68,1,69,111,70,647,65.5
2026-04-18 01:19:41 PM,KXATPMATCH-26APR19RUBFIL-FIL,65,1590,64,832,63,539,62,789,58,139,66,1,67,2,68,1,70,647,72,289,65.5
2026-04-18 01:19:41 PM,KXATPMATCH-26APR19RUBFIL-FIL,65,1590,64,832,63,539,62,789,58,139,66,1,67,2,68,1,70,1147,72,289,65.5
2026-04-18 01:19:41 PM,KXATPMATCH-26APR19RUBFIL-FIL,65,1590,64,832,63,539,62,314,58,139,66,1,67,2,68,1,70,1147,72,289,65.5
2026-04-18 01:19:41 PM,KXATPMATCH-26APR19RUBFIL-FIL,65,1590,64,832,63,539,62,314,58,139,66,1,67,2,68,1,69,26,70,1147,65.5
2026-04-18 01:19:41 PM,KXATPMATCH-26APR19RUBFIL-FIL,65,1590,64,832,63,539,62,314,58,139,66,1,67,2,68,1,69,26,70,647,65.5
2026-04-18 01:19:41 PM,KXATPMATCH-26APR19RUBFIL-FIL,65,1590,64,832,63,539,62,314,58,139,66,1,67,2,68,1,69,423,70,647,65.5
2026-04-18 01:19:41 PM,KXATPMATCH-26APR19RUBFIL-FIL,65,1590,64,832,63,539,58,139,50,2000,66,1,67,2,68,1,69,423,70,647,65.5
2026-04-18 01:19:46 PM,KXATPMATCH-26APR19RUBFIL-FIL,65,1590,64,832,63,539,58,139,50,2000,66,1,67,2,68,1,69,923,70,647,65.5
2026-04-18 01:19:54 PM,KXATPMATCH-26APR19RUBFIL-FIL,65,1590,64,832,63,539,58,139,50,2000,66,1,67,2,68,1,69,897,70,647,65.5
2026-04-18 01:19:54 PM,KXATPMATCH-26APR19RUBFIL-FIL,65,1590,64,832,63,539,58,139,50,2000,66,1,67,2,68,1,69,500,70,647,65.5
2026-04-18 01:19:54 PM,KXATPMATCH-26APR19RUBFIL-FIL,65,1590,64,832,63,539,58,139,50,2000,66,1,67,2,68,1,70,647,71,278,65.5
2026-04-18 01:19:54 PM,KXATPMATCH-26APR19RUBFIL-FIL,65,1590,64,832,63,539,58,139,50,2000,66,1,67,2,68,1,70,1147,71,278,65.5
2026-04-18 01:19:54 PM,KXATPMATCH-26APR19RUBFIL-FIL,65,1590,64,832,63,539,58,139,50,2000,66,1,67,2,68,1,70,1147,71,677,65.5
2026-04-18 01:19:54 PM,KXATPMATCH-26APR19RUBFIL-FIL,65,1590,64,832,63,539,58,139,50,2000,66,1,67,2,68,1,69,7,70,1147,65.5
2026-04-18 01:20:04 PM,KXATPMATCH-26APR19RUBFIL-FIL,65,1590,64,832,63,539,58,139,50,2000,66,1,67,2,68,1,69,12,70,1147,65.5
2026-04-18 01:20:04 PM,KXATPMATCH-26APR19RUBFIL-FIL,65,1590,64,832,63,539,58,139,50,2000,66,1,67,2,68,1,69,12,70,647,65.5
2026-04-18 01:20:04 PM,KXATPMATCH-26APR19RUBFIL-FIL,65,1590,64,832,63,539,58,139,50,2000,66,1,67,2,68,1,69,512,70,647,65.5
2026-04-18 01:20:08 PM,KXATPMATCH-26APR19RUBFIL-FIL,65,1590,64,832,63,539,58,139,50,2000,66,1,67,2,68,1,69,505,70,647,65.5
2026-04-18 01:20:08 PM,KXATPMATCH-26APR19RUBFIL-FIL,65,1590,64,832,63,539,58,139,50,2000,66,1,67,2,68,1,69,500,70,647,65.5
2026-04-18 01:20:08 PM,KXATPMATCH-26APR19RUBFIL-FIL,65,1590,64,832,63,539,58,139,50,2000,66,1,67,2,68,1,70,647,71,677,65.5
2026-04-18 01:20:08 PM,KXATPMATCH-26APR19RUBFIL-FIL,65,1590,64,832,63,539,58,139,50,2000,66,1,67,2,68,1,70,1147,71,677,65.5
2026-04-18 01:20:38 PM,KXATPMATCH-26APR19RUBFIL-FIL,65,1590,64,832,63,539,58,139,50,2000,66,1,67,2,68,1,70,1138,71,677,65.5
2026-04-18 01:20:38 PM,KXATPMATCH-26APR19RUBFIL-FIL,65,1590,64,832,63,539,58,139,50,2000,66,1,67,2,68,1,69,4,70,1138,65.5
2026-04-18 01:20:39 PM,KXATPMATCH-26APR19RUBFIL-FIL,65,1590,64,832,63,539,58,139,50,2000,66,1,67,2,68,1,70,1138,71,677,65.5
2026-04-18 01:21:17 PM,KXATPMATCH-26APR19RUBFIL-FIL,65,1590,64,832,63,539,58,139,50,2000,66,1,67,2,68,1,69,12,70,1138,65.5
2026-04-18 01:21:18 PM,KXATPMATCH-26APR19RUBFIL-FIL,65,1590,64,832,63,539,58,139,50,2000,66,1,67,2,68,1,69,12,70,638,65.5
2026-04-18 01:21:18 PM,KXATPMATCH-26APR19RUBFIL-FIL,65,1590,64,832,63,539,58,139,50,2000,66,1,67,2,68,1,69,512,70,638,65.5
2026-04-18 01:21:18 PM,KXATPMATCH-26APR19RUBFIL-FIL,65,1590,64,832,63,539,58,139,50,2000,66,1,67,2,68,1,69,500,70,638,65.5
2026-04-18 01:21:21 PM,KXATPMATCH-26APR19RUBFIL-FIL,65,1590,64,832,63,539,58,139,50,2000,66,1,67,2,68,1,70,638,71,677,65.5
2026-04-18 01:21:21 PM,KXATPMATCH-26APR19RUBFIL-FIL,65,1590,64,832,63,539,58,139,50,2000,66,1,67,2,68,1,70,1138,71,677,65.5
2026-04-18 01:21:48 PM,KXATPMATCH-26APR19RUBFIL-FIL,65,1590,64,832,63,539,58,139,50,2000,66,1,67,2,68,1,69,12,70,1138,65.5
2026-04-18 01:21:48 PM,KXATPMATCH-26APR19RUBFIL-FIL,65,1590,64,832,63,539,58,139,50,2000,66,1,67,2,68,1,69,12,70,638,65.5
2026-04-18 01:21:48 PM,KXATPMATCH-26APR19RUBFIL-FIL,65,1590,64,832,63,539,58,139,50,2000,66,1,67,2,68,1,69,512,70,638,65.5
2026-04-18 01:22:01 PM,KXATPMATCH-26APR19RUBFIL-FIL,65,1590,64,832,63,532,58,139,50,2000,66,1,67,2,68,1,69,512,70,638,65.5
2026-04-18 01:22:07 PM,KXATPMATCH-26APR19RUBFIL-FIL,65,1590,64,832,63,532,58,139,50,2000,66,1,67,2,68,1,69,500,70,638,65.5
2026-04-18 01:22:07 PM,KXATPMATCH-26APR19RUBFIL-FIL,65,1590,64,832,63,532,58,139,50,2000,66,1,67,2,68,1,69,499,70,638,65.5
2026-04-18 01:22:07 PM,KXATPMATCH-26APR19RUBFIL-FIL,65,1590,64,832,63,532,58,139,50,2000,66,1,67,2,68,1,69,1,70,638,65.5
2026-04-18 01:22:08 PM,KXATPMATCH-26APR19RUBFIL-FIL,65,1590,64,832,63,532,58,139,50,2000,66,1,67,2,68,1,69,1,70,1138,65.5
2026-04-18 01:22:08 PM,KXATPMATCH-26APR19RUBFIL-FIL,65,1590,64,832,63,532,58,139,50,2000,66,1,67,2,68,1,69,1,70,1143,65.5
2026-04-18 01:22:09 PM,KXATPMATCH-26APR19RUBFIL-FIL,65,1590,64,832,63,532,58,139,50,2000,66,1,67,2,68,1,69,1,70,1138,65.5
2026-04-18 01:22:11 PM,KXATPMATCH-26APR19RUBFIL-FIL,65,1590,64,832,63,532,58,139,50,2000,66,1,67,2,68,1,69,248,70,1138,65.5
2026-04-18 01:22:11 PM,KXATPMATCH-26APR19RUBFIL-FIL,65,1590,64,832,63,532,58,139,50,2000,66,1,67,2,68,1,69,248,70,638,65.5
2026-04-18 01:22:11 PM,KXATPMATCH-26APR19RUBFIL-FIL,65,1590,64,832,63,532,58,139,50,2000,66,1,67,2,68,1,69,748,70,638,65.5
2026-04-18 01:23:46 PM,KXATPMATCH-26APR19RUBFIL-FIL,65,1590,64,832,63,532,62,151,58,139,66,1,67,2,68,1,69,748,70,638,65.5
2026-04-18 01:23:46 PM,KXATPMATCH-26APR19RUBFIL-FIL,65,1590,64,832,63,532,62,151,58,139,66,1,67,2,68,1,69,748,70,951,65.5
2026-04-18 01:23:46 PM,KXATPMATCH-26APR19RUBFIL-FIL,65,1590,64,832,63,532,62,151,61,154,66,1,67,2,68,1,69,748,70,951,65.5
2026-04-18 01:23:49 PM,KXATPMATCH-26APR19RUBFIL-FIL,65,1590,64,832,63,532,62,151,61,154,66,1,67,2,68,1,69,754,70,951,65.5
2026-04-18 01:24:10 PM,KXATPMATCH-26APR19RUBFIL-FIL,65,1590,64,832,63,1332,62,151,61,154,66,1,67,2,68,1,69,754,70,951,65.5
2026-04-18 01:24:10 PM,KXATPMATCH-26APR19RUBFIL-FIL,65,1590,64,1426,63,1332,62,151,61,154,66,1,67,2,68,1,69,754,70,951,65.5
2026-04-18 01:24:10 PM,KXATPMATCH-26APR19RUBFIL-FIL,65,1590,64,1426,63,1332,62,151,61,154,66,1,67,2,68,801,69,754,70,951,65.5
2026-04-18 01:24:10 PM,KXATPMATCH-26APR19RUBFIL-FIL,65,1590,64,1426,63,1332,62,151,61,154,66,1,67,2,68,801,69,1554,70,951,65.5
2026-04-18 01:24:12 PM,KXATPMATCH-26APR19RUBFIL-FIL,65,1590,64,1426,63,1332,62,151,61,154,66,1,67,2,68,10401,69,1554,70,951,65.5
2026-04-18 01:24:12 PM,KXATPMATCH-26APR19RUBFIL-FIL,65,1590,64,1426,63,1332,62,151,61,154,66,1,67,2,68,10401,69,11154,70,951,65.5
2026-04-18 01:24:12 PM,KXATPMATCH-26APR19RUBFIL-FIL,65,6390,64,1426,63,1332,62,151,61,154,66,1,67,2,68,10401,69,11154,70,951,65.5
2026-04-18 01:24:12 PM,KXATPMATCH-26APR19RUBFIL-FIL,65,6390,64,6226,63,1332,62,151,61,154,66,1,67,2,68,10401,69,11154,70,951,65.5
2026-04-18 01:24:15 PM,KXATPMATCH-26APR19RUBFIL-FIL,65,6390,64,6226,63,1332,62,151,61,154,66,1,67,2,68,10366,69,11154,70,951,65.5
2026-04-18 01:24:17 PM,KXATPMATCH-26APR19RUBFIL-FIL,65,6390,64,6226,63,1332,62,151,61,154,66,1,67,2,68,10366,69,10354,70,951,65.5
2026-04-18 01:24:17 PM,KXATPMATCH-26APR19RUBFIL-FIL,65,6390,64,6261,63,1332,62,151,61,154,66,1,67,2,68,10366,69,10354,70,951,65.5
2026-04-18 01:24:17 PM,KXATPMATCH-26APR19RUBFIL-FIL,65,6390,64,6261,63,1332,62,151,61,154,66,1,67,802,68,10366,69,10354,70,951,65.5
2026-04-18 01:24:17 PM,KXATPMATCH-26APR19RUBFIL-FIL,65,6390,64,6261,63,1332,62,151,61,154,66,1,67,802,68,10401,69,10354,70,951,65.5
2026-04-18 01:24:18 PM,KXATPMATCH-26APR19RUBFIL-FIL,65,6390,64,6261,63,1332,62,151,61,154,66,1,67,802,68,10401,69,754,70,951,65.5
2026-04-18 01:24:18 PM,KXATPMATCH-26APR19RUBFIL-FIL,65,6390,64,6261,63,1332,62,151,61,154,66,1,67,10402,68,10401,69,754,70,951,65.5
2026-04-18 01:24:18 PM,KXATPMATCH-26APR19RUBFIL-FIL,65,6390,64,7176,63,1332,62,151,61,154,66,1,67,10402,68,10401,69,754,70,951,65.5
2026-04-18 01:24:18 PM,KXATPMATCH-26APR19RUBFIL-FIL,65,5473,64,7176,63,1332,62,151,61,154,66,1,67,10402,68,10401,69,754,70,951,65.5
2026-04-18 01:24:18 PM,KXATPMATCH-26APR19RUBFIL-FIL,65,5473,64,7176,63,1332,62,151,61,154,66,1,67,802,68,10401,69,754,70,951,65.5
2026-04-18 01:24:18 PM,KXATPMATCH-26APR19RUBFIL-FIL,65,5473,64,7176,63,1332,62,151,61,154,66,1,67,802,68,10401,69,10354,70,951,65.5
2026-04-18 01:24:19 PM,KXATPMATCH-26APR19RUBFIL-FIL,65,5473,64,7176,63,1332,62,151,61,154,66,1,67,802,68,10401,69,754,70,951,65.5
2026-04-18 01:24:19 PM,KXATPMATCH-26APR19RUBFIL-FIL,65,5473,64,7176,63,1332,62,151,61,154,66,1,67,10402,68,10401,69,754,70,951,65.5
2026-04-18 01:25:03 PM,KXATPMATCH-26APR19RUBFIL-FIL,65,5473,64,7176,63,1332,62,151,61,154,66,1,67,10330,68,10401,69,754,70,951,65.5
2026-04-18 01:25:03 PM,KXATPMATCH-26APR19RUBFIL-FIL,65,6388,64,7176,63,1332,62,151,61,154,66,1,67,10330,68,10401,69,754,70,951,65.5
2026-04-18 01:25:03 PM,KXATPMATCH-26APR19RUBFIL-FIL,65,6388,64,6261,63,1332,62,151,61,154,66,1,67,10330,68,10401,69,754,70,951,65.5
2026-04-18 01:25:04 PM,KXATPMATCH-26APR19RUBFIL-FIL,65,6388,64,6261,63,1332,62,151,61,154,66,1,67,10330,68,10366,69,754,70,951,65.5
2026-04-18 01:25:04 PM,KXATPMATCH-26APR19RUBFIL-FIL,65,6388,64,6261,63,1332,62,151,61,154,66,1,67,10330,68,9601,69,754,70,951,65.5
2026-04-18 01:25:04 PM,KXATPMATCH-26APR19RUBFIL-FIL,65,6388,64,6333,63,1332,62,151,61,154,66,1,67,10330,68,9601,69,754,70,951,65.5
2026-04-18 01:25:04 PM,KXATPMATCH-26APR19RUBFIL-FIL,65,6388,64,6333,63,1332,62,151,61,154,66,1,67,10402,68,9601,69,754,70,951,65.5
2026-04-18 01:25:04 PM,KXATPMATCH-26APR19RUBFIL-FIL,65,6388,64,6333,63,1332,62,151,61,154,66,83,67,10402,68,9601,69,754,70,951,65.5
2026-04-18 01:25:41 PM,KXATPMATCH-26APR19RUBFIL-FIL,65,6388,64,6333,63,1332,62,151,61,154,66,10,67,10402,68,9601,69,754,70,951,65.5
2026-04-18 01:25:42 PM,KXATPMATCH-26APR19RUBFIL-FIL,65,6388,64,6261,63,1332,62,151,61,154,66,10,67,10402,68,9601,69,754,70,951,65.5
2026-04-18 01:25:42 PM,KXATPMATCH-26APR19RUBFIL-FIL,65,6388,64,6406,63,1332,62,151,61,154,66,10,67,10402,68,9601,69,754,70,951,65.5
2026-04-18 01:26:01 PM,KXATPMATCH-26APR19RUBFIL-FIL,65,6388,64,6406,63,1332,62,151,61,154,66,10,67,10402,68,9601,69,917,70,951,65.5
2026-04-18 01:26:51 PM,KXATPMATCH-26APR19RUBFIL-FIL,65,6388,64,6406,63,1332,62,151,61,154,66,10,67,10402,68,9601,69,911,70,951,65.5
2026-04-18 01:26:51 PM,KXATPMATCH-26APR19RUBFIL-FIL,65,6388,64,6406,63,1332,62,151,61,189,66,10,67,10402,68,9601,69,911,70,951,65.5
2026-04-18 01:28:12 PM,KXATPMATCH-26APR19RUBFIL-FIL,65,6388,64,6406,63,1332,62,151,61,189,66,10,67,10402,68,9601,69,1313,70,951,65.5
2026-04-18 01:28:49 PM,KXATPMATCH-26APR19RUBFIL-FIL,65,6388,64,6406,63,1332,62,151,61,197,66,10,67,10402,68,9601,69,1313,70,951,65.5
2026-04-18 01:29:38 PM,KXATPMATCH-26APR19RUBFIL-FIL,65,6388,64,6406,63,1332,62,151,61,197,66,10,67,10402,68,9601,69,1150,70,951,65.5
2026-04-18 01:29:39 PM,KXATPMATCH-26APR19RUBFIL-FIL,65,6388,64,6406,63,1332,62,151,61,197,66,10,67,10402,68,9601,69,1150,70,1117,65.5
2026-04-18 01:29:39 PM,KXATPMATCH-26APR19RUBFIL-FIL,65,5473,64,6406,63,1332,62,151,61,197,66,10,67,10402,68,9601,69,1150,70,1117,65.5
2026-04-18 01:29:47 PM,KXATPMATCH-26APR19RUBFIL-FIL,65,6388,64,6406,63,1332,62,151,61,197,66,10,67,10402,68,9601,69,1150,70,1117,65.5
2026-04-18 01:29:47 PM,KXATPMATCH-26APR19RUBFIL-FIL,65,6388,64,6406,63,1332,62,151,61,197,66,10,67,10402,68,9601,69,1313,70,1117,65.5
2026-04-18 01:29:47 PM,KXATPMATCH-26APR19RUBFIL-FIL,65,6388,64,6406,63,1332,62,151,61,197,66,10,67,10402,68,9601,69,1313,70,951,65.5
2026-04-18 01:32:07 PM,KXATPMATCH-26APR19RUBFIL-FIL,65,6388,64,6261,63,1332,62,151,61,197,66,10,67,10402,68,9601,69,1313,70,951,65.5
2026-04-18 01:32:07 PM,KXATPMATCH-26APR19RUBFIL-FIL,65,6388,64,6261,63,532,62,151,61,197,66,10,67,10402,68,9601,69,1313,70,951,65.5
2026-04-18 01:32:07 PM,KXATPMATCH-26APR19RUBFIL-FIL,65,6388,64,6261,63,532,62,151,61,197,66,10,67,10330,68,9601,69,1313,70,951,65.5
2026-04-18 01:32:07 PM,KXATPMATCH-26APR19RUBFIL-FIL,65,6388,64,6261,63,532,62,151,61,197,66,1,67,10330,68,9601,69,1313,70,951,65.5
2026-04-18 01:32:07 PM,KXATPMATCH-26APR19RUBFIL-FIL,65,6388,64,6261,63,532,62,151,61,197,66,1,67,10109,68,9601,69,1313,70,951,65.5
2026-04-18 01:32:07 PM,KXATPMATCH-26APR19RUBFIL-FIL,65,6388,64,6432,63,532,62,151,61,197,66,1,67,10109,68,9601,69,1313,70,951,65.5
2026-04-18 01:32:07 PM,KXATPMATCH-26APR19RUBFIL-FIL,65,6664,64,6432,63,532,62,151,61,197,66,1,67,10109,68,9601,69,1313,70,951,65.5
2026-04-18 01:32:07 PM,KXATPMATCH-26APR19RUBFIL-FIL,65,6664,64,6432,63,532,62,151,61,197,66,1,67,10109,68,10401,69,1313,70,951,65.5
2026-04-18 01:32:07 PM,KXATPMATCH-26APR19RUBFIL-FIL,65,6664,64,6432,63,532,62,151,61,162,66,1,67,10109,68,10401,69,1313,70,951,65.5
2026-04-18 01:32:37 PM,KXATPMATCH-26APR19RUBFIL-FIL,65,6664,64,6432,63,532,62,151,61,162,66,1,67,10109,68,10401,69,1313,70,1093,65.5
2026-04-18 01:32:37 PM,KXATPMATCH-26APR19RUBFIL-FIL,65,6664,64,6432,63,532,62,151,61,162,66,1,67,10109,68,10401,69,1150,70,1093,65.5
2026-04-18 01:32:37 PM,KXATPMATCH-26APR19RUBFIL-FIL,66,915,65,6664,64,6432,63,532,62,151,66,1,67,10109,68,10401,69,1150,70,1093,66.0
2026-04-18 01:32:37 PM,KXATPMATCH-26APR19RUBFIL-FIL,66,915,65,6664,64,6432,63,532,62,151,66,1,67,10109,68,10401,69,1150,70,951,66.0
2026-04-18 01:32:37 PM,KXATPMATCH-26APR19RUBFIL-FIL,66,915,65,5749,64,6432,63,532,62,151,66,1,67,10109,68,10401,69,1150,70,951,66.0
2026-04-18 01:32:37 PM,KXATPMATCH-26APR19RUBFIL-FIL,66,915,65,5749,64,6432,63,532,62,151,66,1,67,509,68,10401,69,1150,70,951,66.0
2026-04-18 01:32:37 PM,KXATPMATCH-26APR19RUBFIL-FIL,66,915,65,5749,64,6432,63,532,62,151,66,1,67,509,68,10401,69,10750,70,951,66.0
2026-04-18 01:32:38 PM,KXATPMATCH-26APR19RUBFIL-FIL,66,1274,65,5749,64,6432,63,532,62,151,66,1,67,509,68,10401,69,10750,70,951,66.0
2026-04-18 01:32:38 PM,KXATPMATCH-26APR19RUBFIL-FIL,66,1497,65,5749,64,6432,63,532,62,151,66,1,67,509,68,10401,69,10750,70,951,66.0
2026-04-18 01:32:38 PM,KXATPMATCH-26APR19RUBFIL-FIL,66,1497,65,5749,64,6432,63,532,62,151,66,1,67,509,68,10401,69,10348,70,951,66.0
2026-04-18 01:32:38 PM,KXATPMATCH-26APR19RUBFIL-FIL,66,1497,65,5749,64,6432,63,532,62,151,66,1,67,509,68,10401,69,10101,70,951,66.0
2026-04-18 01:32:40 PM,KXATPMATCH-26APR19RUBFIL-FIL,66,1497,65,5749,64,6432,63,532,62,151,66,1,67,509,68,10401,69,10101,70,576,66.0
2026-04-18 01:32:40 PM,KXATPMATCH-26APR19RUBFIL-FIL,66,1497,65,5749,64,6432,63,532,62,151,66,1,67,509,68,10401,69,10101,70,314,66.0
2026-04-18 01:32:40 PM,KXATPMATCH-26APR19RUBFIL-FIL,66,1497,65,5749,64,6100,63,532,62,151,66,1,67,509,68,10401,69,10101,70,314,66.0
2026-04-18 01:32:40 PM,KXATPMATCH-26APR19RUBFIL-FIL,66,1497,65,5749,64,6100,63,316,62,151,66,1,67,509,68,10401,69,10101,70,314,66.0
2026-04-18 01:32:40 PM,KXATPMATCH-26APR19RUBFIL-FIL,66,1497,65,5749,64,6100,62,151,61,162,66,1,67,509,68,10401,69,10101,70,314,66.0
2026-04-18 01:32:40 PM,KXATPMATCH-26APR19RUBFIL-FIL,66,1497,65,5749,64,5607,62,151,61,162,66,1,67,509,68,10401,69,10101,70,314,66.0
2026-04-18 01:32:40 PM,KXATPMATCH-26APR19RUBFIL-FIL,66,1497,65,5749,64,5607,62,151,61,162,66,1,67,223,68,10401,69,10101,70,314,66.0
2026-04-18 01:32:40 PM,KXATPMATCH-26APR19RUBFIL-FIL,66,1497,65,6035,64,5607,62,151,61,162,66,1,67,223,68,10401,69,10101,70,314,66.0
2026-04-18 01:32:43 PM,KXATPMATCH-26APR19RUBFIL-FIL,66,1497,65,6035,64,5436,62,151,61,162,66,1,67,223,68,10401,69,10101,70,314,66.0
2026-04-18 01:32:43 PM,KXATPMATCH-26APR19RUBFIL-FIL,66,1497,65,6035,64,5401,62,151,61,162,66,1,67,223,68,10401,69,10101,70,314,66.0
2026-04-18 01:32:43 PM,KXATPMATCH-26APR19RUBFIL-FIL,66,1497,65,6035,64,4807,62,151,61,162,66,1,67,223,68,10401,69,10101,70,314,66.0
2026-04-18 01:32:43 PM,KXATPMATCH-26APR19RUBFIL-FIL,66,1497,65,6035,64,4807,62,151,61,162,66,1,67,2,68,10401,69,10101,70,314,66.0
2026-04-18 01:32:43 PM,KXATPMATCH-26APR19RUBFIL-FIL,66,1497,65,6035,64,4807,62,151,61,162,66,1,67,2,68,10354,69,10101,70,314,66.0
2026-04-18 01:32:43 PM,KXATPMATCH-26APR19RUBFIL-FIL,66,1527,65,6035,64,4807,62,151,61,162,66,1,67,2,68,10354,69,10101,70,314,66.0
2026-04-18 01:32:43 PM,KXATPMATCH-26APR19RUBFIL-FIL,66,1527,65,6273,64,4807,62,151,61,162,66,1,67,2,68,10354,69,10101,70,314,66.0
2026-04-18 01:32:43 PM,KXATPMATCH-26APR19RUBFIL-FIL,66,1527,65,6273,64,4807,62,151,61,162,66,1,67,2,68,10354,69,10101,70,1114,66.0
2026-04-18 01:32:43 PM,KXATPMATCH-26APR19RUBFIL-FIL,66,1527,65,6273,64,7,62,151,61,162,66,1,67,2,68,10354,69,10101,70,1114,66.0
2026-04-18 01:32:43 PM,KXATPMATCH-26APR19RUBFIL-FIL,66,6327,65,6273,64,7,62,151,61,162,66,1,67,2,68,10354,69,10101,70,1114,66.0
2026-04-18 01:32:47 PM,KXATPMATCH-26APR19RUBFIL-FIL,66,6327,65,6273,64,7,62,151,61,162,66,1,67,2,68,9634,69,10101,70,1114,66.0
2026-04-18 01:32:47 PM,KXATPMATCH-26APR19RUBFIL-FIL,66,7047,65,6273,64,7,62,151,61,162,66,1,67,2,68,9634,69,10101,70,1114,66.0
2026-04-18 01:32:56 PM,KXATPMATCH-26APR19RUBFIL-FIL,66,7047,65,6273,64,7,62,151,61,162,66,1,67,2,68,9634,69,10101,70,2045,66.0
2026-04-18 01:32:56 PM,KXATPMATCH-26APR19RUBFIL-FIL,66,7047,65,6273,64,487,62,151,61,162,66,1,67,2,68,9634,69,10101,70,2045,66.0
2026-04-18 01:32:56 PM,KXATPMATCH-26APR19RUBFIL-FIL,66,7047,65,6273,64,487,62,151,61,162,66,1,67,2,68,9634,69,10101,70,2441,66.0
2026-04-18 01:32:57 PM,KXATPMATCH-26APR19RUBFIL-FIL,66,6864,65,6273,64,487,62,151,61,162,66,1,67,2,68,9634,69,10101,70,2441,66.0
2026-04-18 01:32:57 PM,KXATPMATCH-26APR19RUBFIL-FIL,66,6864,65,6273,64,487,62,151,61,162,66,1,67,2,68,9817,69,10101,70,2441,66.0
2026-04-18 01:32:59 PM,KXATPMATCH-26APR19RUBFIL-FIL,66,6864,65,6273,64,7,62,151,61,162,66,1,67,2,68,9817,69,10101,70,2441,66.0
2026-04-18 01:32:59 PM,KXATPMATCH-26APR19RUBFIL-FIL,66,6864,65,6273,64,7,62,151,61,162,66,1,67,2,68,9817,69,10101,70,2045,66.0
2026-04-18 01:33:00 PM,KXATPMATCH-26APR19RUBFIL-FIL,66,6864,65,6273,64,7,62,151,61,162,66,1,67,2,68,9634,69,10101,70,2045,66.0
2026-04-18 01:33:00 PM,KXATPMATCH-26APR19RUBFIL-FIL,66,7047,65,6273,64,7,62,151,61,162,66,1,67,2,68,9634,69,10101,70,2045,66.0
2026-04-18 01:33:00 PM,KXATPMATCH-26APR19RUBFIL-FIL,66,7047,65,6273,64,7,62,151,61,162,66,1,67,2,68,9634,69,10101,70,1114,66.0
2026-04-18 01:33:01 PM,KXATPMATCH-26APR19RUBFIL-FIL,66,7238,65,6273,64,7,62,151,61,162,66,1,67,2,68,9634,69,10101,70,1114,66.0
2026-04-18 01:33:01 PM,KXATPMATCH-26APR19RUBFIL-FIL,66,7238,65,6367,64,7,62,151,61,162,66,1,67,2,68,9634,69,10101,70,1114,66.0
2026-04-18 01:33:01 PM,KXATPMATCH-26APR19RUBFIL-FIL,66,7238,65,6367,64,96,62,151,61,162,66,1,67,2,68,9634,69,10101,70,1114,66.0
2026-04-18 01:33:01 PM,KXATPMATCH-26APR19RUBFIL-FIL,66,7238,65,6367,64,96,62,151,61,162,66,1,67,2,68,9634,69,10751,70,1114,66.0
2026-04-18 01:33:01 PM,KXATPMATCH-26APR19RUBFIL-FIL,66,7238,65,6367,64,96,62,151,61,162,66,1,67,2,68,9634,69,10751,70,1712,66.0
2026-04-18 01:33:04 PM,KXATPMATCH-26APR19RUBFIL-FIL,66,7238,65,6367,64,96,62,151,61,162,66,1,67,2,68,9634,69,10751,70,2095,66.0
2026-04-18 01:33:04 PM,KXATPMATCH-26APR19RUBFIL-FIL,66,7238,65,6367,64,96,62,151,61,162,66,1,67,2,68,9634,69,10751,70,3027,66.0
2026-04-18 01:33:06 PM,KXATPMATCH-26APR19RUBFIL-FIL,66,7090,65,6367,64,96,62,151,61,162,66,1,67,2,68,9634,69,10751,70,3027,66.0
2026-04-18 01:33:06 PM,KXATPMATCH-26APR19RUBFIL-FIL,66,7090,65,6367,64,96,62,151,61,162,66,1,67,2,68,9782,69,10751,70,3027,66.0
2026-04-18 01:33:07 PM,KXATPMATCH-26APR19RUBFIL-FIL,66,7090,65,6367,64,96,62,151,61,162,66,1,67,2,68,9782,69,10751,70,2644,66.0
2026-04-18 01:33:09 PM,KXATPMATCH-26APR19RUBFIL-FIL,66,7055,65,6367,64,96,62,151,61,162,66,1,67,2,68,9782,69,10751,70,2644,66.0
2026-04-18 01:33:09 PM,KXATPMATCH-26APR19RUBFIL-FIL,66,7055,65,6367,64,96,62,151,61,162,66,1,67,2,68,9634,69,10751,70,2644,66.0
2026-04-18 01:33:09 PM,KXATPMATCH-26APR19RUBFIL-FIL,66,7055,65,6367,64,96,62,151,61,162,66,1,67,2,68,9601,69,10751,70,2644,66.0
2026-04-18 01:33:09 PM,KXATPMATCH-26APR19RUBFIL-FIL,66,7272,65,6367,64,96,62,151,61,162,66,1,67,2,68,9601,69,10751,70,2644,66.0
2026-04-18 01:33:09 PM,KXATPMATCH-26APR19RUBFIL-FIL,66,7272,65,6367,64,96,62,151,61,162,66,1,67,2,68,9601,69,11550,70,2644,66.0
2026-04-18 01:33:09 PM,KXATPMATCH-26APR19RUBFIL-FIL,66,7272,65,6367,64,96,62,151,61,162,66,1,67,2,68,9601,69,11550,70,1712,66.0
2026-04-18 01:33:11 PM,KXATPMATCH-26APR19RUBFIL-FIL,66,7215,65,6367,64,96,62,151,61,162,66,1,67,2,68,9601,69,11550,70,1712,66.0
2026-04-18 01:33:11 PM,KXATPMATCH-26APR19RUBFIL-FIL,66,7215,65,6367,64,96,62,151,61,162,66,1,67,2,68,9601,69,11892,70,1712,66.0
2026-04-18 01:33:15 PM,KXATPMATCH-26APR19RUBFIL-FIL,66,7215,65,6367,64,96,62,151,61,162,66,1,67,2,68,9601,69,11550,70,1712,66.0
2026-04-18 01:33:15 PM,KXATPMATCH-26APR19RUBFIL-FIL,66,7272,65,6367,64,96,62,151,61,162,66,1,67,2,68,9601,69,11550,70,1712,66.0
2026-04-18 01:33:18 PM,KXATPMATCH-26APR19RUBFIL-FIL,66,7272,65,6367,64,96,62,151,61,162,66,1,67,2,68,9601,69,10751,70,1712,66.0
2026-04-18 01:33:18 PM,KXATPMATCH-26APR19RUBFIL-FIL,66,7138,65,6367,64,96,62,151,61,162,66,1,67,2,68,9601,69,10751,70,1712,66.0
2026-04-18 01:33:18 PM,KXATPMATCH-26APR19RUBFIL-FIL,66,7138,65,6367,64,96,62,151,61,162,66,1,67,2,68,9734,69,10751,70,1712,66.0
2026-04-18 01:33:22 PM,KXATPMATCH-26APR19RUBFIL-FIL,66,7092,65,6367,64,96,62,151,61,162,66,1,67,2,68,9734,69,10751,70,1712,66.0
2026-04-18 01:33:22 PM,KXATPMATCH-26APR19RUBFIL-FIL,66,7092,65,6367,64,96,62,151,61,162,66,1,67,2,68,9734,69,11030,70,1712,66.0
2026-04-18 01:33:27 PM,KXATPMATCH-26APR19RUBFIL-FIL,66,7055,65,6367,64,96,62,151,61,162,66,1,67,2,68,9734,69,11030,70,1712,66.0
2026-04-18 01:33:27 PM,KXATPMATCH-26APR19RUBFIL-FIL,66,7055,65,6367,64,7,62,151,61,162,66,1,67,2,68,9734,69,11030,70,1712,66.0
2026-04-18 01:33:27 PM,KXATPMATCH-26APR19RUBFIL-FIL,66,7055,65,6367,64,7,62,151,61,162,66,1,67,2,68,9734,69,10380,70,1712,66.0
2026-04-18 01:33:27 PM,KXATPMATCH-26APR19RUBFIL-FIL,66,7055,65,6367,64,7,62,151,61,162,66,1,67,2,68,9734,69,10101,70,1712,66.0
2026-04-18 01:33:27 PM,KXATPMATCH-26APR19RUBFIL-FIL,67,103,66,7055,65,6367,64,7,62,151,66,1,67,2,68,9734,69,10101,70,1712,66.5
2026-04-18 01:33:27 PM,KXATPMATCH-26APR19RUBFIL-FIL,67,103,66,7055,65,6367,64,7,62,151,66,1,67,2,68,9734,69,10101,70,2320,66.5
2026-04-18 01:33:30 PM,KXATPMATCH-26APR19RUBFIL-FIL,67,657,66,7055,65,6367,64,7,62,151,66,1,67,2,68,9734,69,10101,70,2320,66.5
2026-04-18 01:33:30 PM,KXATPMATCH-26APR19RUBFIL-FIL,67,1022,66,7055,65,6367,64,7,62,151,66,1,67,2,68,9734,69,10101,70,2320,66.5
2026-04-18 01:33:32 PM,KXATPMATCH-26APR19RUBFIL-FIL,67,1022,66,7055,65,6267,64,7,62,151,66,1,67,2,68,9734,69,10101,70,2320,66.5
2026-04-18 01:33:32 PM,KXATPMATCH-26APR19RUBFIL-FIL,67,1122,66,7055,65,6267,64,7,62,151,66,1,67,2,68,9734,69,10101,70,2320,66.5
2026-04-18 01:33:32 PM,KXATPMATCH-26APR19RUBFIL-FIL,67,1122,66,7055,65,6267,64,7,62,151,66,1,67,2,68,9734,69,10101,70,3253,66.5
2026-04-18 01:33:32 PM,KXATPMATCH-26APR19RUBFIL-FIL,67,2055,66,7055,65,6267,64,7,62,151,66,1,67,2,68,9734,69,10101,70,3253,66.5
2026-04-18 01:33:32 PM,KXATPMATCH-26APR19RUBFIL-FIL,67,2055,66,7055,65,6267,64,7,62,151,66,1,67,2,68,9734,69,10101,70,2320,66.5
2026-04-18 01:33:32 PM,KXATPMATCH-26APR19RUBFIL-FIL,67,2055,66,7055,65,6267,64,7,62,151,66,1,67,2,68,134,69,10101,70,2320,66.5
2026-04-18 01:33:32 PM,KXATPMATCH-26APR19RUBFIL-FIL,67,1122,66,7055,65,6267,64,7,62,151,66,1,67,2,68,134,69,10101,70,2320,66.5
2026-04-18 01:33:32 PM,KXATPMATCH-26APR19RUBFIL-FIL,67,1122,66,7055,65,6267,64,7,62,151,66,1,67,2,68,134,69,10101,70,11920,66.5
2026-04-18 01:33:41 PM,KXATPMATCH-26APR19RUBFIL-FIL,67,1122,66,7055,65,6267,64,7,62,151,66,1,67,2,68,134,69,10101,70,11918,66.5
2026-04-18 01:33:41 PM,KXATPMATCH-26APR19RUBFIL-FIL,67,1122,66,7055,65,6267,64,7,62,151,66,1,67,2,68,134,69,10101,70,11906,66.5
2026-04-18 01:33:41 PM,KXATPMATCH-26APR19RUBFIL-FIL,67,1019,66,7055,65,6267,64,7,62,151,66,1,67,2,68,134,69,10101,70,11906,66.5
2026-04-18 01:33:41 PM,KXATPMATCH-26APR19RUBFIL-FIL,67,1019,66,7117,65,6267,64,7,62,151,66,1,67,2,68,134,69,10101,70,11906,66.5
2026-04-18 01:33:41 PM,KXATPMATCH-26APR19RUBFIL-FIL,67,1019,66,7117,65,6267,64,98,62,151,66,1,67,2,68,134,69,10101,70,11906,66.5
2026-04-18 01:33:41 PM,KXATPMATCH-26APR19RUBFIL-FIL,67,1019,66,7117,65,6267,64,98,62,151,66,1,67,2,68,134,69,10876,70,11906,66.5
2026-04-18 01:33:42 PM,KXATPMATCH-26APR19RUBFIL-FIL,67,1019,66,7117,65,6267,64,98,62,151,66,1,67,2,68,134,69,10876,70,11905,66.5
2026-04-18 01:33:42 PM,KXATPMATCH-26APR19RUBFIL-FIL,67,1019,66,7117,65,6267,64,98,62,151,66,1,67,2,68,134,69,10876,70,11904,66.5
2026-04-18 01:33:42 PM,KXATPMATCH-26APR19RUBFIL-FIL,67,1019,66,7117,65,6267,64,98,62,151,66,1,67,2,68,134,69,10938,70,11904,66.5
2026-04-18 01:34:12 PM,KXATPMATCH-26APR19RUBFIL-FIL,67,1019,66,7117,65,6267,64,98,62,151,66,1,67,2,68,134,69,10938,70,11309,66.5
2026-04-18 01:34:56 PM,KXATPMATCH-26APR19RUBFIL-FIL,67,1019,66,7117,65,6267,64,91,62,151,66,1,67,2,68,134,69,10938,70,11309,66.5
2026-04-18 01:34:59 PM,KXATPMATCH-26APR19RUBFIL-FIL,67,1019,66,7117,65,6267,64,91,62,651,66,1,67,2,68,134,69,10938,70,11309,66.5
2026-04-18 01:35:25 PM,KXATPMATCH-26APR19RUBFIL-FIL,67,1019,66,7117,65,6267,64,91,63,7,66,1,67,2,68,134,69,10938,70,11309,66.5
2026-04-18 01:35:36 PM,KXATPMATCH-26APR19RUBFIL-FIL,67,1019,66,6202,65,6267,64,91,63,7,66,1,67,2,68,134,69,10938,70,11309,66.5
2026-04-18 01:35:49 PM,KXATPMATCH-26APR19RUBFIL-FIL,67,1019,66,7135,65,6267,64,91,63,7,66,1,67,2,68,134,69,10938,70,11309,66.5
2026-04-18 01:36:48 PM,KXATPMATCH-26APR19RUBFIL-FIL,67,1019,66,7135,65,6267,64,91,63,7,66,1,67,2,68,134,69,10938,70,12245,66.5
2026-04-18 01:36:53 PM,KXATPMATCH-26APR19RUBFIL-FIL,67,1019,66,7135,65,6267,64,91,63,7,66,1,67,2,68,134,69,10938,70,12645,66.5
2026-04-18 01:36:53 PM,KXATPMATCH-26APR19RUBFIL-FIL,67,1019,66,7135,65,6267,64,600,63,7,66,1,67,2,68,134,69,10938,70,12645,66.5
2026-04-18 01:36:54 PM,KXATPMATCH-26APR19RUBFIL-FIL,67,1019,66,7135,65,6267,64,600,63,7,66,1,67,2,68,134,69,10938,70,11709,66.5
2026-04-18 01:37:47 PM,KXATPMATCH-26APR19RUBFIL-FIL,67,1019,66,7135,65,6267,64,600,63,7,66,1,67,2,68,1,69,10938,70,11709,66.5
2026-04-18 01:37:49 PM,KXATPMATCH-26APR19RUBFIL-FIL,67,1019,66,7052,65,6267,64,600,63,7,66,1,67,2,68,1,69,10938,70,11709,66.5
2026-04-18 01:37:49 PM,KXATPMATCH-26APR19RUBFIL-FIL,67,1019,66,7268,65,6267,64,600,63,7,66,1,67,2,68,1,69,10938,70,11709,66.5
2026-04-18 01:38:16 PM,KXATPMATCH-26APR19RUBFIL-FIL,67,1019,66,7268,65,6267,64,600,63,7,66,1,67,2,68,1,69,11142,70,11709,66.5
2026-04-18 01:38:19 PM,KXATPMATCH-26APR19RUBFIL-FIL,67,1019,66,7052,65,6267,64,600,63,7,66,1,67,2,68,1,69,11142,70,11709,66.5
2026-04-18 01:38:19 PM,KXATPMATCH-26APR19RUBFIL-FIL,67,1019,66,7052,65,5991,64,600,63,7,66,1,67,2,68,1,69,11142,70,11709,66.5
2026-04-18 01:38:19 PM,KXATPMATCH-26APR19RUBFIL-FIL,67,1019,66,7052,65,5705,64,600,63,7,66,1,67,2,68,1,69,11142,70,11709,66.5
2026-04-18 01:38:19 PM,KXATPMATCH-26APR19RUBFIL-FIL,67,1019,66,7052,65,5467,64,600,63,7,66,1,67,2,68,1,69,11142,70,11709,66.5
2026-04-18 01:38:19 PM,KXATPMATCH-26APR19RUBFIL-FIL,67,1069,66,7052,65,5467,64,600,63,7,66,1,67,2,68,1,69,11142,70,11709,66.5
2026-04-18 01:38:19 PM,KXATPMATCH-26APR19RUBFIL-FIL,67,1069,66,7285,65,5467,64,600,63,7,66,1,67,2,68,1,69,11142,70,11709,66.5
2026-04-18 01:38:19 PM,KXATPMATCH-26APR19RUBFIL-FIL,67,1069,66,7285,65,5467,64,600,63,7,66,1,67,2,68,1,69,11875,70,11709,66.5
2026-04-18 01:39:06 PM,KXATPMATCH-26APR19RUBFIL-FIL,67,1069,66,7285,65,5467,64,600,63,7,66,1,67,2,68,1,69,11812,70,11709,66.5
2026-04-18 01:39:36 PM,KXATPMATCH-26APR19RUBFIL-FIL,67,1069,66,7285,65,5467,64,600,63,7,66,1,67,2,68,1,69,11750,70,11709,66.5
2026-04-18 01:39:51 PM,KXATPMATCH-26APR19RUBFIL-FIL,67,1069,66,7285,65,5467,64,600,63,7,66,1,67,2,68,1,69,11750,70,12645,66.5
2026-04-18 01:40:01 PM,KXATPMATCH-26APR19RUBFIL-FIL,67,1069,66,7285,65,5467,64,600,63,7,66,1,67,2,68,1,69,11750,70,11709,66.5
2026-04-18 01:40:14 PM,KXATPMATCH-26APR19RUBFIL-FIL,67,1069,66,7285,65,5467,64,600,63,7,66,1,67,2,68,1,69,11546,70,11709,66.5
2026-04-18 01:40:22 PM,KXATPMATCH-26APR19RUBFIL-FIL,67,1069,66,7285,65,5467,64,600,63,7,66,1,67,2,68,1,69,11546,70,12645,66.5
2026-04-18 01:40:44 PM,KXATPMATCH-26APR19RUBFIL-FIL,67,1069,66,7285,65,5467,64,600,63,7,66,1,67,2,68,1,69,11518,70,12645,66.5
2026-04-18 01:41:07 PM,KXATPMATCH-26APR19RUBFIL-FIL,67,1069,66,7285,65,5467,64,600,63,7,66,1,67,2,68,1,69,11234,70,12645,66.5
2026-04-18 01:41:07 PM,KXATPMATCH-26APR19RUBFIL-FIL,67,1353,66,7285,65,5467,64,600,63,7,66,1,67,2,68,1,69,11234,70,12645,66.5
2026-04-18 01:41:25 PM,KXATPMATCH-26APR19RUBFIL-FIL,67,1353,66,7285,65,5467,64,600,63,7,66,1,67,2,68,1,69,11234,70,11709,66.5
2026-04-18 01:41:25 PM,KXATPMATCH-26APR19RUBFIL-FIL,67,2289,66,7285,65,5467,64,600,63,7,66,1,67,2,68,1,69,11234,70,11709,66.5
2026-04-18 01:41:25 PM,KXATPMATCH-26APR19RUBFIL-FIL,67,2289,66,6352,65,5467,64,600,63,7,66,1,67,2,68,1,69,11234,70,11709,66.5
2026-04-18 01:41:26 PM,KXATPMATCH-26APR19RUBFIL-FIL,67,1353,66,6352,65,5467,64,600,63,7,66,1,67,2,68,1,69,11234,70,11709,66.5
2026-04-18 01:41:34 PM,KXATPMATCH-26APR19RUBFIL-FIL,67,1353,66,6352,65,6403,64,600,63,7,66,1,67,2,68,1,69,11234,70,11709,66.5
2026-04-18 01:41:34 PM,KXATPMATCH-26APR19RUBFIL-FIL,67,1353,66,6352,65,6403,64,600,63,7,66,1,67,2,68,1,69,12170,70,11709,66.5
2026-04-18 01:41:34 PM,KXATPMATCH-26APR19RUBFIL-FIL,67,1353,66,6352,65,6403,64,600,63,7,66,1,67,2,68,1,69,11234,70,11709,66.5
2026-04-18 01:41:43 PM,KXATPMATCH-26APR19RUBFIL-FIL,67,1353,66,7288,65,6403,64,600,63,7,66,1,67,2,68,1,69,11234,70,11709,66.5
2026-04-18 01:41:44 PM,KXATPMATCH-26APR19RUBFIL-FIL,67,1353,66,7288,65,5467,64,600,63,7,66,1,67,2,68,1,69,11234,70,11709,66.5
2026-04-18 01:41:49 PM,KXATPMATCH-26APR19RUBFIL-FIL,67,1353,66,7288,65,5467,64,600,62,651,66,1,67,2,68,1,69,11234,70,11709,66.5
2026-04-18 01:41:53 PM,KXATPMATCH-26APR19RUBFIL-FIL,67,1353,66,7288,65,5467,64,600,62,651,66,1,67,2,68,1,69,11269,70,11709,66.5
2026-04-18 01:43:18 PM,KXATPMATCH-26APR19RUBFIL-FIL,67,1353,66,7288,65,5467,64,600,62,651,66,1,67,2,68,1,69,11265,70,11709,66.5
2026-04-18 01:44:21 PM,KXATPMATCH-26APR19RUBFIL-FIL,67,1353,66,7288,65,5467,64,600,62,651,66,1,67,2,68,1,69,11265,70,12645,66.5
2026-04-18 01:44:21 PM,KXATPMATCH-26APR19RUBFIL-FIL,67,1353,66,7288,65,5467,64,600,62,651,66,1,67,2,68,1,69,11230,70,12645,66.5
2026-04-18 01:45:01 PM,KXATPMATCH-26APR19RUBFIL-FIL,67,1353,66,7288,65,5467,64,600,62,802,66,1,67,2,68,1,69,11230,70,12645,66.5
2026-04-18 01:45:01 PM,KXATPMATCH-26APR19RUBFIL-FIL,67,1353,66,7288,65,5467,64,600,62,802,66,1,67,2,68,1,69,11230,70,12332,66.5
2026-04-18 01:45:09 PM,KXATPMATCH-26APR19RUBFIL-FIL,67,1353,66,7288,65,5467,64,600,62,802,66,1,67,2,68,1,69,11219,70,12332,66.5
2026-04-18 01:45:14 PM,KXATPMATCH-26APR19RUBFIL-FIL,67,1353,66,7288,65,5467,64,600,62,802,66,1,67,2,68,1,69,11219,70,11396,66.5
2026-04-18 01:46:40 PM,KXATPMATCH-26APR19RUBFIL-FIL,67,1353,66,7288,65,5467,64,600,62,802,66,1,67,2,68,1,69,11218,70,11396,66.5
2026-04-18 01:46:49 PM,KXATPMATCH-26APR19RUBFIL-FIL,67,1353,66,7288,65,5467,64,600,62,802,66,1,67,2,68,1,69,11218,70,12332,66.5
2026-04-18 01:48:18 PM,KXATPMATCH-26APR19RUBFIL-FIL,67,1353,66,7288,65,5467,64,600,62,802,66,1,67,2,68,1,69,11068,70,12332,66.5
2026-04-18 01:51:09 PM,KXATPMATCH-26APR19RUBFIL-FIL,67,1353,66,7288,65,5467,64,600,62,802,66,1,67,2,68,1,69,11068,70,11396,66.5
2026-04-18 01:51:12 PM,KXATPMATCH-26APR19RUBFIL-FIL,67,1358,66,7288,65,5467,64,600,62,802,66,1,67,2,68,1,69,11068,70,11396,66.5
2026-04-18 01:51:17 PM,KXATPMATCH-26APR19RUBFIL-FIL,67,1358,66,7288,65,5467,64,600,62,802,66,1,67,2,68,1,69,11068,70,12332,66.5
2026-04-18 01:52:04 PM,KXATPMATCH-26APR19RUBFIL-FIL,68,20,67,1358,66,7288,65,5467,64,600,66,1,67,2,68,1,69,11068,70,12332,67.0
2026-04-18 01:57:20 PM,KXATPMATCH-26APR19RUBFIL-FIL,68,20,67,1353,66,7288,65,5467,64,600,66,1,67,2,68,1,69,11068,70,12332,67.0
2026-04-18 01:57:49 PM,KXATPMATCH-26APR19RUBFIL-FIL,68,20,67,1353,66,7288,65,5467,64,600,66,1,67,2,68,1,69,11054,70,12332,67.0
2026-04-18 01:58:12 PM,KXATPMATCH-26APR19RUBFIL-FIL,68,25,67,1353,66,7288,65,5467,64,600,66,1,67,2,68,1,69,11054,70,12332,67.0
2026-04-18 02:08:27 PM,KXATPMATCH-26APR19RUBFIL-FIL,68,25,67,1353,66,7288,65,5467,64,600,66,1,67,2,68,1,69,11054,70,11396,67.0
2026-04-18 02:08:27 PM,KXATPMATCH-26APR19RUBFIL-FIL,68,25,67,2289,66,7288,65,5467,64,600,66,1,67,2,68,1,69,11054,70,11396,67.0
2026-04-18 02:08:27 PM,KXATPMATCH-26APR19RUBFIL-FIL,68,25,67,2289,66,6352,65,5467,64,600,66,1,67,2,68,1,69,11054,70,11396,67.0
2026-04-18 02:08:30 PM,KXATPMATCH-26APR19RUBFIL-FIL,68,25,67,1353,66,6352,65,5467,64,600,66,1,67,2,68,1,69,11054,70,11396,67.0
2026-04-18 02:08:30 PM,KXATPMATCH-26APR19RUBFIL-FIL,68,25,67,1364,66,6352,65,5467,64,600,66,1,67,2,68,1,69,11054,70,11396,67.0
2026-04-18 02:08:30 PM,KXATPMATCH-26APR19RUBFIL-FIL,68,25,67,1364,66,6360,65,5467,64,600,66,1,67,2,68,1,69,11054,70,11396,67.0
2026-04-18 02:08:30 PM,KXATPMATCH-26APR19RUBFIL-FIL,68,25,67,1364,66,6360,65,5467,64,600,66,1,67,2,68,1,69,11054,70,11407,67.0
2026-04-18 02:08:36 PM,KXATPMATCH-26APR19RUBFIL-FIL,68,25,67,1364,66,7296,65,5467,64,600,66,1,67,2,68,1,69,11054,70,11407,67.0
2026-04-18 02:08:36 PM,KXATPMATCH-26APR19RUBFIL-FIL,68,25,67,1364,66,7296,65,5467,64,600,66,1,67,2,68,1,69,11054,70,12343,67.0
2026-04-18 02:08:44 PM,KXATPMATCH-26APR19RUBFIL-FIL,68,25,67,1364,66,7296,65,5467,64,600,66,1,67,2,68,1,69,11054,70,11407,67.0
2026-04-18 02:08:44 PM,KXATPMATCH-26APR19RUBFIL-FIL,68,25,67,810,66,7296,65,5467,64,600,66,1,67,2,68,1,69,11054,70,11407,67.0
2026-04-18 02:08:44 PM,KXATPMATCH-26APR19RUBFIL-FIL,68,25,67,1746,66,7296,65,5467,64,600,66,1,67,2,68,1,69,11054,70,11407,67.0
2026-04-18 02:08:44 PM,KXATPMATCH-26APR19RUBFIL-FIL,68,25,67,810,66,7296,65,5467,64,600,66,1,67,2,68,1,69,11054,70,11407,67.0
2026-04-18 02:08:54 PM,KXATPMATCH-26APR19RUBFIL-FIL,68,25,67,1746,66,7296,65,5467,64,600,66,1,67,2,68,1,69,11054,70,11407,67.0
2026-04-18 02:08:54 PM,KXATPMATCH-26APR19RUBFIL-FIL,68,25,67,1746,66,6360,65,5467,64,600,66,1,67,2,68,1,69,11054,70,11407,67.0
2026-04-18 02:08:57 PM,KXATPMATCH-26APR19RUBFIL-FIL,68,25,67,2688,66,6360,65,5467,64,600,66,1,67,2,68,1,69,11054,70,11407,67.0
2026-04-18 02:08:57 PM,KXATPMATCH-26APR19RUBFIL-FIL,68,485,67,2688,66,6360,65,5467,64,600,66,1,67,2,68,1,69,11054,70,11407,67.0
2026-04-18 02:08:57 PM,KXATPMATCH-26APR19RUBFIL-FIL,68,485,67,2688,66,6360,65,5250,64,600,66,1,67,2,68,1,69,11054,70,11407,67.0
2026-04-18 02:08:57 PM,KXATPMATCH-26APR19RUBFIL-FIL,68,485,67,2688,66,6360,65,5250,64,91,66,1,67,2,68,1,69,11054,70,11407,67.0
2026-04-18 02:08:57 PM,KXATPMATCH-26APR19RUBFIL-FIL,68,485,67,2688,66,6360,65,4894,64,91,66,1,67,2,68,1,69,11054,70,11407,67.0
2026-04-18 02:08:57 PM,KXATPMATCH-26APR19RUBFIL-FIL,68,485,67,2688,66,6360,65,4894,64,91,66,1,67,2,68,1,69,11054,70,11007,67.0
2026-04-18 02:08:57 PM,KXATPMATCH-26APR19RUBFIL-FIL,68,1166,67,2688,66,6360,65,4894,64,91,66,1,67,2,68,1,69,11054,70,11007,67.0
2026-04-18 02:08:57 PM,KXATPMATCH-26APR19RUBFIL-FIL,68,1166,67,2588,66,6360,65,4894,64,91,66,1,67,2,68,1,69,11054,70,11007,67.0
2026-04-18 02:08:57 PM,KXATPMATCH-26APR19RUBFIL-FIL,68,1166,67,2588,66,6360,65,4894,64,91,66,1,67,2,68,1,69,10763,70,11007,67.0
2026-04-18 02:08:57 PM,KXATPMATCH-26APR19RUBFIL-FIL,68,1266,67,2588,66,6360,65,4894,64,91,66,1,67,2,68,1,69,10763,70,11007,67.0
2026-04-18 02:08:57 PM,KXATPMATCH-26APR19RUBFIL-FIL,68,1266,67,2588,66,6360,65,4894,64,91,66,1,67,2,68,1,69,10763,70,11507,67.0
2026-04-18 02:08:57 PM,KXATPMATCH-26APR19RUBFIL-FIL,68,1266,67,1652,66,6360,65,4894,64,91,66,1,67,2,68,1,69,10763,70,11507,67.0
2026-04-18 02:08:57 PM,KXATPMATCH-26APR19RUBFIL-FIL,68,1266,67,1652,66,6360,65,4894,64,91,66,1,67,2,68,1,69,10369,70,11507,67.0
2026-04-18 02:08:57 PM,KXATPMATCH-26APR19RUBFIL-FIL,68,1266,67,2046,66,6360,65,4894,64,91,66,1,67,2,68,1,69,10369,70,11507,67.0
2026-04-18 02:08:58 PM,KXATPMATCH-26APR19RUBFIL-FIL,68,1266,67,2046,66,6360,65,94,64,91,66,1,67,2,68,1,69,10369,70,11507,67.0
2026-04-18 02:08:58 PM,KXATPMATCH-26APR19RUBFIL-FIL,68,1266,67,6846,66,6360,65,94,64,91,66,1,67,2,68,1,69,10369,70,11507,67.0
2026-04-18 02:09:02 PM,KXATPMATCH-26APR19RUBFIL-FIL,68,1266,67,7800,66,6360,65,94,64,91,66,1,67,2,68,1,69,10369,70,11507,67.0
2026-04-18 02:09:27 PM,KXATPMATCH-26APR19RUBFIL-FIL,68,1266,67,7800,66,6360,65,94,64,591,66,1,67,2,68,1,69,10369,70,11507,67.0
2026-04-18 02:09:43 PM,KXATPMATCH-26APR19RUBFIL-FIL,68,806,67,7800,66,6360,65,94,64,591,66,1,67,2,68,1,69,10369,70,11507,67.0
2026-04-18 02:09:43 PM,KXATPMATCH-26APR19RUBFIL-FIL,68,125,67,7800,66,6360,65,94,64,591,66,1,67,2,68,1,69,10369,70,11507,67.0
2026-04-18 02:09:45 PM,KXATPMATCH-26APR19RUBFIL-FIL,68,125,67,7553,66,6360,65,94,64,591,66,1,67,2,68,1,69,10369,70,11507,67.0
2026-04-18 02:09:45 PM,KXATPMATCH-26APR19RUBFIL-FIL,68,25,67,7553,66,6360,65,94,64,591,66,1,67,2,68,1,69,10369,70,11507,67.0
2026-04-18 02:09:45 PM,KXATPMATCH-26APR19RUBFIL-FIL,68,25,67,7553,66,6360,65,94,64,591,66,1,67,2,68,1,69,10616,70,11507,67.0
2026-04-18 02:09:45 PM,KXATPMATCH-26APR19RUBFIL-FIL,68,25,67,7553,66,6360,65,94,64,591,66,1,67,2,68,1,69,10616,70,11007,67.0
2026-04-18 02:09:45 PM,KXATPMATCH-26APR19RUBFIL-FIL,68,25,67,7653,66,6360,65,94,64,591,66,1,67,2,68,1,69,10616,70,11007,67.0
2026-04-18 02:09:45 PM,KXATPMATCH-26APR19RUBFIL-FIL,68,25,67,7653,66,6360,65,94,64,591,66,1,67,2,68,1,69,11116,70,11007,67.0
2026-04-18 02:10:14 PM,KXATPMATCH-26APR19RUBFIL-FIL,68,25,67,7653,66,6360,65,94,64,91,66,1,67,2,68,1,69,11116,70,11007,67.0
2026-04-18 02:10:45 PM,KXATPMATCH-26APR19RUBFIL-FIL,68,25,67,7653,66,6360,65,94,64,91,66,1,67,2,68,1,69,11116,70,11008,67.0
2026-04-18 02:10:54 PM,KXATPMATCH-26APR19RUBFIL-FIL,68,25,67,7653,66,6360,65,94,64,91,66,1,67,2,68,1,69,11116,70,11007,67.0
2026-04-18 02:11:22 PM,KXATPMATCH-26APR19RUBFIL-FIL,68,25,67,7653,66,6346,65,94,64,91,66,1,67,2,68,1,69,11116,70,11007,67.0
2026-04-18 02:11:22 PM,KXATPMATCH-26APR19RUBFIL-FIL,68,25,67,7653,66,6346,64,91,63,500,66,1,67,2,68,1,69,11116,70,11007,67.0
2026-04-18 02:11:22 PM,KXATPMATCH-26APR19RUBFIL-FIL,68,25,67,7653,66,6346,63,500,62,302,66,1,67,2,68,1,69,11116,70,11007,67.0
2026-04-18 02:11:22 PM,KXATPMATCH-26APR19RUBFIL-FIL,68,25,67,7653,66,6346,63,500,62,302,66,1,67,2,68,1,69,11054,70,11007,67.0
2026-04-18 02:11:22 PM,KXATPMATCH-26APR19RUBFIL-FIL,68,25,67,7653,66,6346,63,500,62,302,66,1,67,2,68,1,69,11054,70,10412,67.0
2026-04-18 02:11:22 PM,KXATPMATCH-26APR19RUBFIL-FIL,68,25,67,7653,66,6346,63,500,62,302,66,1,67,2,68,1,69,10404,70,10412,67.0
2026-04-18 02:11:22 PM,KXATPMATCH-26APR19RUBFIL-FIL,68,133,67,7653,66,6346,63,500,62,302,66,1,67,2,68,1,69,10404,70,10412,67.0
2026-04-18 02:11:22 PM,KXATPMATCH-26APR19RUBFIL-FIL,68,133,67,7751,66,6346,63,500,62,302,66,1,67,2,68,1,69,10404,70,10412,67.0
2026-04-18 02:11:22 PM,KXATPMATCH-26APR19RUBFIL-FIL,68,133,67,7751,66,6346,63,500,62,302,66,1,67,2,68,1,69,9904,70,10412,67.0
2026-04-18 02:11:22 PM,KXATPMATCH-26APR19RUBFIL-FIL,68,133,67,7751,66,6346,63,500,62,302,66,1,67,2,68,1,69,9904,70,10912,67.0
2026-04-18 02:11:22 PM,KXATPMATCH-26APR19RUBFIL-FIL,68,133,67,7651,66,6346,63,500,62,302,66,1,67,2,68,1,69,9904,70,10912,67.0
2026-04-18 02:11:22 PM,KXATPMATCH-26APR19RUBFIL-FIL,68,233,67,7651,66,6346,63,500,62,302,66,1,67,2,68,1,69,9904,70,10912,67.0
2026-04-18 02:11:47 PM,KXATPMATCH-26APR19RUBFIL-FIL,68,233,67,7651,66,6346,63,500,62,302,66,1,67,2,68,1,69,9894,70,10912,67.0
2026-04-18 02:11:48 PM,KXATPMATCH-26APR19RUBFIL-FIL,68,233,67,7656,66,6346,63,500,62,302,66,1,67,2,68,1,69,9894,70,10912,67.0
2026-04-18 02:11:48 PM,KXATPMATCH-26APR19RUBFIL-FIL,68,233,67,7656,66,6351,63,500,62,302,66,1,67,2,68,1,69,9894,70,10912,67.0
2026-04-18 02:11:52 PM,KXATPMATCH-26APR19RUBFIL-FIL,68,233,67,7656,66,6289,63,500,62,302,66,1,67,2,68,1,69,9894,70,10912,67.0
2026-04-18 02:11:55 PM,KXATPMATCH-26APR19RUBFIL-FIL,68,236,67,7656,66,6289,63,500,62,302,66,1,67,2,68,1,69,9894,70,10912,67.0
2026-04-18 02:12:16 PM,KXATPMATCH-26APR19RUBFIL-FIL,68,236,67,7656,66,6289,63,500,62,302,66,1,67,2,68,1,69,9891,70,10912,67.0
2026-04-18 02:12:16 PM,KXATPMATCH-26APR19RUBFIL-FIL,68,233,67,7656,66,6289,63,500,62,302,66,1,67,2,68,1,69,9891,70,10912,67.0
2026-04-18 02:12:16 PM,KXATPMATCH-26APR19RUBFIL-FIL,68,233,67,7656,66,6289,63,500,62,337,66,1,67,2,68,1,69,9891,70,10912,67.0
2026-04-18 02:12:16 PM,KXATPMATCH-26APR19RUBFIL-FIL,68,233,67,7657,66,6289,63,500,62,337,66,1,67,2,68,1,69,9891,70,10912,67.0
2026-04-18 02:12:16 PM,KXATPMATCH-26APR19RUBFIL-FIL,68,233,67,7657,66,6290,63,500,62,337,66,1,67,2,68,1,69,9891,70,10912,67.0
2026-04-18 02:12:17 PM,KXATPMATCH-26APR19RUBFIL-FIL,68,125,67,7657,66,6290,63,500,62,337,66,1,67,2,68,1,69,9891,70,10912,67.0
2026-04-18 02:12:17 PM,KXATPMATCH-26APR19RUBFIL-FIL,68,125,67,7688,66,6290,63,500,62,337,66,1,67,2,68,1,69,9891,70,10912,67.0
2026-04-18 02:12:17 PM,KXATPMATCH-26APR19RUBFIL-FIL,68,125,67,7688,66,6290,65,92,63,500,66,1,67,2,68,1,69,9891,70,10912,67.0
2026-04-18 02:12:17 PM,KXATPMATCH-26APR19RUBFIL-FIL,68,125,67,7688,66,6290,65,92,63,500,66,1,67,2,68,1,69,9891,70,11962,67.0
2026-04-18 02:12:47 PM,KXATPMATCH-26APR19RUBFIL-FIL,68,25,67,7688,66,6290,65,92,63,500,66,1,67,2,68,1,69,9891,70,11962,67.0
2026-04-18 02:12:48 PM,KXATPMATCH-26APR19RUBFIL-FIL,68,25,67,7688,66,6290,65,92,63,500,66,1,67,2,68,1,69,9891,70,11462,67.0
2026-04-18 02:12:48 PM,KXATPMATCH-26APR19RUBFIL-FIL,68,25,67,7788,66,6290,65,92,63,500,66,1,67,2,68,1,69,9891,70,11462,67.0
2026-04-18 02:12:48 PM,KXATPMATCH-26APR19RUBFIL-FIL,68,25,67,7788,66,6290,65,92,63,500,66,1,67,2,68,1,69,10391,70,11462,67.0
2026-04-18 02:14:07 PM,KXATPMATCH-26APR19RUBFIL-FIL,68,25,67,7788,66,5753,65,92,63,500,66,1,67,2,68,1,69,10391,70,11462,67.0
2026-04-18 02:14:07 PM,KXATPMATCH-26APR19RUBFIL-FIL,68,25,67,7641,66,5753,65,92,63,500,66,1,67,2,68,1,69,10391,70,11462,67.0
2026-04-18 02:14:07 PM,KXATPMATCH-26APR19RUBFIL-FIL,68,25,67,7641,66,5723,65,92,63,500,66,1,67,2,68,1,69,10391,70,11462,67.0
2026-04-18 02:14:07 PM,KXATPMATCH-26APR19RUBFIL-FIL,68,25,67,7641,66,5490,65,92,63,500,66,1,67,2,68,1,69,10391,70,11462,67.0
2026-04-18 02:14:07 PM,KXATPMATCH-26APR19RUBFIL-FIL,68,25,67,7641,66,5490,65,92,63,500,66,1,67,2,68,1,69,10144,70,11462,67.0
2026-04-18 02:14:07 PM,KXATPMATCH-26APR19RUBFIL-FIL,68,25,67,7641,66,5490,65,92,63,500,66,1,67,2,68,1,69,10089,70,11462,67.0
2026-04-18 02:14:08 PM,KXATPMATCH-26APR19RUBFIL-FIL,68,25,67,7641,66,5490,65,92,63,500,66,1,67,2,68,1,69,10089,70,11096,67.0
2026-04-18 02:14:08 PM,KXATPMATCH-26APR19RUBFIL-FIL,68,374,67,7641,66,5490,65,92,63,500,66,1,67,2,68,1,69,10089,70,11096,67.0
2026-04-18 02:14:08 PM,KXATPMATCH-26APR19RUBFIL-FIL,68,374,67,8107,66,5490,65,92,63,500,66,1,67,2,68,1,69,10089,70,11096,67.0
2026-04-18 02:15:11 PM,KXATPMATCH-26APR19RUBFIL-FIL,68,25,67,8107,66,5490,65,92,63,500,66,1,67,2,68,1,69,10089,70,11096,67.0
2026-04-18 02:15:11 PM,KXATPMATCH-26APR19RUBFIL-FIL,68,25,67,8107,66,5490,65,92,63,500,66,1,67,2,68,1,69,10089,70,11445,67.0
2026-04-18 02:18:06 PM,KXATPMATCH-26APR19RUBFIL-FIL,68,25,67,8107,66,6432,65,92,63,500,66,1,67,2,68,1,69,10089,70,11445,67.0
2026-04-18 02:18:06 PM,KXATPMATCH-26APR19RUBFIL-FIL,68,25,67,7153,66,6432,65,92,63,500,66,1,67,2,68,1,69,10089,70,11445,67.0
2026-04-18 02:18:14 PM,KXATPMATCH-26APR19RUBFIL-FIL,68,25,67,8095,66,6432,65,92,63,500,66,1,67,2,68,1,69,10089,70,11445,67.0
2026-04-18 02:18:14 PM,KXATPMATCH-26APR19RUBFIL-FIL,68,25,67,8095,66,5490,65,92,63,500,66,1,67,2,68,1,69,10089,70,11445,67.0
2026-04-18 02:18:15 PM,KXATPMATCH-26APR19RUBFIL-FIL,68,25,67,7153,66,5490,65,92,63,500,66,1,67,2,68,1,69,10089,70,11445,67.0
2026-04-18 02:18:29 PM,KXATPMATCH-26APR19RUBFIL-FIL,68,25,67,8095,66,5490,65,92,63,500,66,1,67,2,68,1,69,10089,70,11445,67.0
2026-04-18 02:18:50 PM,KXATPMATCH-26APR19RUBFIL-FIL,68,25,67,8095,66,5490,65,92,63,500,66,1,67,2,68,1,69,10085,70,11445,67.0
2026-04-18 02:18:50 PM,KXATPMATCH-26APR19RUBFIL-FIL,68,25,67,8097,66,5490,65,92,63,500,66,1,67,2,68,1,69,10085,70,11445,67.0
2026-04-18 02:18:50 PM,KXATPMATCH-26APR19RUBFIL-FIL,68,25,67,8097,66,5492,65,92,63,500,66,1,67,2,68,1,69,10085,70,11445,67.0
2026-04-18 02:20:08 PM,KXATPMATCH-26APR19RUBFIL-FIL,68,25,67,8097,66,5742,65,92,63,500,66,1,67,2,68,1,69,10085,70,11445,67.0
2026-04-18 02:20:08 PM,KXATPMATCH-26APR19RUBFIL-FIL,68,25,67,8097,66,5742,65,92,63,500,66,1,67,2,68,1,69,10335,70,11445,67.0
2026-04-18 02:24:23 PM,KXATPMATCH-26APR19RUBFIL-FIL,68,25,67,8097,66,6684,65,92,63,500,66,1,67,2,68,1,69,10335,70,11445,67.0
2026-04-18 02:24:23 PM,KXATPMATCH-26APR19RUBFIL-FIL,68,25,67,7155,66,6684,65,92,63,500,66,1,67,2,68,1,69,10335,70,11445,67.0
2026-04-18 02:25:24 PM,KXATPMATCH-26APR19RUBFIL-FIL,68,25,67,8097,66,6684,65,92,63,500,66,1,67,2,68,1,69,10335,70,11445,67.0
2026-04-18 02:25:24 PM,KXATPMATCH-26APR19RUBFIL-FIL,68,25,67,8097,66,5742,65,92,63,500,66,1,67,2,68,1,69,10335,70,11445,67.0
2026-04-18 02:25:36 PM,KXATPMATCH-26APR19RUBFIL-FIL,68,25,67,8097,66,6684,65,92,63,500,66,1,67,2,68,1,69,10335,70,11445,67.0
2026-04-18 02:25:36 PM,KXATPMATCH-26APR19RUBFIL-FIL,68,25,67,8097,66,6684,65,92,63,500,66,1,67,2,68,1,69,10335,70,12387,67.0
2026-04-18 02:25:36 PM,KXATPMATCH-26APR19RUBFIL-FIL,68,25,67,7155,66,6684,65,92,63,500,66,1,67,2,68,1,69,10335,70,12387,67.0
2026-04-18 02:25:36 PM,KXATPMATCH-26APR19RUBFIL-FIL,68,25,67,7155,66,6684,65,92,63,500,66,1,67,2,68,1,69,10335,70,11445,67.0
2026-04-18 02:25:36 PM,KXATPMATCH-26APR19RUBFIL-FIL,68,25,67,7155,66,5742,65,92,63,500,66,1,67,2,68,1,69,10335,70,11445,67.0
2026-04-18 02:25:47 PM,KXATPMATCH-26APR19RUBFIL-FIL,68,25,67,7155,66,6684,65,92,63,500,66,1,67,2,68,1,69,10335,70,11445,67.0
2026-04-18 02:25:47 PM,KXATPMATCH-26APR19RUBFIL-FIL,68,25,67,7155,66,6684,65,92,63,500,66,1,67,2,68,1,69,10335,70,12387,67.0
2026-04-18 02:25:51 PM,KXATPMATCH-26APR19RUBFIL-FIL,68,25,67,7155,66,6684,65,92,63,500,66,1,67,2,68,1,69,10335,70,11445,67.0
2026-04-18 02:25:56 PM,KXATPMATCH-26APR19RUBFIL-FIL,68,25,67,8097,66,6684,65,92,63,500,66,1,67,2,68,1,69,10335,70,11445,67.0
2026-04-18 02:25:56 PM,KXATPMATCH-26APR19RUBFIL-FIL,68,25,67,8097,66,5742,65,92,63,500,66,1,67,2,68,1,69,10335,70,11445,67.0
2026-04-18 02:25:57 PM,KXATPMATCH-26APR19RUBFIL-FIL,68,25,67,7155,66,5742,65,92,63,500,66,1,67,2,68,1,69,10335,70,11445,67.0
2026-04-18 02:26:08 PM,KXATPMATCH-26APR19RUBFIL-FIL,68,25,67,7155,66,6684,65,92,63,500,66,1,67,2,68,1,69,10335,70,11445,67.0
2026-04-18 02:26:18 PM,KXATPMATCH-26APR19RUBFIL-FIL,68,25,67,8097,66,6684,65,92,63,500,66,1,67,2,68,1,69,10335,70,11445,67.0
2026-04-18 02:26:19 PM,KXATPMATCH-26APR19RUBFIL-FIL,68,25,67,8097,66,5742,65,92,63,500,66,1,67,2,68,1,69,10335,70,11445,67.0
2026-04-18 02:26:49 PM,KXATPMATCH-26APR19RUBFIL-FIL,68,25,67,8097,66,5742,65,92,63,500,66,1,67,2,68,1,69,10335,70,11334,67.0
2026-04-18 02:27:00 PM,KXATPMATCH-26APR19RUBFIL-FIL,68,25,67,8097,66,5742,65,92,64,146,66,1,67,2,68,1,69,10335,70,11334,67.0
2026-04-18 02:27:08 PM,KXATPMATCH-26APR19RUBFIL-FIL,68,1025,67,8097,66,5742,65,92,64,146,66,1,67,2,68,1,69,10335,70,11334,67.0
2026-04-18 02:27:08 PM,KXATPMATCH-26APR19RUBFIL-FIL,68,1025,67,8097,66,5742,65,92,64,146,66,1,67,2,68,1,69,9835,70,11334,67.0
2026-04-18 02:27:08 PM,KXATPMATCH-26APR19RUBFIL-FIL,68,1025,67,8097,66,5742,65,92,64,146,66,1,67,2,68,1,69,9835,70,11834,67.0
2026-04-18 02:27:08 PM,KXATPMATCH-26APR19RUBFIL-FIL,68,1025,67,8097,66,5492,65,92,64,146,66,1,67,2,68,1,69,9835,70,11834,67.0
2026-04-18 02:27:08 PM,KXATPMATCH-26APR19RUBFIL-FIL,68,1025,67,8347,66,5492,65,92,64,146,66,1,67,2,68,1,69,9835,70,11834,67.0
2026-04-18 02:27:08 PM,KXATPMATCH-26APR19RUBFIL-FIL,68,1025,67,8347,66,5492,65,92,64,146,66,1,67,2,68,1,69,9585,70,11834,67.0
2026-04-18 02:27:08 PM,KXATPMATCH-26APR19RUBFIL-FIL,68,1025,67,8347,66,5492,65,92,64,146,66,1,67,2,68,1,69,9585,70,12084,67.0
2026-04-18 02:28:54 PM,KXATPMATCH-26APR19RUBFIL-FIL,68,1025,67,8347,66,6439,65,92,64,146,66,1,67,2,68,1,69,9585,70,12084,67.0
2026-04-18 02:28:54 PM,KXATPMATCH-26APR19RUBFIL-FIL,68,1025,67,8347,66,6439,65,92,64,146,66,1,67,2,68,1,69,9585,70,13031,67.0
2026-04-18 02:28:54 PM,KXATPMATCH-26APR19RUBFIL-FIL,68,1025,67,7405,66,6439,65,92,64,146,66,1,67,2,68,1,69,9585,70,13031,67.0
2026-04-18 02:28:58 PM,KXATPMATCH-26APR19RUBFIL-FIL,68,1025,67,7405,66,6439,65,92,64,146,66,1,67,2,68,1,69,9585,70,12084,67.0
2026-04-18 02:28:58 PM,KXATPMATCH-26APR19RUBFIL-FIL,68,1025,67,7405,66,6439,65,127,64,146,66,1,67,2,68,1,69,9585,70,12084,67.0
2026-04-18 02:29:02 PM,KXATPMATCH-26APR19RUBFIL-FIL,68,1025,67,8352,66,6439,65,127,64,146,66,1,67,2,68,1,69,9585,70,12084,67.0
2026-04-18 02:29:02 PM,KXATPMATCH-26APR19RUBFIL-FIL,68,1025,67,8352,66,5492,65,127,64,146,66,1,67,2,68,1,69,9585,70,12084,67.0
2026-04-18 02:29:45 PM,KXATPMATCH-26APR19RUBFIL-FIL,68,1025,67,8352,66,5492,65,127,64,146,66,1,67,2,68,1,69,9578,70,12084,67.0
2026-04-18 02:29:45 PM,KXATPMATCH-26APR19RUBFIL-FIL,68,1025,67,8355,66,5492,65,127,64,146,66,1,67,2,68,1,69,9578,70,12084,67.0
2026-04-18 02:29:45 PM,KXATPMATCH-26APR19RUBFIL-FIL,68,1025,67,8355,66,5495,65,127,64,146,66,1,67,2,68,1,69,9578,70,12084,67.0
2026-04-18 02:31:19 PM,KXATPMATCH-26APR19RUBFIL-FIL,68,1025,67,8355,66,5495,65,127,64,146,66,1,67,2,68,1,69,9578,70,12020,67.0
2026-04-18 02:31:19 PM,KXATPMATCH-26APR19RUBFIL-FIL,68,1089,67,8355,66,5495,65,127,64,146,66,1,67,2,68,1,69,9578,70,12020,67.0
2026-04-18 02:31:19 PM,KXATPMATCH-26APR19RUBFIL-FIL,68,1089,67,8255,66,5495,65,127,64,146,66,1,67,2,68,1,69,9578,70,12020,67.0
2026-04-18 02:31:19 PM,KXATPMATCH-26APR19RUBFIL-FIL,68,1189,67,8255,66,5495,65,127,64,146,66,1,67,2,68,1,69,9578,70,12020,67.0
2026-04-18 02:31:19 PM,KXATPMATCH-26APR19RUBFIL-FIL,68,1189,67,8255,66,5495,65,127,64,146,66,1,67,2,68,1,69,3,70,12020,67.0
2026-04-18 02:31:19 PM,KXATPMATCH-26APR19RUBFIL-FIL,68,1189,67,8255,66,5495,65,127,64,146,66,1,67,2,68,1,69,3,70,11996,67.0
2026-04-18 02:31:19 PM,KXATPMATCH-26APR19RUBFIL-FIL,68,1189,67,8005,66,5495,65,127,64,146,66,1,67,2,68,1,69,3,70,11996,67.0
2026-04-18 02:31:19 PM,KXATPMATCH-26APR19RUBFIL-FIL,68,1439,67,8005,66,5495,65,127,64,146,66,1,67,2,68,1,69,3,70,11996,67.0
2026-04-18 02:31:19 PM,KXATPMATCH-26APR19RUBFIL-FIL,68,1439,67,8005,66,5495,65,127,64,146,66,1,67,2,68,1,69,3,70,11746,67.0
2026-04-18 02:31:20 PM,KXATPMATCH-26APR19RUBFIL-FIL,68,1189,67,8005,66,5495,65,127,64,146,66,1,67,2,68,1,69,3,70,11746,67.0
2026-04-18 02:31:20 PM,KXATPMATCH-26APR19RUBFIL-FIL,68,1189,67,8255,66,5495,65,127,64,146,66,1,67,2,68,1,69,3,70,11746,67.0
2026-04-18 02:31:20 PM,KXATPMATCH-26APR19RUBFIL-FIL,68,1189,67,8255,66,5495,65,127,64,146,66,1,67,2,68,1,69,3,70,11996,67.0
2026-04-18 02:33:27 PM,KXATPMATCH-26APR19RUBFIL-FIL,68,1189,67,8255,66,6442,65,127,64,146,66,1,67,2,68,1,69,3,70,11996,67.0
2026-04-18 02:33:27 PM,KXATPMATCH-26APR19RUBFIL-FIL,68,1189,67,7308,66,6442,65,127,64,146,66,1,67,2,68,1,69,3,70,11996,67.0
2026-04-18 02:33:55 PM,KXATPMATCH-26APR19RUBFIL-FIL,68,1189,67,8255,66,6442,65,127,64,146,66,1,67,2,68,1,69,3,70,11996,67.0
2026-04-18 02:33:56 PM,KXATPMATCH-26APR19RUBFIL-FIL,68,1189,67,8255,66,5495,65,127,64,146,66,1,67,2,68,1,69,3,70,11996,67.0
2026-04-18 02:36:52 PM,KXATPMATCH-26APR19RUBFIL-FIL,68,1189,67,8255,66,5525,65,127,64,146,66,1,67,2,68,1,69,3,70,11996,67.0
2026-04-18 02:38:46 PM,KXATPMATCH-26APR19RUBFIL-FIL,68,1160,67,8255,66,5525,65,127,64,146,66,1,67,2,68,1,69,3,70,11996,67.0
2026-04-18 02:38:46 PM,KXATPMATCH-26APR19RUBFIL-FIL,68,1160,67,8255,66,5525,65,127,64,146,66,1,67,2,68,1,69,3,70,12025,67.0
2026-04-18 02:39:45 PM,KXATPMATCH-26APR19RUBFIL-FIL,68,1160,67,8255,66,5525,65,127,64,146,66,1,67,2,68,1,69,3,70,11996,67.0
2026-04-18 02:39:45 PM,KXATPMATCH-26APR19RUBFIL-FIL,68,1148,67,8255,66,5525,65,127,64,146,66,1,67,2,68,1,69,3,70,11996,67.0
2026-04-18 02:39:45 PM,KXATPMATCH-26APR19RUBFIL-FIL,68,1148,67,8255,66,5525,65,127,64,146,66,1,67,2,68,1,69,3,70,12037,67.0
2026-04-18 02:39:58 PM,KXATPMATCH-26APR19RUBFIL-FIL,68,1148,67,8255,66,5525,65,127,64,146,66,1,67,2,68,1,69,3,70,11996,67.0
2026-04-18 02:39:58 PM,KXATPMATCH-26APR19RUBFIL-FIL,68,1143,67,8255,66,5525,65,127,64,146,66,1,67,2,68,1,69,3,70,11996,67.0
