ts_et,ticker,bid_1,bid_1_sz,bid_2,bid_2_sz,bid_3,bid_3_sz,bid_4,bid_4_sz,bid_5,bid_5_sz,ask_1,ask_1_sz,ask_2,ask_2_sz,ask_3,ask_3_sz,ask_4,ask_4_sz,ask_5,ask_5_sz,mid
2026-04-18 12:34:00 PM,KXATPCHALLENGERMATCH-26APR19ILASAM-ILA,50,10,6,116,5,194,4,823,3,540,94,15,95,25,96,543,97,82,98,120,72.0
2026-04-18 12:35:29 PM,KXATPCHALLENGERMATCH-26APR19ILASAM-ILA,50,10,6,116,5,194,4,823,3,540,94,15,95,25,96,543,97,82,98,123,72.0
2026-04-18 12:35:30 PM,KXATPCHALLENGERMATCH-26APR19ILASAM-ILA,50,10,6,116,5,194,4,823,3,540,94,15,95,25,96,543,97,84,98,123,72.0
2026-04-18 12:36:16 PM,KXATPCHALLENGERMATCH-26APR19ILASAM-ILA,50,10,43,230,6,116,5,194,4,823,94,15,95,25,96,543,97,84,98,123,72.0
2026-04-18 12:36:16 PM,KXATPCHALLENGERMATCH-26APR19ILASAM-ILA,50,10,43,230,42,236,6,116,5,194,94,15,95,25,96,543,97,84,98,123,72.0
2026-04-18 12:36:16 PM,KXATPCHALLENGERMATCH-26APR19ILASAM-ILA,50,10,43,230,42,236,41,241,6,116,94,15,95,25,96,543,97,84,98,123,72.0
2026-04-18 12:36:16 PM,KXATPCHALLENGERMATCH-26APR19ILASAM-ILA,50,10,43,230,42,236,41,241,37,270,94,15,95,25,96,543,97,84,98,123,72.0
2026-04-18 12:36:16 PM,KXATPCHALLENGERMATCH-26APR19ILASAM-ILA,50,10,43,230,42,236,41,241,37,270,64,1100,94,15,95,25,96,543,97,84,57.0
2026-04-18 12:36:16 PM,KXATPCHALLENGERMATCH-26APR19ILASAM-ILA,50,10,43,230,42,236,41,241,37,270,64,1100,65,1131,94,15,95,25,96,543,57.0
2026-04-18 12:36:16 PM,KXATPCHALLENGERMATCH-26APR19ILASAM-ILA,50,10,43,230,42,236,41,241,37,270,64,1100,65,1131,66,1165,94,15,95,25,57.0
2026-04-18 12:36:16 PM,KXATPCHALLENGERMATCH-26APR19ILASAM-ILA,50,10,43,230,42,236,41,241,37,270,64,1100,65,1131,66,1165,70,1333,94,15,57.0
2026-04-18 12:36:16 PM,KXATPCHALLENGERMATCH-26APR19ILASAM-ILA,50,10,43,230,42,236,41,241,37,270,64,1100,65,1131,66,1165,70,1333,81,2105,57.0
2026-04-18 12:36:16 PM,KXATPCHALLENGERMATCH-26APR19ILASAM-ILA,50,10,43,230,42,236,41,241,37,270,64,1100,65,1131,66,1165,70,3333,81,2105,57.0
2026-04-18 12:37:48 PM,KXATPCHALLENGERMATCH-26APR19ILASAM-ILA,50,10,43,230,42,236,41,241,37,270,64,1099,65,1131,66,1165,70,3333,81,2105,57.0
2026-04-18 12:46:46 PM,KXATPCHALLENGERMATCH-26APR19ILASAM-ILA,43,230,42,236,41,241,37,270,26,385,64,1099,65,1131,66,1165,70,3333,81,2105,53.5
2026-04-18 12:46:52 PM,KXATPCHALLENGERMATCH-26APR19ILASAM-ILA,43,230,42,236,41,241,37,270,26,385,50,9,64,1099,65,1131,66,1165,70,3333,46.5
2026-04-18 12:46:52 PM,KXATPCHALLENGERMATCH-26APR19ILASAM-ILA,42,236,41,241,37,270,26,385,15,667,50,9,64,1099,65,1131,66,1165,70,3333,46.0
2026-04-18 12:46:52 PM,KXATPCHALLENGERMATCH-26APR19ILASAM-ILA,41,241,37,270,26,385,15,667,6,116,50,9,64,1099,65,1131,66,1165,70,3333,45.5
2026-04-18 12:46:52 PM,KXATPCHALLENGERMATCH-26APR19ILASAM-ILA,41,241,40,248,37,270,26,385,15,667,50,9,64,1099,65,1131,66,1165,70,3333,45.5
2026-04-18 12:46:52 PM,KXATPCHALLENGERMATCH-26APR19ILASAM-ILA,41,241,40,248,39,254,37,270,26,385,50,9,64,1099,65,1131,66,1165,70,3333,45.5
2026-04-18 12:47:39 PM,KXATPCHALLENGERMATCH-26APR19ILASAM-ILA,41,241,40,248,39,254,37,270,26,385,50,7,64,1099,65,1131,66,1165,70,3333,45.5
2026-04-18 12:50:51 PM,KXATPCHALLENGERMATCH-26APR19ILASAM-ILA,41,241,40,248,39,254,37,270,26,385,50,7,64,1099,65,1131,66,1165,70,1333,45.5
2026-04-18 12:55:22 PM,KXATPCHALLENGERMATCH-26APR19ILASAM-ILA,41,241,40,248,39,254,37,270,26,385,64,1099,65,1131,66,1165,70,1333,74,1,52.5
2026-04-18 12:55:22 PM,KXATPCHALLENGERMATCH-26APR19ILASAM-ILA,41,241,40,248,37,270,26,385,15,669,64,1099,65,1131,66,1165,70,1333,74,1,52.5
2026-04-18 12:55:22 PM,KXATPCHALLENGERMATCH-26APR19ILASAM-ILA,41,241,37,270,26,385,15,669,6,116,64,1099,65,1131,66,1165,70,1333,74,1,52.5
2026-04-18 12:55:22 PM,KXATPCHALLENGERMATCH-26APR19ILASAM-ILA,43,230,41,241,37,270,26,385,15,669,64,1099,65,1131,66,1165,70,1333,74,1,53.5
2026-04-18 12:55:22 PM,KXATPCHALLENGERMATCH-26APR19ILASAM-ILA,43,230,42,236,41,241,37,270,26,385,64,1099,65,1131,66,1165,70,1333,74,1,53.5
2026-04-18 12:55:31 PM,KXATPCHALLENGERMATCH-26APR19ILASAM-ILA,43,230,42,236,41,241,37,270,26,385,62,7,64,1099,65,1131,66,1165,70,1333,52.5
2026-04-18 12:55:40 PM,KXATPCHALLENGERMATCH-26APR19ILASAM-ILA,43,230,42,236,41,241,37,270,26,385,64,1099,65,1131,66,1165,70,1333,74,1,53.5
2026-04-18 12:55:40 PM,KXATPCHALLENGERMATCH-26APR19ILASAM-ILA,43,230,42,236,41,241,37,270,26,385,63,7,64,1099,65,1131,66,1165,70,1333,53.0
2026-04-18 12:57:30 PM,KXATPCHALLENGERMATCH-26APR19ILASAM-ILA,43,230,42,236,41,241,37,270,26,385,50,10,63,7,64,1099,65,1131,66,1165,46.5
2026-04-18 12:57:30 PM,KXATPCHALLENGERMATCH-26APR19ILASAM-ILA,43,230,41,241,37,270,26,385,15,669,50,10,63,7,64,1099,65,1131,66,1165,46.5
2026-04-18 12:57:30 PM,KXATPCHALLENGERMATCH-26APR19ILASAM-ILA,41,241,37,270,26,385,15,669,6,116,50,10,63,7,64,1099,65,1131,66,1165,45.5
2026-04-18 12:57:30 PM,KXATPCHALLENGERMATCH-26APR19ILASAM-ILA,41,241,40,248,37,270,26,385,15,669,50,10,63,7,64,1099,65,1131,66,1165,45.5
2026-04-18 12:57:30 PM,KXATPCHALLENGERMATCH-26APR19ILASAM-ILA,41,241,40,248,39,254,37,270,26,385,50,10,63,7,64,1099,65,1131,66,1165,45.5
2026-04-18 01:03:08 PM,KXATPCHALLENGERMATCH-26APR19ILASAM-ILA,41,241,40,248,39,254,37,270,26,385,50,19,63,7,64,1099,65,1131,66,1165,45.5
2026-04-18 01:03:09 PM,KXATPCHALLENGERMATCH-26APR19ILASAM-ILA,41,241,40,248,39,254,37,270,26,385,50,19,63,1623,64,1099,65,1131,66,1165,45.5
2026-04-18 01:03:38 PM,KXATPCHALLENGERMATCH-26APR19ILASAM-ILA,41,241,40,248,39,254,37,270,26,385,50,19,63,1623,64,1099,66,1165,70,1333,45.5
2026-04-18 01:03:38 PM,KXATPCHALLENGERMATCH-26APR19ILASAM-ILA,41,241,40,248,39,254,37,270,26,385,50,19,63,1623,64,1099,70,1333,74,1,45.5
2026-04-18 01:03:38 PM,KXATPCHALLENGERMATCH-26APR19ILASAM-ILA,41,241,40,248,39,254,37,270,26,385,50,19,62,1042,63,1623,64,1099,70,1333,45.5
2026-04-18 01:03:38 PM,KXATPCHALLENGERMATCH-26APR19ILASAM-ILA,41,241,40,248,39,254,37,270,26,385,50,19,62,1042,63,2693,64,1099,70,1333,45.5
2026-04-18 01:03:56 PM,KXATPCHALLENGERMATCH-26APR19ILASAM-ILA,43,3,41,241,40,248,39,254,37,270,50,19,62,1042,63,2693,64,1099,70,1333,46.5
2026-04-18 01:07:52 PM,KXATPCHALLENGERMATCH-26APR19ILASAM-ILA,43,3,41,241,40,248,39,254,37,270,50,9,62,1042,63,2693,64,1099,70,1333,46.5
2026-04-18 01:07:52 PM,KXATPCHALLENGERMATCH-26APR19ILASAM-ILA,43,3,41,241,40,248,39,254,37,270,50,1,62,1042,63,2693,64,1099,70,1333,46.5
2026-04-18 01:10:39 PM,KXATPCHALLENGERMATCH-26APR19ILASAM-ILA,49,500,43,3,41,241,40,248,39,254,50,1,62,1042,63,2693,64,1099,70,1333,49.5
2026-04-18 01:10:39 PM,KXATPCHALLENGERMATCH-26APR19ILASAM-ILA,49,500,43,3,41,241,40,248,37,270,50,1,62,1042,63,2693,64,1099,70,1333,49.5
2026-04-18 01:10:39 PM,KXATPCHALLENGERMATCH-26APR19ILASAM-ILA,49,500,43,3,40,248,37,270,26,385,50,1,62,1042,63,2693,64,1099,70,1333,49.5
2026-04-18 01:10:39 PM,KXATPCHALLENGERMATCH-26APR19ILASAM-ILA,49,500,43,3,37,270,26,385,15,669,50,1,62,1042,63,2693,64,1099,70,1333,49.5
2026-04-18 01:10:39 PM,KXATPCHALLENGERMATCH-26APR19ILASAM-ILA,49,702,43,3,37,270,26,385,15,669,50,1,62,1042,63,2693,64,1099,70,1333,49.5
2026-04-18 01:10:39 PM,KXATPCHALLENGERMATCH-26APR19ILASAM-ILA,49,702,48,206,43,3,37,270,26,385,50,1,62,1042,63,2693,64,1099,70,1333,49.5
2026-04-18 01:10:39 PM,KXATPCHALLENGERMATCH-26APR19ILASAM-ILA,49,702,48,206,47,211,43,3,37,270,50,1,62,1042,63,2693,64,1099,70,1333,49.5
2026-04-18 01:11:16 PM,KXATPCHALLENGERMATCH-26APR19ILASAM-ILA,49,702,48,206,47,211,43,3,37,270,62,1042,63,2693,64,1099,70,1333,74,1,55.5
2026-04-18 01:11:16 PM,KXATPCHALLENGERMATCH-26APR19ILASAM-ILA,49,702,48,206,47,211,37,270,26,385,62,1042,63,2693,64,1099,70,1333,74,1,55.5
2026-04-18 01:11:16 PM,KXATPCHALLENGERMATCH-26APR19ILASAM-ILA,49,702,48,206,37,270,26,385,15,669,62,1042,63,2693,64,1099,70,1333,74,1,55.5
2026-04-18 01:11:16 PM,KXATPCHALLENGERMATCH-26APR19ILASAM-ILA,49,702,48,169,37,270,26,385,15,669,62,1042,63,2693,64,1099,70,1333,74,1,55.5
2026-04-18 01:11:16 PM,KXATPCHALLENGERMATCH-26APR19ILASAM-ILA,50,198,49,702,48,169,37,270,26,385,62,1042,63,2693,64,1099,70,1333,74,1,56.0
2026-04-18 01:11:53 PM,KXATPCHALLENGERMATCH-26APR19ILASAM-ILA,50,198,49,702,48,169,37,270,26,385,62,1032,63,2693,64,1099,70,1333,74,1,56.0
2026-04-18 01:11:57 PM,KXATPCHALLENGERMATCH-26APR19ILASAM-ILA,50,198,49,702,48,169,37,270,26,385,62,1033,63,2693,64,1099,70,1333,74,1,56.0
2026-04-18 01:12:06 PM,KXATPCHALLENGERMATCH-26APR19ILASAM-ILA,50,198,49,702,48,169,37,270,26,385,62,1032,63,2693,64,1099,70,1333,74,1,56.0
2026-04-18 01:12:06 PM,KXATPCHALLENGERMATCH-26APR19ILASAM-ILA,50,198,49,702,48,169,37,270,26,385,61,1,62,1032,63,2693,64,1099,70,1333,55.5
2026-04-18 01:12:06 PM,KXATPCHALLENGERMATCH-26APR19ILASAM-ILA,50,198,49,702,48,169,37,270,26,385,61,2,62,1032,63,2693,64,1099,70,1333,55.5
2026-04-18 01:12:53 PM,KXATPCHALLENGERMATCH-26APR19ILASAM-ILA,50,198,49,702,48,169,37,270,26,385,61,1,62,1032,63,2693,64,1099,70,1333,55.5
2026-04-18 01:22:56 PM,KXATPCHALLENGERMATCH-26APR19ILASAM-ILA,50,198,49,1502,48,169,37,270,26,385,61,1,62,1032,63,2693,64,1099,70,1333,55.5
2026-04-18 01:22:56 PM,KXATPCHALLENGERMATCH-26APR19ILASAM-ILA,50,998,49,1502,48,169,37,270,26,385,61,1,62,1032,63,2693,64,1099,70,1333,55.5
2026-04-18 01:22:56 PM,KXATPCHALLENGERMATCH-26APR19ILASAM-ILA,51,800,50,998,49,1502,48,169,37,270,61,1,62,1032,63,2693,64,1099,70,1333,56.0
2026-04-18 01:22:56 PM,KXATPCHALLENGERMATCH-26APR19ILASAM-ILA,51,800,50,998,49,1502,48,169,37,270,59,800,61,1,62,1032,63,2693,64,1099,55.0
2026-04-18 01:22:56 PM,KXATPCHALLENGERMATCH-26APR19ILASAM-ILA,51,800,50,998,49,1502,48,169,37,270,59,800,61,1,62,1832,63,2693,64,1099,55.0
2026-04-18 01:22:56 PM,KXATPCHALLENGERMATCH-26APR19ILASAM-ILA,51,800,50,998,49,1502,48,169,37,270,59,800,61,801,62,1832,63,2693,64,1099,55.0
2026-04-18 01:22:56 PM,KXATPCHALLENGERMATCH-26APR19ILASAM-ILA,51,800,50,983,49,1502,48,169,37,270,59,800,61,801,62,1832,63,2693,64,1099,55.0
2026-04-18 01:22:56 PM,KXATPCHALLENGERMATCH-26APR19ILASAM-ILA,51,800,50,983,49,1502,37,270,26,385,59,800,61,801,62,1832,63,2693,64,1099,55.0
2026-04-18 01:22:56 PM,KXATPCHALLENGERMATCH-26APR19ILASAM-ILA,51,800,50,983,49,1502,37,270,26,385,59,800,61,801,62,1832,63,1623,64,1099,55.0
2026-04-18 01:22:56 PM,KXATPCHALLENGERMATCH-26APR19ILASAM-ILA,51,800,50,983,49,1502,37,270,26,385,59,800,61,801,62,1832,63,1623,70,1333,55.0
2026-04-18 01:22:56 PM,KXATPCHALLENGERMATCH-26APR19ILASAM-ILA,51,800,50,983,49,1502,37,270,26,385,59,800,61,801,62,1832,63,1623,74,1,55.0
2026-04-18 01:22:56 PM,KXATPCHALLENGERMATCH-26APR19ILASAM-ILA,51,800,50,983,49,1392,37,270,26,385,59,800,61,801,62,1832,63,1623,74,1,55.0
2026-04-18 01:22:56 PM,KXATPCHALLENGERMATCH-26APR19ILASAM-ILA,51,800,50,983,49,1392,37,270,26,385,59,800,61,801,62,1562,63,1623,74,1,55.0
2026-04-18 01:22:56 PM,KXATPCHALLENGERMATCH-26APR19ILASAM-ILA,51,994,50,983,49,1392,37,270,26,385,59,800,61,801,62,1562,63,1623,74,1,55.0
2026-04-18 01:22:56 PM,KXATPCHALLENGERMATCH-26APR19ILASAM-ILA,51,994,50,983,49,1392,37,270,26,385,58,943,59,800,61,801,62,1562,63,1623,54.5
2026-04-18 01:22:56 PM,KXATPCHALLENGERMATCH-26APR19ILASAM-ILA,51,994,50,983,49,1392,37,270,26,385,58,943,59,1766,61,801,62,1562,63,1623,54.5
2026-04-18 01:22:56 PM,KXATPCHALLENGERMATCH-26APR19ILASAM-ILA,51,994,50,983,49,1392,37,270,26,385,58,943,59,1766,60,590,61,801,62,1562,54.5
2026-04-18 01:22:59 PM,KXATPCHALLENGERMATCH-26APR19ILASAM-ILA,51,194,50,983,49,1392,37,270,26,385,58,943,59,1766,60,590,61,801,62,1562,54.5
2026-04-18 01:22:59 PM,KXATPCHALLENGERMATCH-26APR19ILASAM-ILA,51,194,50,983,49,1392,37,270,26,385,58,943,59,1766,60,590,61,1,62,1562,54.5
2026-04-18 01:22:59 PM,KXATPCHALLENGERMATCH-26APR19ILASAM-ILA,51,194,50,983,49,1392,37,270,26,385,58,943,59,1766,60,590,61,1,62,762,54.5
2026-04-18 01:22:59 PM,KXATPCHALLENGERMATCH-26APR19ILASAM-ILA,52,800,51,194,50,983,49,1392,37,270,58,943,59,1766,60,590,61,1,62,762,55.0
2026-04-18 01:22:59 PM,KXATPCHALLENGERMATCH-26APR19ILASAM-ILA,52,800,51,194,50,983,49,1392,37,270,58,1743,59,1766,60,590,61,1,62,762,55.0
2026-04-18 01:22:59 PM,KXATPCHALLENGERMATCH-26APR19ILASAM-ILA,52,800,51,194,50,983,49,1392,37,270,57,800,58,1743,59,1766,60,590,61,1,54.5
2026-04-18 01:23:26 PM,KXATPCHALLENGERMATCH-26APR19ILASAM-ILA,52,800,51,194,50,983,49,1392,37,270,57,800,58,1743,59,800,60,590,61,1,54.5
2026-04-18 01:23:26 PM,KXATPCHALLENGERMATCH-26APR19ILASAM-ILA,52,800,51,194,50,983,49,1392,37,270,57,800,58,1743,59,800,61,1,63,1623,54.5
2026-04-18 01:23:26 PM,KXATPCHALLENGERMATCH-26APR19ILASAM-ILA,52,800,51,194,50,983,49,1392,37,270,57,800,58,1188,59,800,61,1,63,1623,54.5
2026-04-18 01:23:26 PM,KXATPCHALLENGERMATCH-26APR19ILASAM-ILA,52,800,51,194,50,983,49,1392,37,270,56,881,57,800,58,1188,59,800,61,1,54.0
2026-04-18 01:23:26 PM,KXATPCHALLENGERMATCH-26APR19ILASAM-ILA,52,800,51,194,50,983,49,1392,37,270,56,881,57,1192,58,1188,59,800,61,1,54.0
2026-04-18 01:23:35 PM,KXATPCHALLENGERMATCH-26APR19ILASAM-ILA,52,800,51,194,50,983,49,1392,37,270,56,752,57,1192,58,1188,59,800,61,1,54.0
2026-04-18 01:23:35 PM,KXATPCHALLENGERMATCH-26APR19ILASAM-ILA,53,28,52,800,51,194,50,983,49,1392,56,752,57,1192,58,1188,59,800,61,1,54.5
2026-04-18 01:23:36 PM,KXATPCHALLENGERMATCH-26APR19ILASAM-ILA,53,28,52,800,51,194,50,983,49,1392,56,752,57,1192,58,1188,61,1,63,1623,54.5
2026-04-18 01:23:36 PM,KXATPCHALLENGERMATCH-26APR19ILASAM-ILA,53,28,52,800,51,194,50,983,49,1392,55,800,56,752,57,1192,58,1188,61,1,54.0
2026-04-18 01:24:15 PM,KXATPCHALLENGERMATCH-26APR19ILASAM-ILA,53,28,52,800,51,194,50,983,49,1392,55,801,56,752,57,1192,58,1188,61,1,54.0
2026-04-18 01:25:18 PM,KXATPCHALLENGERMATCH-26APR19ILASAM-ILA,53,28,52,800,51,194,50,983,49,1392,55,800,56,752,57,1192,58,1188,61,1,54.0
2026-04-18 01:35:19 PM,KXATPCHALLENGERMATCH-26APR19ILASAM-ILA,53,6,52,800,51,194,50,983,49,1392,55,800,56,752,57,1192,58,1188,61,1,54.0
2026-04-18 01:35:19 PM,KXATPCHALLENGERMATCH-26APR19ILASAM-ILA,53,6,52,800,51,194,50,983,49,1392,55,800,56,870,57,1192,58,1188,61,1,54.0
2026-04-18 01:35:27 PM,KXATPCHALLENGERMATCH-26APR19ILASAM-ILA,52,800,51,194,50,983,49,1392,37,270,55,800,56,870,57,1192,58,1188,61,1,53.5
2026-04-18 01:35:37 PM,KXATPCHALLENGERMATCH-26APR19ILASAM-ILA,52,800,51,194,50,183,49,1392,37,270,55,800,56,870,57,1192,58,1188,61,1,53.5
2026-04-18 01:35:37 PM,KXATPCHALLENGERMATCH-26APR19ILASAM-ILA,51,194,50,183,49,1392,37,270,26,385,55,800,56,870,57,1192,58,1188,61,1,53.0
2026-04-18 01:35:37 PM,KXATPCHALLENGERMATCH-26APR19ILASAM-ILA,51,194,50,183,49,1392,37,270,26,385,55,800,56,870,57,1192,58,388,61,1,53.0
2026-04-18 01:35:37 PM,KXATPCHALLENGERMATCH-26APR19ILASAM-ILA,51,994,50,183,49,1392,37,270,26,385,55,800,56,870,57,1192,58,388,61,1,53.0
2026-04-18 01:35:37 PM,KXATPCHALLENGERMATCH-26APR19ILASAM-ILA,51,994,50,183,49,1392,48,800,37,270,55,800,56,870,57,1192,58,388,61,1,53.0
2026-04-18 01:35:37 PM,KXATPCHALLENGERMATCH-26APR19ILASAM-ILA,51,994,50,183,49,1392,48,800,37,270,55,800,56,1670,57,1192,58,388,61,1,53.0
2026-04-18 01:43:59 PM,KXATPCHALLENGERMATCH-26APR19ILASAM-ILA,51,994,50,183,49,1392,48,800,37,270,55,840,56,1670,57,1192,58,388,61,1,53.0
2026-04-18 01:46:51 PM,KXATPCHALLENGERMATCH-26APR19ILASAM-ILA,51,994,50,183,49,1392,48,800,47,500,55,840,56,1670,57,1192,58,388,61,1,53.0
2026-04-18 01:51:20 PM,KXATPCHALLENGERMATCH-26APR19ILASAM-ILA,53,5,51,994,50,183,49,1392,48,800,55,840,56,1670,57,1192,58,388,61,1,54.0
2026-04-18 01:57:18 PM,KXATPCHALLENGERMATCH-26APR19ILASAM-ILA,51,994,50,183,49,1392,48,800,47,500,55,840,56,1670,57,1192,58,388,61,1,53.0
2026-04-18 02:11:42 PM,KXATPCHALLENGERMATCH-26APR19ILASAM-ILA,51,1008,50,183,49,1392,48,800,47,500,55,840,56,1670,57,1192,58,388,61,1,53.0
2026-04-18 02:11:42 PM,KXATPCHALLENGERMATCH-26APR19ILASAM-ILA,51,1008,50,192,49,1392,48,800,47,500,55,840,56,1670,57,1192,58,388,61,1,53.0
2026-04-18 02:11:42 PM,KXATPCHALLENGERMATCH-26APR19ILASAM-ILA,51,1008,50,192,49,1392,48,800,47,500,55,840,56,1684,57,1192,58,388,61,1,53.0
2026-04-18 02:11:42 PM,KXATPCHALLENGERMATCH-26APR19ILASAM-ILA,51,1008,50,192,49,1392,48,800,47,500,55,840,56,1684,57,1201,58,388,61,1,53.0
2026-04-18 02:22:57 PM,KXATPCHALLENGERMATCH-26APR19ILASAM-ILA,51,1008,50,192,49,1392,48,800,47,500,55,994,56,1684,57,1201,58,388,61,1,53.0
2026-04-18 02:28:56 PM,KXATPCHALLENGERMATCH-26APR19ILASAM-ILA,51,1008,50,192,49,1392,48,800,47,500,55,194,56,1684,57,1201,58,388,61,1,53.0
2026-04-18 02:28:56 PM,KXATPCHALLENGERMATCH-26APR19ILASAM-ILA,51,1008,50,192,49,1392,48,800,47,500,54,800,55,194,56,1684,57,1201,58,388,52.5
2026-04-18 02:28:56 PM,KXATPCHALLENGERMATCH-26APR19ILASAM-ILA,51,1008,50,192,49,1392,48,800,47,500,54,800,55,194,56,1684,57,1192,58,388,52.5
2026-04-18 02:28:56 PM,KXATPCHALLENGERMATCH-26APR19ILASAM-ILA,51,1008,50,192,49,1392,48,800,47,500,54,800,55,194,56,1670,57,1192,58,388,52.5
2026-04-18 02:28:57 PM,KXATPCHALLENGERMATCH-26APR19ILASAM-ILA,51,1008,50,192,49,1392,48,800,47,500,54,800,55,154,56,1670,57,1192,58,388,52.5
2026-04-18 02:28:57 PM,KXATPCHALLENGERMATCH-26APR19ILASAM-ILA,51,1008,50,192,49,1392,48,800,47,500,54,840,55,154,56,1670,57,1192,58,388,52.5
2026-04-18 02:28:57 PM,KXATPCHALLENGERMATCH-26APR19ILASAM-ILA,51,1008,50,192,49,1392,48,800,47,500,54,840,55,168,56,1670,57,1192,58,388,52.5
2026-04-18 02:28:57 PM,KXATPCHALLENGERMATCH-26APR19ILASAM-ILA,51,1008,50,192,49,1392,48,800,47,500,54,840,55,182,56,1670,57,1192,58,388,52.5
2026-04-18 02:28:58 PM,KXATPCHALLENGERMATCH-26APR19ILASAM-ILA,51,1008,50,192,49,1392,48,800,47,500,54,840,55,182,56,1679,57,1192,58,388,52.5
2026-04-18 02:28:58 PM,KXATPCHALLENGERMATCH-26APR19ILASAM-ILA,51,1008,50,192,49,1392,48,800,47,500,54,840,55,168,56,1679,57,1192,58,388,52.5
2026-04-18 03:04:12 PM,KXATPCHALLENGERMATCH-26APR19ILASAM-ILA,51,1008,50,192,49,1392,48,800,47,500,54,840,55,168,56,1678,57,1192,58,388,52.5
2026-04-18 03:08:20 PM,KXATPCHALLENGERMATCH-26APR19ILASAM-ILA,51,1008,50,192,49,1392,48,800,47,500,54,835,55,168,56,1678,57,1192,58,388,52.5
2026-04-18 03:08:21 PM,KXATPCHALLENGERMATCH-26APR19ILASAM-ILA,51,1008,50,192,49,1392,48,800,47,500,54,841,55,168,56,1678,57,1192,58,388,52.5
2026-04-18 03:13:47 PM,KXATPCHALLENGERMATCH-26APR19ILASAM-ILA,51,1008,50,192,49,1392,47,500,37,270,54,841,55,168,56,1678,57,1192,58,388,52.5
2026-04-18 03:13:47 PM,KXATPCHALLENGERMATCH-26APR19ILASAM-ILA,51,208,50,192,49,1392,47,500,37,270,54,841,55,168,56,1678,57,1192,58,388,52.5
2026-04-18 03:13:47 PM,KXATPCHALLENGERMATCH-26APR19ILASAM-ILA,51,208,50,192,49,1392,47,500,37,270,54,835,55,168,56,1678,57,1192,58,388,52.5
2026-04-18 03:13:47 PM,KXATPCHALLENGERMATCH-26APR19ILASAM-ILA,51,208,50,192,49,1392,47,500,37,270,54,41,55,168,56,1678,57,1192,58,388,52.5
2026-04-18 03:13:47 PM,KXATPCHALLENGERMATCH-26APR19ILASAM-ILA,51,208,50,192,49,1392,47,500,37,270,54,41,55,168,56,878,57,1192,58,388,52.5
2026-04-18 03:13:47 PM,KXATPCHALLENGERMATCH-26APR19ILASAM-ILA,51,208,50,992,49,1392,47,500,37,270,54,41,55,168,56,878,57,1192,58,388,52.5
2026-04-18 03:13:47 PM,KXATPCHALLENGERMATCH-26APR19ILASAM-ILA,52,800,51,208,50,992,49,1392,47,500,54,41,55,168,56,878,57,1192,58,388,53.0
2026-04-18 03:13:47 PM,KXATPCHALLENGERMATCH-26APR19ILASAM-ILA,52,800,51,208,50,992,49,1392,47,500,54,41,55,168,56,878,57,1192,58,1188,53.0
2026-04-18 03:13:47 PM,KXATPCHALLENGERMATCH-26APR19ILASAM-ILA,52,800,51,208,50,992,49,1392,47,500,54,41,55,968,56,878,57,1192,58,1188,53.0
2026-04-18 03:37:28 PM,KXATPCHALLENGERMATCH-26APR19ILASAM-ILA,52,800,51,208,50,992,49,1392,47,500,54,40,55,968,56,878,57,1192,58,1188,53.0,3892,4266,0.477
2026-04-18 03:56:55 PM,KXATPCHALLENGERMATCH-26APR19ILASAM-ILA,52,800,51,208,50,992,49,1392,47,500,54,40,55,968,56,878,57,1192,58,1188,53.0,3892,4266,0.477
2026-04-18 03:57:40 PM,KXATPCHALLENGERMATCH-26APR19ILASAM-ILA,52,800,51,208,50,992,49,1392,47,500,54,40,55,968,56,878,57,1192,58,1188,53.0,3892,4266,0.477
2026-04-18 04:07:19 PM,KXATPCHALLENGERMATCH-26APR19ILASAM-ILA,52,800,51,208,50,992,49,1392,47,500,54,40,55,968,56,878,57,1192,58,1188,53.0,3892,4266,0.477
2026-04-18 04:10:04 PM,KXATPCHALLENGERMATCH-26APR19ILASAM-ILA,52,800,51,208,50,983,49,1392,47,500,54,40,55,968,56,878,57,1192,58,1188,53.0,3883,4266,0.477
2026-04-18 04:10:04 PM,KXATPCHALLENGERMATCH-26APR19ILASAM-ILA,52,800,51,194,50,983,49,1392,47,500,54,40,55,968,56,878,57,1192,58,1188,53.0,3869,4266,0.476
2026-04-18 04:10:04 PM,KXATPCHALLENGERMATCH-26APR19ILASAM-ILA,52,800,51,194,50,983,49,1392,47,500,54,40,55,968,56,869,57,1192,58,1188,53.0,3869,4257,0.476
2026-04-18 04:10:04 PM,KXATPCHALLENGERMATCH-26APR19ILASAM-ILA,52,800,51,194,50,983,49,1392,47,500,54,40,55,954,56,869,57,1192,58,1188,53.0,3869,4243,0.477
2026-04-18 04:12:52 PM,KXATPCHALLENGERMATCH-26APR19ILASAM-ILA,52,800,51,208,50,983,49,1392,47,500,54,40,55,954,56,869,57,1192,58,1188,53.0,3883,4243,0.478
2026-04-18 04:12:52 PM,KXATPCHALLENGERMATCH-26APR19ILASAM-ILA,52,800,51,208,50,993,49,1392,47,500,54,40,55,954,56,869,57,1192,58,1188,53.0,3893,4243,0.478
2026-04-18 04:12:52 PM,KXATPCHALLENGERMATCH-26APR19ILASAM-ILA,52,800,51,208,50,993,49,1392,47,500,54,40,55,968,56,869,57,1192,58,1188,53.0,3893,4257,0.478
2026-04-18 04:12:52 PM,KXATPCHALLENGERMATCH-26APR19ILASAM-ILA,52,800,51,208,50,993,49,1392,47,500,54,40,55,968,56,879,57,1192,58,1188,53.0,3893,4267,0.477
2026-04-18 04:20:02 PM,KXATPCHALLENGERMATCH-26APR19ILASAM-ILA,52,800,51,218,50,993,49,1392,47,500,54,40,55,968,56,879,57,1192,58,1188,53.0,3903,4267,0.478
2026-04-18 04:20:02 PM,KXATPCHALLENGERMATCH-26APR19ILASAM-ILA,52,800,51,228,50,993,49,1392,47,500,54,40,55,968,56,879,57,1192,58,1188,53.0,3913,4267,0.478
2026-04-18 04:20:03 PM,KXATPCHALLENGERMATCH-26APR19ILASAM-ILA,52,800,51,228,50,993,49,1392,47,500,54,40,55,968,56,879,57,1202,58,1188,53.0,3913,4277,0.478
2026-04-18 04:20:03 PM,KXATPCHALLENGERMATCH-26APR19ILASAM-ILA,52,800,51,228,50,993,49,1392,47,500,54,40,55,968,56,879,57,1212,58,1188,53.0,3913,4287,0.477
2026-04-18 04:20:03 PM,KXATPCHALLENGERMATCH-26APR19ILASAM-ILA,52,800,51,228,50,993,49,1392,47,500,54,40,55,968,56,879,57,1222,58,1188,53.0,3913,4297,0.477
2026-04-18 04:47:36 PM,KXATPCHALLENGERMATCH-26APR19ILASAM-ILA,52,800,51,228,50,993,49,1392,47,500,54,40,55,968,56,879,57,1222,58,1188,53.0,3913,4297,0.477
