ts_et,ticker,bid_1,bid_1_sz,bid_2,bid_2_sz,bid_3,bid_3_sz,bid_4,bid_4_sz,bid_5,bid_5_sz,ask_1,ask_1_sz,ask_2,ask_2_sz,ask_3,ask_3_sz,ask_4,ask_4_sz,ask_5,ask_5_sz,mid
2026-04-18 10:13:44 AM,KXATPCHALLENGERMATCH-26APR18DANHYU-DAN,4,500,1,1826,,,,,,,96,500,99,1827,,,,,,,50.0
2026-04-18 10:14:08 AM,KXATPCHALLENGERMATCH-26APR18DANHYU-DAN,4,500,1,1826,,,,,,,94,350,96,500,99,1827,,,,,49.0
2026-04-18 10:14:16 AM,KXATPCHALLENGERMATCH-26APR18DANHYU-DAN,4,500,1,1826,,,,,,,94,350,96,500,98,3,99,1827,,,49.0
2026-04-18 10:16:20 AM,KXATPCHALLENGERMATCH-26APR18DANHYU-DAN,4,500,1,1826,,,,,,,94,350,95,10,96,500,98,3,99,1827,49.0
2026-04-18 10:19:22 AM,KXATPCHALLENGERMATCH-26APR18DANHYU-DAN,4,500,1,1826,,,,,,,94,350,95,10,96,500,97,2,98,3,49.0
2026-04-18 10:23:41 AM,KXATPCHALLENGERMATCH-26APR18DANHYU-DAN,4,500,1,1826,,,,,,,91,56,94,350,95,10,96,500,97,2,47.5
2026-04-18 10:24:27 AM,KXATPCHALLENGERMATCH-26APR18DANHYU-DAN,4,500,1,1826,,,,,,,91,56,94,350,95,11,96,500,97,2,47.5
2026-04-18 10:28:12 AM,KXATPCHALLENGERMATCH-26APR18DANHYU-DAN,4,500,1,3326,,,,,,,91,56,94,350,95,11,96,500,97,2,47.5
2026-04-18 10:28:13 AM,KXATPCHALLENGERMATCH-26APR18DANHYU-DAN,4,500,2,900,1,3326,,,,,91,56,94,350,95,11,96,500,97,2,47.5
2026-04-18 10:28:13 AM,KXATPCHALLENGERMATCH-26APR18DANHYU-DAN,4,500,3,540,2,900,1,3326,,,91,56,94,350,95,11,96,500,97,2,47.5
2026-04-18 10:28:13 AM,KXATPCHALLENGERMATCH-26APR18DANHYU-DAN,4,500,3,540,2,900,1,3326,,,91,56,94,350,95,11,96,500,97,74,47.5
2026-04-18 10:28:13 AM,KXATPCHALLENGERMATCH-26APR18DANHYU-DAN,4,823,3,540,2,900,1,3326,,,91,56,94,350,95,11,96,500,97,74,47.5
2026-04-18 10:28:13 AM,KXATPCHALLENGERMATCH-26APR18DANHYU-DAN,4,823,3,540,2,900,1,3326,,,91,56,94,350,95,11,96,543,97,74,47.5
2026-04-18 10:28:14 AM,KXATPCHALLENGERMATCH-26APR18DANHYU-DAN,5,194,4,823,3,540,2,900,1,3326,91,56,94,350,95,11,96,543,97,74,48.0
2026-04-18 10:28:14 AM,KXATPCHALLENGERMATCH-26APR18DANHYU-DAN,5,194,4,823,3,540,2,900,1,3326,91,56,94,350,95,36,96,543,97,74,48.0
2026-04-18 10:28:14 AM,KXATPCHALLENGERMATCH-26APR18DANHYU-DAN,6,116,5,194,4,823,3,540,2,900,91,56,94,350,95,36,96,543,97,74,48.5
2026-04-18 10:28:14 AM,KXATPCHALLENGERMATCH-26APR18DANHYU-DAN,6,116,5,194,4,823,3,540,2,900,91,56,94,365,95,36,96,543,97,74,48.5
2026-04-18 10:34:23 AM,KXATPCHALLENGERMATCH-26APR18DANHYU-DAN,6,116,5,194,4,823,3,540,2,900,91,56,94,365,95,36,96,543,97,84,48.5
2026-04-18 10:39:34 AM,KXATPCHALLENGERMATCH-26APR18DANHYU-DAN,6,116,5,194,4,823,3,540,2,900,94,365,95,36,96,543,97,84,98,123,50.0
2026-04-18 10:39:34 AM,KXATPCHALLENGERMATCH-26APR18DANHYU-DAN,6,116,5,194,4,823,3,540,2,900,94,261,95,36,96,543,97,84,98,123,50.0
2026-04-18 10:40:06 AM,KXATPCHALLENGERMATCH-26APR18DANHYU-DAN,6,116,5,194,4,823,3,540,2,900,94,331,95,36,96,543,97,84,98,123,50.0
2026-04-18 10:40:34 AM,KXATPCHALLENGERMATCH-26APR18DANHYU-DAN,6,116,5,194,4,823,3,540,2,900,94,261,95,36,96,543,97,84,98,123,50.0
2026-04-18 10:41:23 AM,KXATPCHALLENGERMATCH-26APR18DANHYU-DAN,6,116,5,194,4,823,3,540,2,900,94,461,95,36,96,543,97,84,98,123,50.0
2026-04-18 10:41:23 AM,KXATPCHALLENGERMATCH-26APR18DANHYU-DAN,6,316,5,194,4,823,3,540,2,900,94,461,95,36,96,543,97,84,98,123,50.0
2026-04-18 10:41:23 AM,KXATPCHALLENGERMATCH-26APR18DANHYU-DAN,6,116,5,194,4,823,3,540,2,900,94,461,95,36,96,543,97,84,98,123,50.0
2026-04-18 10:41:23 AM,KXATPCHALLENGERMATCH-26APR18DANHYU-DAN,6,316,5,194,4,823,3,540,2,900,94,461,95,36,96,543,97,84,98,123,50.0
2026-04-18 10:41:23 AM,KXATPCHALLENGERMATCH-26APR18DANHYU-DAN,6,116,5,194,4,823,3,540,2,900,94,461,95,36,96,543,97,84,98,123,50.0
2026-04-18 10:41:24 AM,KXATPCHALLENGERMATCH-26APR18DANHYU-DAN,6,316,5,194,4,823,3,540,2,900,94,461,95,36,96,543,97,84,98,123,50.0
2026-04-18 10:41:24 AM,KXATPCHALLENGERMATCH-26APR18DANHYU-DAN,6,116,5,194,4,823,3,540,2,900,94,461,95,36,96,543,97,84,98,123,50.0
2026-04-18 10:41:24 AM,KXATPCHALLENGERMATCH-26APR18DANHYU-DAN,6,316,5,194,4,823,3,540,2,900,94,461,95,36,96,543,97,84,98,123,50.0
2026-04-18 10:41:24 AM,KXATPCHALLENGERMATCH-26APR18DANHYU-DAN,6,116,5,194,4,823,3,540,2,900,94,461,95,36,96,543,97,84,98,123,50.0
2026-04-18 10:41:24 AM,KXATPCHALLENGERMATCH-26APR18DANHYU-DAN,6,316,5,194,4,823,3,540,2,900,94,461,95,36,96,543,97,84,98,123,50.0
2026-04-18 10:41:24 AM,KXATPCHALLENGERMATCH-26APR18DANHYU-DAN,6,116,5,194,4,823,3,540,2,900,94,461,95,36,96,543,97,84,98,123,50.0
2026-04-18 10:41:24 AM,KXATPCHALLENGERMATCH-26APR18DANHYU-DAN,6,316,5,194,4,823,3,540,2,900,94,461,95,36,96,543,97,84,98,123,50.0
2026-04-18 10:41:24 AM,KXATPCHALLENGERMATCH-26APR18DANHYU-DAN,6,116,5,194,4,823,3,540,2,900,94,461,95,36,96,543,97,84,98,123,50.0
2026-04-18 10:41:24 AM,KXATPCHALLENGERMATCH-26APR18DANHYU-DAN,6,316,5,194,4,823,3,540,2,900,94,461,95,36,96,543,97,84,98,123,50.0
2026-04-18 10:41:25 AM,KXATPCHALLENGERMATCH-26APR18DANHYU-DAN,6,116,5,194,4,823,3,540,2,900,94,461,95,36,96,543,97,84,98,123,50.0
2026-04-18 10:41:25 AM,KXATPCHALLENGERMATCH-26APR18DANHYU-DAN,6,316,5,194,4,823,3,540,2,900,94,461,95,36,96,543,97,84,98,123,50.0
2026-04-18 10:41:25 AM,KXATPCHALLENGERMATCH-26APR18DANHYU-DAN,6,116,5,194,4,823,3,540,2,900,94,461,95,36,96,543,97,84,98,123,50.0
2026-04-18 10:41:25 AM,KXATPCHALLENGERMATCH-26APR18DANHYU-DAN,6,316,5,194,4,823,3,540,2,900,94,461,95,36,96,543,97,84,98,123,50.0
2026-04-18 10:41:25 AM,KXATPCHALLENGERMATCH-26APR18DANHYU-DAN,6,116,5,194,4,823,3,540,2,900,94,461,95,36,96,543,97,84,98,123,50.0
2026-04-18 10:41:25 AM,KXATPCHALLENGERMATCH-26APR18DANHYU-DAN,6,316,5,194,4,823,3,540,2,900,94,461,95,36,96,543,97,84,98,123,50.0
2026-04-18 10:44:22 AM,KXATPCHALLENGERMATCH-26APR18DANHYU-DAN,6,316,5,194,4,823,3,540,2,900,94,261,95,36,96,543,97,84,98,123,50.0
2026-04-18 10:44:22 AM,KXATPCHALLENGERMATCH-26APR18DANHYU-DAN,6,116,5,194,4,823,3,540,2,900,94,261,95,36,96,543,97,84,98,123,50.0
2026-04-18 10:44:22 AM,KXATPCHALLENGERMATCH-26APR18DANHYU-DAN,6,316,5,194,4,823,3,540,2,900,94,261,95,36,96,543,97,84,98,123,50.0
2026-04-18 10:45:37 AM,KXATPCHALLENGERMATCH-26APR18DANHYU-DAN,6,316,5,194,4,823,3,540,2,900,94,261,95,36,96,543,97,84,98,245,50.0
2026-04-18 10:50:23 AM,KXATPCHALLENGERMATCH-26APR18DANHYU-DAN,85,400,6,316,5,194,4,823,3,540,94,261,95,36,96,543,97,84,98,245,89.5
2026-04-18 10:50:59 AM,KXATPCHALLENGERMATCH-26APR18DANHYU-DAN,85,400,6,316,5,194,4,823,3,540,94,16,95,36,96,543,97,84,98,245,89.5
2026-04-18 10:50:59 AM,KXATPCHALLENGERMATCH-26APR18DANHYU-DAN,85,400,6,316,5,194,4,823,3,540,94,2,95,36,96,543,97,84,98,245,89.5
2026-04-18 10:51:16 AM,KXATPCHALLENGERMATCH-26APR18DANHYU-DAN,86,14,85,400,6,316,5,194,4,823,94,2,95,36,96,543,97,84,98,245,90.0
2026-04-18 10:51:18 AM,KXATPCHALLENGERMATCH-26APR18DANHYU-DAN,86,14,85,400,6,316,5,194,4,823,94,72,95,36,96,543,97,84,98,245,90.0
2026-04-18 10:52:19 AM,KXATPCHALLENGERMATCH-26APR18DANHYU-DAN,86,14,85,400,6,316,5,194,4,823,94,2,95,36,96,543,97,84,98,245,90.0
2026-04-18 10:53:25 AM,KXATPCHALLENGERMATCH-26APR18DANHYU-DAN,86,14,85,400,6,316,5,194,4,823,94,2,95,36,96,543,97,84,98,319,90.0
2026-04-18 10:53:40 AM,KXATPCHALLENGERMATCH-26APR18DANHYU-DAN,86,14,85,400,7,100,6,316,5,194,94,2,95,36,96,543,97,84,98,319,90.0
2026-04-18 10:53:41 AM,KXATPCHALLENGERMATCH-26APR18DANHYU-DAN,86,14,85,400,76,60,7,100,6,316,94,2,95,36,96,543,97,84,98,319,90.0
2026-04-18 10:53:41 AM,KXATPCHALLENGERMATCH-26APR18DANHYU-DAN,86,14,85,400,76,120,7,100,6,316,94,2,95,36,96,543,97,84,98,319,90.0
2026-04-18 10:53:42 AM,KXATPCHALLENGERMATCH-26APR18DANHYU-DAN,86,14,85,400,76,120,7,200,6,316,94,2,95,36,96,543,97,84,98,319,90.0
2026-04-18 10:55:13 AM,KXATPCHALLENGERMATCH-26APR18DANHYU-DAN,86,14,85,400,76,120,7,200,6,316,94,37,95,36,96,543,97,84,98,319,90.0
2026-04-18 10:55:13 AM,KXATPCHALLENGERMATCH-26APR18DANHYU-DAN,86,49,85,400,76,120,7,200,6,316,94,37,95,36,96,543,97,84,98,319,90.0
2026-04-18 10:55:13 AM,KXATPCHALLENGERMATCH-26APR18DANHYU-DAN,86,49,85,400,76,120,7,200,6,316,94,37,95,36,96,543,97,84,98,245,90.0
2026-04-18 10:55:13 AM,KXATPCHALLENGERMATCH-26APR18DANHYU-DAN,86,49,85,400,76,120,7,200,6,316,94,37,95,153,96,543,97,84,98,245,90.0
2026-04-18 10:56:24 AM,KXATPCHALLENGERMATCH-26APR18DANHYU-DAN,86,49,85,400,76,120,7,200,6,116,94,37,95,153,96,543,97,84,98,245,90.0
2026-04-18 10:56:24 AM,KXATPCHALLENGERMATCH-26APR18DANHYU-DAN,86,49,85,400,76,120,7,200,6,116,94,37,95,36,96,543,97,84,98,245,90.0
2026-04-18 10:56:40 AM,KXATPCHALLENGERMATCH-26APR18DANHYU-DAN,86,49,85,400,76,60,7,200,6,116,94,37,95,36,96,543,97,84,98,245,90.0
2026-04-18 10:56:40 AM,KXATPCHALLENGERMATCH-26APR18DANHYU-DAN,86,49,85,400,76,60,7,100,6,116,94,37,95,36,96,543,97,84,98,245,90.0
2026-04-18 10:56:40 AM,KXATPCHALLENGERMATCH-26APR18DANHYU-DAN,86,49,85,400,7,100,6,116,5,194,94,37,95,36,96,543,97,84,98,245,90.0
2026-04-18 10:56:40 AM,KXATPCHALLENGERMATCH-26APR18DANHYU-DAN,86,49,85,400,6,116,5,194,4,823,94,37,95,36,96,543,97,84,98,245,90.0
2026-04-18 10:59:15 AM,KXATPCHALLENGERMATCH-26APR18DANHYU-DAN,86,49,85,400,6,116,5,194,4,823,94,2,95,36,96,543,97,84,98,245,90.0
2026-04-18 10:59:15 AM,KXATPCHALLENGERMATCH-26APR18DANHYU-DAN,86,14,85,400,6,116,5,194,4,823,94,2,95,36,96,543,97,84,98,245,90.0
2026-04-18 11:00:14 AM,KXATPCHALLENGERMATCH-26APR18DANHYU-DAN,86,14,85,400,7,100,6,116,5,194,94,2,95,36,96,543,97,84,98,245,90.0
2026-04-18 11:00:15 AM,KXATPCHALLENGERMATCH-26APR18DANHYU-DAN,86,14,85,400,7,100,6,116,5,194,94,2,95,536,96,543,97,84,98,245,90.0
2026-04-18 11:00:19 AM,KXATPCHALLENGERMATCH-26APR18DANHYU-DAN,86,14,85,400,7,100,6,116,5,194,94,2,95,36,96,543,97,84,98,245,90.0
2026-04-18 11:00:19 AM,KXATPCHALLENGERMATCH-26APR18DANHYU-DAN,86,14,85,400,6,116,5,194,4,823,94,2,95,36,96,543,97,84,98,245,90.0
2026-04-18 11:06:59 AM,KXATPCHALLENGERMATCH-26APR18DANHYU-DAN,87,1,86,14,85,400,6,116,5,194,94,2,95,36,96,543,97,84,98,245,90.5
2026-04-18 11:07:02 AM,KXATPCHALLENGERMATCH-26APR18DANHYU-DAN,87,1,86,14,85,400,6,116,5,194,94,2,95,27,96,543,97,84,98,245,90.5
2026-04-18 11:07:23 AM,KXATPCHALLENGERMATCH-26APR18DANHYU-DAN,87,1,86,14,85,400,7,6831,6,116,94,2,95,27,96,543,97,84,98,245,90.5
2026-04-18 11:11:29 AM,KXATPCHALLENGERMATCH-26APR18DANHYU-DAN,87,1,86,14,85,400,7,6831,6,116,94,2,95,26,96,543,97,84,98,245,90.5
2026-04-18 11:13:27 AM,KXATPCHALLENGERMATCH-26APR18DANHYU-DAN,87,1,86,14,85,400,8,198,7,6831,94,2,95,26,96,543,97,84,98,245,90.5
2026-04-18 11:13:27 AM,KXATPCHALLENGERMATCH-26APR18DANHYU-DAN,87,1,86,14,85,400,8,198,7,6917,94,2,95,26,96,543,97,84,98,245,90.5
2026-04-18 11:15:26 AM,KXATPCHALLENGERMATCH-26APR18DANHYU-DAN,88,9,87,1,86,14,85,400,8,198,94,2,95,26,96,543,97,84,98,245,91.0
2026-04-18 11:35:13 AM,KXATPCHALLENGERMATCH-26APR18DANHYU-DAN,88,9,87,1,86,14,85,400,8,198,94,2,95,25,96,543,97,84,98,245,91.0
2026-04-18 11:35:13 AM,KXATPCHALLENGERMATCH-26APR18DANHYU-DAN,88,9,87,1,86,14,85,400,8,198,94,2,96,543,97,84,98,245,99,4053,91.0
2026-04-18 11:35:13 AM,KXATPCHALLENGERMATCH-26APR18DANHYU-DAN,88,9,87,1,86,14,85,400,8,198,94,2,96,43,97,84,98,245,99,4053,91.0
2026-04-18 11:35:13 AM,KXATPCHALLENGERMATCH-26APR18DANHYU-DAN,88,9,87,1,86,14,85,400,8,198,94,2,97,84,98,245,99,4053,,,91.0
2026-04-18 11:35:13 AM,KXATPCHALLENGERMATCH-26APR18DANHYU-DAN,88,9,87,1,86,14,85,400,8,198,94,2,96,116,97,84,98,245,99,4053,91.0
2026-04-18 11:35:13 AM,KXATPCHALLENGERMATCH-26APR18DANHYU-DAN,88,9,87,1,86,14,85,400,8,198,94,2,96,300,97,84,98,245,99,4053,91.0
2026-04-18 11:35:20 AM,KXATPCHALLENGERMATCH-26APR18DANHYU-DAN,88,9,87,1,86,14,85,400,9,100,94,2,96,300,97,84,98,245,99,4053,91.0
2026-04-18 11:35:20 AM,KXATPCHALLENGERMATCH-26APR18DANHYU-DAN,88,9,87,1,86,14,85,400,10,193,94,2,96,300,97,84,98,245,99,4053,91.0
2026-04-18 11:35:20 AM,KXATPCHALLENGERMATCH-26APR18DANHYU-DAN,88,9,87,1,86,14,85,400,11,100,94,2,96,300,97,84,98,245,99,4053,91.0
2026-04-18 11:35:20 AM,KXATPCHALLENGERMATCH-26APR18DANHYU-DAN,88,9,87,1,86,14,85,400,11,193,94,2,96,300,97,84,98,245,99,4053,91.0
2026-04-18 11:35:21 AM,KXATPCHALLENGERMATCH-26APR18DANHYU-DAN,88,9,87,1,86,14,85,400,78,60,94,2,96,300,97,84,98,245,99,4053,91.0
2026-04-18 11:35:22 AM,KXATPCHALLENGERMATCH-26APR18DANHYU-DAN,88,9,87,1,86,14,85,400,78,120,94,2,96,300,97,84,98,245,99,4053,91.0
2026-04-18 11:35:27 AM,KXATPCHALLENGERMATCH-26APR18DANHYU-DAN,88,9,87,1,86,14,85,400,78,120,94,2,96,319,97,84,98,245,99,4053,91.0
2026-04-18 11:35:28 AM,KXATPCHALLENGERMATCH-26APR18DANHYU-DAN,88,9,87,1,86,14,85,400,78,120,94,2,96,319,97,84,98,245,99,4048,91.0
2026-04-18 11:35:31 AM,KXATPCHALLENGERMATCH-26APR18DANHYU-DAN,89,68,88,9,87,1,86,14,85,400,94,2,96,319,97,84,98,245,99,4048,91.5
2026-04-18 11:35:31 AM,KXATPCHALLENGERMATCH-26APR18DANHYU-DAN,89,68,88,9,87,1,86,14,85,400,94,2,96,300,97,84,98,245,99,4048,91.5
2026-04-18 11:35:34 AM,KXATPCHALLENGERMATCH-26APR18DANHYU-DAN,89,68,88,9,87,1,86,14,85,400,94,2,96,300,97,200,98,245,99,4048,91.5
2026-04-18 11:35:38 AM,KXATPCHALLENGERMATCH-26APR18DANHYU-DAN,89,68,88,9,87,1,86,14,85,400,94,2,96,325,97,200,98,245,99,4048,91.5
2026-04-18 11:37:00 AM,KXATPCHALLENGERMATCH-26APR18DANHYU-DAN,89,68,88,9,87,1,86,14,85,400,94,2,96,325,97,200,98,280,99,4048,91.5
2026-04-18 11:39:57 AM,KXATPCHALLENGERMATCH-26APR18DANHYU-DAN,89,68,88,9,87,1,86,14,85,400,94,2,96,300,97,200,98,280,99,4048,91.5
2026-04-18 11:41:06 AM,KXATPCHALLENGERMATCH-26APR18DANHYU-DAN,89,68,88,9,87,1,86,14,85,400,94,2,96,300,97,200,98,245,99,4048,91.5
2026-04-18 11:41:35 AM,KXATPCHALLENGERMATCH-26APR18DANHYU-DAN,89,68,88,9,87,1,86,14,85,400,94,2,96,300,97,84,98,245,99,4048,91.5
2026-04-18 11:42:14 AM,KXATPCHALLENGERMATCH-26APR18DANHYU-DAN,89,68,88,9,87,1,86,14,85,400,94,2,96,299,97,84,98,245,99,4048,91.5
2026-04-18 11:42:14 AM,KXATPCHALLENGERMATCH-26APR18DANHYU-DAN,89,68,88,9,87,1,86,14,85,400,94,2,97,84,98,245,99,4048,,,91.5
2026-04-18 11:42:14 AM,KXATPCHALLENGERMATCH-26APR18DANHYU-DAN,89,68,88,9,87,1,86,14,85,400,94,2,96,115,97,84,98,245,99,4048,91.5
2026-04-18 11:42:15 AM,KXATPCHALLENGERMATCH-26APR18DANHYU-DAN,89,68,88,9,87,1,86,14,85,400,94,2,96,300,97,84,98,245,99,4048,91.5
2026-04-18 11:42:15 AM,KXATPCHALLENGERMATCH-26APR18DANHYU-DAN,89,68,88,9,87,1,86,14,85,400,94,2,97,84,98,245,99,4048,,,91.5
2026-04-18 11:42:15 AM,KXATPCHALLENGERMATCH-26APR18DANHYU-DAN,89,68,88,9,87,1,86,14,85,400,94,2,95,115,97,84,98,245,99,4048,91.5
2026-04-18 11:42:57 AM,KXATPCHALLENGERMATCH-26APR18DANHYU-DAN,89,68,88,9,87,1,86,14,85,400,94,2,95,116,97,84,98,245,99,4048,91.5
2026-04-18 11:42:59 AM,KXATPCHALLENGERMATCH-26APR18DANHYU-DAN,89,68,88,9,87,1,86,14,85,400,94,2,95,117,97,84,98,245,99,4048,91.5
2026-04-18 11:43:48 AM,KXATPCHALLENGERMATCH-26APR18DANHYU-DAN,89,68,88,9,87,1,86,14,85,400,94,2,95,116,97,84,98,245,99,4048,91.5
2026-04-18 11:43:48 AM,KXATPCHALLENGERMATCH-26APR18DANHYU-DAN,89,68,88,9,87,1,86,14,85,400,94,2,95,115,97,84,98,245,99,4048,91.5
2026-04-18 11:46:29 AM,KXATPCHALLENGERMATCH-26APR18DANHYU-DAN,89,68,88,9,87,1,86,14,85,400,94,2,95,115,97,84,98,245,99,4053,91.5
2026-04-18 11:46:59 AM,KXATPCHALLENGERMATCH-26APR18DANHYU-DAN,89,68,88,9,87,1,86,14,85,400,94,2,95,115,97,84,98,245,99,4048,91.5
2026-04-18 11:51:14 AM,KXATPCHALLENGERMATCH-26APR18DANHYU-DAN,89,68,88,9,87,1,86,14,85,400,94,2,95,115,97,84,98,245,99,4053,91.5
2026-04-18 11:51:44 AM,KXATPCHALLENGERMATCH-26APR18DANHYU-DAN,89,68,88,9,87,1,86,14,85,400,94,2,95,115,97,84,98,245,99,4048,91.5
2026-04-18 11:53:26 AM,KXATPCHALLENGERMATCH-26APR18DANHYU-DAN,89,68,88,9,87,1,86,14,85,400,94,2,95,95,97,84,98,245,99,4048,91.5
2026-04-18 11:53:26 AM,KXATPCHALLENGERMATCH-26APR18DANHYU-DAN,89,68,88,9,87,1,86,14,85,400,94,2,95,1,97,84,98,245,99,4048,91.5
2026-04-18 11:53:26 AM,KXATPCHALLENGERMATCH-26APR18DANHYU-DAN,89,68,88,9,87,1,86,14,85,400,94,2,95,1,96,94,97,84,98,245,91.5
2026-04-18 11:53:26 AM,KXATPCHALLENGERMATCH-26APR18DANHYU-DAN,89,68,88,9,87,1,86,14,85,400,94,2,95,1,96,300,97,84,98,245,91.5
2026-04-18 11:54:07 AM,KXATPCHALLENGERMATCH-26APR18DANHYU-DAN,89,68,88,9,87,1,86,14,85,400,94,2,95,1,96,301,97,84,98,245,91.5
2026-04-18 11:55:12 AM,KXATPCHALLENGERMATCH-26APR18DANHYU-DAN,89,68,88,9,87,1,86,14,85,400,94,2,95,1,96,300,97,84,98,245,91.5
2026-04-18 11:56:32 AM,KXATPCHALLENGERMATCH-26APR18DANHYU-DAN,89,68,88,9,87,1,86,14,85,400,94,2,95,1,96,299,97,84,98,245,91.5
2026-04-18 11:56:32 AM,KXATPCHALLENGERMATCH-26APR18DANHYU-DAN,89,68,88,9,87,1,86,14,85,400,94,2,95,1,97,84,98,245,99,4048,91.5
2026-04-18 11:56:32 AM,KXATPCHALLENGERMATCH-26APR18DANHYU-DAN,89,68,88,9,87,1,86,14,85,400,94,2,95,1,96,93,97,84,98,245,91.5
2026-04-18 11:56:32 AM,KXATPCHALLENGERMATCH-26APR18DANHYU-DAN,89,68,88,9,87,1,86,14,85,400,94,2,95,1,96,300,97,84,98,245,91.5
2026-04-18 12:09:19 PM,KXATPCHALLENGERMATCH-26APR18DANHYU-DAN,89,77,88,9,87,1,86,14,85,400,94,2,95,1,96,300,97,84,98,245,91.5
2026-04-18 12:09:19 PM,KXATPCHALLENGERMATCH-26APR18DANHYU-DAN,89,77,88,27,87,1,86,14,85,400,94,2,95,1,96,300,97,84,98,245,91.5
2026-04-18 12:09:19 PM,KXATPCHALLENGERMATCH-26APR18DANHYU-DAN,89,77,88,27,87,1,86,14,85,400,94,2,95,28,96,300,97,84,98,245,91.5
2026-04-18 12:09:19 PM,KXATPCHALLENGERMATCH-26APR18DANHYU-DAN,89,77,88,27,87,1,86,14,85,400,94,2,95,28,96,318,97,84,98,245,91.5
2026-04-18 12:09:19 PM,KXATPCHALLENGERMATCH-26APR18DANHYU-DAN,89,77,88,27,87,1,86,14,85,400,94,2,95,28,96,18,97,84,98,245,91.5
2026-04-18 12:09:20 PM,KXATPCHALLENGERMATCH-26APR18DANHYU-DAN,89,77,88,27,87,1,86,14,85,400,94,2,95,1,96,18,97,84,98,245,91.5
2026-04-18 12:09:20 PM,KXATPCHALLENGERMATCH-26APR18DANHYU-DAN,89,77,88,27,87,1,86,14,85,400,94,11,95,1,96,18,97,84,98,245,91.5
2026-04-18 12:09:20 PM,KXATPCHALLENGERMATCH-26APR18DANHYU-DAN,89,77,88,27,87,1,86,14,85,400,94,2,95,1,96,18,97,84,98,245,91.5
2026-04-18 12:09:20 PM,KXATPCHALLENGERMATCH-26APR18DANHYU-DAN,89,77,88,27,87,1,86,14,85,400,94,11,95,1,96,18,97,84,98,245,91.5
2026-04-18 12:09:20 PM,KXATPCHALLENGERMATCH-26APR18DANHYU-DAN,89,77,88,27,87,1,86,14,85,400,94,11,95,1,96,36,97,84,98,245,91.5
2026-04-18 12:09:21 PM,KXATPCHALLENGERMATCH-26APR18DANHYU-DAN,89,77,88,27,87,1,86,14,85,400,94,11,95,1,96,36,97,102,98,245,91.5
2026-04-18 12:09:21 PM,KXATPCHALLENGERMATCH-26APR18DANHYU-DAN,89,77,88,27,87,1,86,14,85,400,94,2,95,1,96,36,97,102,98,245,91.5
2026-04-18 12:10:11 PM,KXATPCHALLENGERMATCH-26APR18DANHYU-DAN,89,77,88,27,87,1,86,14,85,400,94,2,95,1,96,18,97,102,98,245,91.5
2026-04-18 12:10:11 PM,KXATPCHALLENGERMATCH-26APR18DANHYU-DAN,89,77,88,27,87,1,86,14,85,400,94,2,95,1,96,16,97,102,98,245,91.5
2026-04-18 12:10:11 PM,KXATPCHALLENGERMATCH-26APR18DANHYU-DAN,89,84,88,27,87,1,86,14,85,400,94,2,95,1,96,16,97,102,98,245,91.5
2026-04-18 12:10:11 PM,KXATPCHALLENGERMATCH-26APR18DANHYU-DAN,89,84,88,27,87,1,86,14,85,400,94,2,95,1,96,36,97,102,98,245,91.5
2026-04-18 12:10:19 PM,KXATPCHALLENGERMATCH-26APR18DANHYU-DAN,90,1,89,84,88,27,87,1,86,14,94,2,95,1,96,36,97,102,98,245,92.0
2026-04-18 12:10:20 PM,KXATPCHALLENGERMATCH-26APR18DANHYU-DAN,90,1,89,84,88,9,87,1,86,14,94,2,95,1,96,36,97,102,98,245,92.0
2026-04-18 12:10:20 PM,KXATPCHALLENGERMATCH-26APR18DANHYU-DAN,90,14,89,84,88,9,87,1,86,14,94,2,95,1,96,36,97,102,98,245,92.0
2026-04-18 12:10:56 PM,KXATPCHALLENGERMATCH-26APR18DANHYU-DAN,90,14,89,84,88,9,87,1,86,14,94,2,95,5,96,36,97,102,98,245,92.0
2026-04-18 12:10:56 PM,KXATPCHALLENGERMATCH-26APR18DANHYU-DAN,90,14,89,84,88,9,87,1,86,14,94,2,95,5,96,36,97,84,98,245,92.0
2026-04-18 12:10:56 PM,KXATPCHALLENGERMATCH-26APR18DANHYU-DAN,90,14,89,84,88,9,87,1,86,14,94,38,95,5,96,36,97,84,98,245,92.0
2026-04-18 12:10:56 PM,KXATPCHALLENGERMATCH-26APR18DANHYU-DAN,90,14,89,84,88,9,87,1,86,14,94,38,95,84,96,36,97,84,98,245,92.0
2026-04-18 12:10:56 PM,KXATPCHALLENGERMATCH-26APR18DANHYU-DAN,90,14,89,84,88,9,87,1,86,14,94,38,95,1,96,36,97,84,98,245,92.0
2026-04-18 12:10:57 PM,KXATPCHALLENGERMATCH-26APR18DANHYU-DAN,90,14,89,84,88,9,87,1,86,14,94,38,95,1,96,71,97,84,98,245,92.0
2026-04-18 12:10:57 PM,KXATPCHALLENGERMATCH-26APR18DANHYU-DAN,90,14,89,84,88,9,87,1,86,14,94,2,95,1,96,71,97,84,98,245,92.0
2026-04-18 12:10:57 PM,KXATPCHALLENGERMATCH-26APR18DANHYU-DAN,90,14,89,84,88,9,87,1,86,14,94,2,95,30,96,71,97,84,98,245,92.0
2026-04-18 12:10:57 PM,KXATPCHALLENGERMATCH-26APR18DANHYU-DAN,90,14,89,84,88,9,87,1,86,14,94,2,95,108,96,71,97,84,98,245,92.0
2026-04-18 12:10:57 PM,KXATPCHALLENGERMATCH-26APR18DANHYU-DAN,90,14,89,84,88,9,87,1,86,14,94,2,95,108,96,55,97,84,98,245,92.0
2026-04-18 12:10:57 PM,KXATPCHALLENGERMATCH-26APR18DANHYU-DAN,90,14,89,84,88,9,87,1,86,14,94,2,95,108,96,35,97,84,98,245,92.0
2026-04-18 12:10:57 PM,KXATPCHALLENGERMATCH-26APR18DANHYU-DAN,90,14,89,84,88,9,87,1,86,14,94,38,95,108,96,35,97,84,98,245,92.0
2026-04-18 12:10:57 PM,KXATPCHALLENGERMATCH-26APR18DANHYU-DAN,90,14,89,84,88,9,87,1,86,14,94,38,95,1,96,35,97,84,98,245,92.0
2026-04-18 12:10:58 PM,KXATPCHALLENGERMATCH-26APR18DANHYU-DAN,90,14,89,84,88,9,87,1,86,14,94,38,95,1,96,71,97,84,98,245,92.0
2026-04-18 12:10:58 PM,KXATPCHALLENGERMATCH-26APR18DANHYU-DAN,90,14,89,84,88,9,87,1,86,14,94,38,95,1,96,71,97,102,98,245,92.0
2026-04-18 12:10:58 PM,KXATPCHALLENGERMATCH-26APR18DANHYU-DAN,90,14,89,84,88,9,87,1,86,14,94,2,95,1,96,71,97,102,98,245,92.0
2026-04-18 12:10:58 PM,KXATPCHALLENGERMATCH-26APR18DANHYU-DAN,90,14,89,84,88,9,87,1,86,14,94,2,95,30,96,71,97,102,98,245,92.0
2026-04-18 12:10:58 PM,KXATPCHALLENGERMATCH-26APR18DANHYU-DAN,90,14,89,84,88,9,87,1,86,14,94,2,95,108,96,71,97,102,98,245,92.0
2026-04-18 12:10:58 PM,KXATPCHALLENGERMATCH-26APR18DANHYU-DAN,90,14,89,84,88,9,87,1,86,14,94,2,95,1,96,71,97,102,98,245,92.0
2026-04-18 12:10:58 PM,KXATPCHALLENGERMATCH-26APR18DANHYU-DAN,90,14,89,84,88,9,87,1,86,14,94,31,95,1,96,71,97,102,98,245,92.0
2026-04-18 12:10:58 PM,KXATPCHALLENGERMATCH-26APR18DANHYU-DAN,90,14,89,84,88,9,87,1,86,14,94,67,95,1,96,71,97,102,98,245,92.0
2026-04-18 12:10:58 PM,KXATPCHALLENGERMATCH-26APR18DANHYU-DAN,90,14,89,84,88,9,87,1,86,14,94,67,95,1,96,71,97,84,98,245,92.0
2026-04-18 12:10:58 PM,KXATPCHALLENGERMATCH-26APR18DANHYU-DAN,90,14,89,84,88,9,87,1,86,14,94,67,95,1,96,36,97,84,98,245,92.0
2026-04-18 12:11:03 PM,KXATPCHALLENGERMATCH-26APR18DANHYU-DAN,90,14,89,84,88,9,87,1,86,14,94,62,95,1,96,36,97,84,98,245,92.0
2026-04-18 12:11:04 PM,KXATPCHALLENGERMATCH-26APR18DANHYU-DAN,90,14,89,84,88,9,87,1,86,14,94,26,95,1,96,36,97,84,98,245,92.0
2026-04-18 12:11:04 PM,KXATPCHALLENGERMATCH-26APR18DANHYU-DAN,90,14,89,84,88,9,87,1,86,14,94,45,95,1,96,36,97,84,98,245,92.0
2026-04-18 12:11:04 PM,KXATPCHALLENGERMATCH-26APR18DANHYU-DAN,90,14,89,84,88,9,87,1,86,14,94,47,95,1,96,36,97,84,98,245,92.0
2026-04-18 12:11:04 PM,KXATPCHALLENGERMATCH-26APR18DANHYU-DAN,90,14,89,84,88,9,87,1,86,14,94,29,95,1,96,36,97,84,98,245,92.0
2026-04-18 12:11:39 PM,KXATPCHALLENGERMATCH-26APR18DANHYU-DAN,90,14,89,84,87,1,86,14,85,400,94,29,95,1,96,36,97,84,98,245,92.0
2026-04-18 12:12:35 PM,KXATPCHALLENGERMATCH-26APR18DANHYU-DAN,90,14,89,84,87,1,86,14,85,400,94,22,95,1,96,36,97,84,98,245,92.0
2026-04-18 12:12:36 PM,KXATPCHALLENGERMATCH-26APR18DANHYU-DAN,90,20,89,84,87,1,86,14,85,400,94,22,95,1,96,36,97,84,98,245,92.0
2026-04-18 12:13:07 PM,KXATPCHALLENGERMATCH-26APR18DANHYU-DAN,90,20,89,16,87,1,86,14,85,400,94,22,95,1,96,36,97,84,98,245,92.0
2026-04-18 12:13:07 PM,KXATPCHALLENGERMATCH-26APR18DANHYU-DAN,90,88,89,16,87,1,86,14,85,400,94,22,95,1,96,36,97,84,98,245,92.0
2026-04-18 12:13:07 PM,KXATPCHALLENGERMATCH-26APR18DANHYU-DAN,90,88,89,7,87,1,86,14,85,400,94,22,95,1,96,36,97,84,98,245,92.0
2026-04-18 12:13:07 PM,KXATPCHALLENGERMATCH-26APR18DANHYU-DAN,90,88,87,1,86,14,85,400,14,176,94,22,95,1,96,36,97,84,98,245,92.0
2026-04-18 12:13:07 PM,KXATPCHALLENGERMATCH-26APR18DANHYU-DAN,90,88,88,1,87,1,86,14,85,400,94,22,95,1,96,36,97,84,98,245,92.0
2026-04-18 12:13:07 PM,KXATPCHALLENGERMATCH-26APR18DANHYU-DAN,90,88,88,1,86,14,85,400,14,176,94,22,95,1,96,36,97,84,98,245,92.0
2026-04-18 12:13:07 PM,KXATPCHALLENGERMATCH-26APR18DANHYU-DAN,90,89,88,1,86,14,85,400,14,176,94,22,95,1,96,36,97,84,98,245,92.0
2026-04-18 12:13:07 PM,KXATPCHALLENGERMATCH-26APR18DANHYU-DAN,90,89,88,1,85,400,14,176,13,103,94,22,95,1,96,36,97,84,98,245,92.0
2026-04-18 12:13:07 PM,KXATPCHALLENGERMATCH-26APR18DANHYU-DAN,90,103,88,1,85,400,14,176,13,103,94,22,95,1,96,36,97,84,98,245,92.0
2026-04-18 12:13:08 PM,KXATPCHALLENGERMATCH-26APR18DANHYU-DAN,90,103,88,1,86,7,85,400,14,176,94,22,95,1,96,36,97,84,98,245,92.0
2026-04-18 12:13:08 PM,KXATPCHALLENGERMATCH-26APR18DANHYU-DAN,90,103,86,7,85,400,14,176,13,103,94,22,95,1,96,36,97,84,98,245,92.0
2026-04-18 12:13:56 PM,KXATPCHALLENGERMATCH-26APR18DANHYU-DAN,90,103,86,8,85,400,14,176,13,103,94,22,95,1,96,36,97,84,98,245,92.0
2026-04-18 12:13:57 PM,KXATPCHALLENGERMATCH-26APR18DANHYU-DAN,90,103,86,73,85,400,14,176,13,103,94,22,95,1,96,36,97,84,98,245,92.0
2026-04-18 12:15:20 PM,KXATPCHALLENGERMATCH-26APR18DANHYU-DAN,90,103,86,73,85,400,50,55,14,176,94,22,95,1,96,36,97,84,98,245,92.0
2026-04-18 12:15:31 PM,KXATPCHALLENGERMATCH-26APR18DANHYU-DAN,91,9,90,103,86,73,85,400,50,55,94,22,95,1,96,36,97,84,98,245,92.5
2026-04-18 12:15:31 PM,KXATPCHALLENGERMATCH-26APR18DANHYU-DAN,91,9,90,103,86,66,85,400,50,55,94,22,95,1,96,36,97,84,98,245,92.5
2026-04-18 12:15:31 PM,KXATPCHALLENGERMATCH-26APR18DANHYU-DAN,91,9,90,103,86,65,85,400,50,55,94,22,95,1,96,36,97,84,98,245,92.5
2026-04-18 12:15:31 PM,KXATPCHALLENGERMATCH-26APR18DANHYU-DAN,91,9,90,103,85,400,50,55,14,176,94,22,95,1,96,36,97,84,98,245,92.5
2026-04-18 12:15:31 PM,KXATPCHALLENGERMATCH-26APR18DANHYU-DAN,91,29,90,103,85,400,50,55,14,176,94,22,95,1,96,36,97,84,98,245,92.5
2026-04-18 12:15:31 PM,KXATPCHALLENGERMATCH-26APR18DANHYU-DAN,91,29,90,103,85,400,50,55,14,176,94,27,95,1,96,36,97,84,98,245,92.5
2026-04-18 12:15:38 PM,KXATPCHALLENGERMATCH-26APR18DANHYU-DAN,91,29,90,103,85,400,50,55,14,176,94,19,95,1,96,36,97,84,98,245,92.5
2026-04-18 12:15:38 PM,KXATPCHALLENGERMATCH-26APR18DANHYU-DAN,91,29,90,103,85,400,50,55,14,176,94,7,95,1,96,36,97,84,98,245,92.5
2026-04-18 12:15:38 PM,KXATPCHALLENGERMATCH-26APR18DANHYU-DAN,91,29,90,103,85,400,50,55,14,176,94,2,95,1,96,36,97,84,98,245,92.5
2026-04-18 12:15:38 PM,KXATPCHALLENGERMATCH-26APR18DANHYU-DAN,91,29,90,103,85,400,50,55,14,176,94,2,95,1,97,84,98,245,99,4048,92.5
2026-04-18 12:15:38 PM,KXATPCHALLENGERMATCH-26APR18DANHYU-DAN,91,29,90,103,85,400,50,55,14,176,94,2,95,1,96,120,97,84,98,245,92.5
2026-04-18 12:15:38 PM,KXATPCHALLENGERMATCH-26APR18DANHYU-DAN,91,29,90,103,85,400,50,55,14,176,94,2,95,18,96,120,97,84,98,245,92.5
2026-04-18 12:15:38 PM,KXATPCHALLENGERMATCH-26APR18DANHYU-DAN,91,29,90,103,85,400,50,55,14,176,94,2,95,18,96,139,97,84,98,245,92.5
2026-04-18 12:15:38 PM,KXATPCHALLENGERMATCH-26APR18DANHYU-DAN,91,29,90,103,85,400,50,55,14,176,94,2,95,18,96,319,97,84,98,245,92.5
2026-04-18 12:15:38 PM,KXATPCHALLENGERMATCH-26APR18DANHYU-DAN,91,29,90,103,85,400,50,55,14,176,94,2,95,18,96,19,97,84,98,245,92.5
2026-04-18 12:15:39 PM,KXATPCHALLENGERMATCH-26APR18DANHYU-DAN,91,29,90,103,85,400,50,55,14,176,94,2,95,18,96,36,97,84,98,245,92.5
2026-04-18 12:15:39 PM,KXATPCHALLENGERMATCH-26APR18DANHYU-DAN,91,29,90,103,85,400,50,55,14,176,94,2,95,18,96,36,97,103,98,245,92.5
2026-04-18 12:15:39 PM,KXATPCHALLENGERMATCH-26APR18DANHYU-DAN,91,29,90,103,85,400,50,55,14,176,94,2,95,1,96,36,97,103,98,245,92.5
2026-04-18 12:15:47 PM,KXATPCHALLENGERMATCH-26APR18DANHYU-DAN,91,29,90,35,85,400,50,55,14,176,94,2,95,1,96,36,97,103,98,245,92.5
2026-04-18 12:15:47 PM,KXATPCHALLENGERMATCH-26APR18DANHYU-DAN,91,97,90,35,85,400,50,55,14,176,94,2,95,1,96,36,97,103,98,245,92.5
2026-04-18 12:15:47 PM,KXATPCHALLENGERMATCH-26APR18DANHYU-DAN,91,97,90,34,85,400,50,55,14,176,94,2,95,1,96,36,97,103,98,245,92.5
2026-04-18 12:15:47 PM,KXATPCHALLENGERMATCH-26APR18DANHYU-DAN,91,98,90,34,85,400,50,55,14,176,94,2,95,1,96,36,97,103,98,245,92.5
2026-04-18 12:15:47 PM,KXATPCHALLENGERMATCH-26APR18DANHYU-DAN,91,98,90,20,85,400,50,55,14,176,94,2,95,1,96,36,97,103,98,245,92.5
2026-04-18 12:15:47 PM,KXATPCHALLENGERMATCH-26APR18DANHYU-DAN,91,112,90,20,85,400,50,55,14,176,94,2,95,1,96,36,97,103,98,245,92.5
2026-04-18 12:22:07 PM,KXATPCHALLENGERMATCH-26APR18DANHYU-DAN,91,112,90,20,85,400,51,1418,50,55,94,2,95,1,96,36,97,103,98,245,92.5
2026-04-18 12:24:48 PM,KXATPCHALLENGERMATCH-26APR18DANHYU-DAN,91,112,90,20,85,400,51,1418,50,55,94,2,95,1,96,35,97,103,98,245,92.5
2026-04-18 12:38:02 PM,KXATPCHALLENGERMATCH-26APR18DANHYU-DAN,91,112,90,20,85,400,52,169,51,1418,94,2,95,1,96,35,97,103,98,245,92.5
2026-04-18 12:42:34 PM,KXATPCHALLENGERMATCH-26APR18DANHYU-DAN,91,104,90,20,85,400,52,169,51,1418,94,2,95,1,96,35,97,103,98,245,92.5
2026-04-18 12:51:30 PM,KXATPCHALLENGERMATCH-26APR18DANHYU-DAN,91,104,90,20,85,400,52,169,51,1418,94,2,95,1,96,54,97,103,98,245,92.5
2026-04-18 12:51:31 PM,KXATPCHALLENGERMATCH-26APR18DANHYU-DAN,91,104,90,20,85,400,52,169,51,1418,94,2,95,7,96,54,97,103,98,245,92.5
2026-04-18 12:51:31 PM,KXATPCHALLENGERMATCH-26APR18DANHYU-DAN,91,104,90,20,85,400,52,169,51,1418,94,2,95,7,96,54,97,84,98,245,92.5
2026-04-18 12:51:31 PM,KXATPCHALLENGERMATCH-26APR18DANHYU-DAN,91,104,90,20,85,400,52,169,51,1418,94,2,95,7,96,36,97,84,98,245,92.5
2026-04-18 12:51:31 PM,KXATPCHALLENGERMATCH-26APR18DANHYU-DAN,91,104,90,20,85,400,52,169,51,1418,94,2,95,7,96,19,97,84,98,245,92.5
2026-04-18 12:51:31 PM,KXATPCHALLENGERMATCH-26APR18DANHYU-DAN,91,104,90,20,85,400,52,169,51,1418,94,2,95,139,96,19,97,84,98,245,92.5
2026-04-18 12:51:31 PM,KXATPCHALLENGERMATCH-26APR18DANHYU-DAN,91,104,90,20,85,400,52,169,51,1418,94,2,95,1,96,19,97,84,98,245,92.5
2026-04-18 12:51:31 PM,KXATPCHALLENGERMATCH-26APR18DANHYU-DAN,91,104,90,20,85,400,52,169,51,1418,94,26,95,1,96,19,97,84,98,245,92.5
2026-04-18 12:51:31 PM,KXATPCHALLENGERMATCH-26APR18DANHYU-DAN,91,104,90,20,85,400,52,169,51,1418,94,26,95,36,96,19,97,84,98,245,92.5
2026-04-18 12:51:31 PM,KXATPCHALLENGERMATCH-26APR18DANHYU-DAN,91,104,90,20,85,400,52,169,51,1418,94,26,95,1,96,19,97,84,98,245,92.5
2026-04-18 12:51:31 PM,KXATPCHALLENGERMATCH-26APR18DANHYU-DAN,91,104,90,20,85,400,52,169,51,1418,94,26,95,1,97,84,98,245,99,2027,92.5
2026-04-18 12:51:32 PM,KXATPCHALLENGERMATCH-26APR18DANHYU-DAN,91,104,90,20,85,400,52,169,51,1418,94,43,95,1,97,84,98,245,99,2027,92.5
2026-04-18 12:51:32 PM,KXATPCHALLENGERMATCH-26APR18DANHYU-DAN,91,104,90,20,85,400,52,169,51,1418,94,43,95,19,97,84,98,245,99,2027,92.5
2026-04-18 12:51:32 PM,KXATPCHALLENGERMATCH-26APR18DANHYU-DAN,91,104,90,20,85,400,52,169,51,1418,94,43,95,19,96,37,97,84,98,245,92.5
2026-04-18 12:51:32 PM,KXATPCHALLENGERMATCH-26APR18DANHYU-DAN,91,104,90,20,85,400,52,169,51,1418,94,43,95,1,96,37,97,84,98,245,92.5
2026-04-18 12:52:42 PM,KXATPCHALLENGERMATCH-26APR18DANHYU-DAN,91,104,90,20,85,400,52,169,51,1418,94,52,95,1,96,37,97,84,98,245,92.5
2026-04-18 12:56:09 PM,KXATPCHALLENGERMATCH-26APR18DANHYU-DAN,91,103,90,20,85,400,52,169,51,1418,94,52,95,1,96,37,97,84,98,245,92.5
2026-04-18 12:56:09 PM,KXATPCHALLENGERMATCH-26APR18DANHYU-DAN,91,91,90,20,85,400,52,169,51,1418,94,52,95,1,96,37,97,84,98,245,92.5
2026-04-18 12:56:09 PM,KXATPCHALLENGERMATCH-26APR18DANHYU-DAN,91,91,90,20,85,400,52,169,51,1418,94,19,95,1,96,37,97,84,98,245,92.5
2026-04-18 12:56:09 PM,KXATPCHALLENGERMATCH-26APR18DANHYU-DAN,91,98,90,20,85,400,52,169,51,1418,94,19,95,1,96,37,97,84,98,245,92.5
2026-04-18 12:56:10 PM,KXATPCHALLENGERMATCH-26APR18DANHYU-DAN,91,98,90,20,85,400,52,169,51,1418,94,19,95,1,96,49,97,84,98,245,92.5
2026-04-18 12:56:10 PM,KXATPCHALLENGERMATCH-26APR18DANHYU-DAN,91,98,90,20,85,400,52,169,51,1418,94,19,95,1,96,49,97,103,98,245,92.5
2026-04-18 12:56:10 PM,KXATPCHALLENGERMATCH-26APR18DANHYU-DAN,91,98,90,20,85,400,52,169,51,1418,94,2,95,1,96,49,97,103,98,245,92.5
2026-04-18 12:56:10 PM,KXATPCHALLENGERMATCH-26APR18DANHYU-DAN,91,98,90,20,85,400,52,169,51,1418,94,2,95,34,96,49,97,103,98,245,92.5
2026-04-18 12:56:10 PM,KXATPCHALLENGERMATCH-26APR18DANHYU-DAN,91,98,90,20,85,400,52,169,51,1418,94,2,95,147,96,49,97,103,98,245,92.5
2026-04-18 12:56:10 PM,KXATPCHALLENGERMATCH-26APR18DANHYU-DAN,91,98,90,20,85,400,52,169,51,1418,94,2,95,187,96,49,97,103,98,245,92.5
2026-04-18 12:56:10 PM,KXATPCHALLENGERMATCH-26APR18DANHYU-DAN,91,98,90,20,85,400,52,169,51,1418,94,2,95,187,96,49,97,84,98,245,92.5
2026-04-18 12:56:10 PM,KXATPCHALLENGERMATCH-26APR18DANHYU-DAN,91,98,90,20,85,400,52,169,51,1418,94,2,95,187,96,12,97,84,98,245,92.5
2026-04-18 12:56:11 PM,KXATPCHALLENGERMATCH-26APR18DANHYU-DAN,91,98,90,20,85,400,52,169,51,1418,94,2,95,187,96,19,97,84,98,245,92.5
2026-04-18 12:56:28 PM,KXATPCHALLENGERMATCH-26APR18DANHYU-DAN,91,98,90,20,85,400,52,169,51,1418,94,2,95,112,96,19,97,84,98,245,92.5
2026-04-18 12:56:29 PM,KXATPCHALLENGERMATCH-26APR18DANHYU-DAN,91,98,90,7,85,400,52,169,51,1418,94,2,95,112,96,19,97,84,98,245,92.5
2026-04-18 12:56:29 PM,KXATPCHALLENGERMATCH-26APR18DANHYU-DAN,91,98,90,1,85,400,52,169,51,1418,94,2,95,112,96,19,97,84,98,245,92.5
2026-04-18 12:56:29 PM,KXATPCHALLENGERMATCH-26APR18DANHYU-DAN,91,90,90,1,85,400,52,169,51,1418,94,2,95,112,96,19,97,84,98,245,92.5
2026-04-18 12:56:29 PM,KXATPCHALLENGERMATCH-26APR18DANHYU-DAN,91,83,90,1,85,400,52,169,51,1418,94,2,95,112,96,19,97,84,98,245,92.5
2026-04-18 12:56:29 PM,KXATPCHALLENGERMATCH-26APR18DANHYU-DAN,91,83,90,1,85,400,52,169,51,1418,94,2,95,72,96,19,97,84,98,245,92.5
2026-04-18 12:56:29 PM,KXATPCHALLENGERMATCH-26APR18DANHYU-DAN,91,83,90,1,85,400,79,2,52,169,94,2,95,72,96,19,97,84,98,245,92.5
2026-04-18 12:56:29 PM,KXATPCHALLENGERMATCH-26APR18DANHYU-DAN,91,83,90,1,85,400,79,2,52,169,94,2,95,74,96,19,97,84,98,245,92.5
2026-04-18 12:56:29 PM,KXATPCHALLENGERMATCH-26APR18DANHYU-DAN,91,83,90,1,85,400,79,2,52,169,94,2,95,57,96,19,97,84,98,245,92.5
2026-04-18 12:56:29 PM,KXATPCHALLENGERMATCH-26APR18DANHYU-DAN,91,83,90,1,85,400,52,169,51,1418,94,2,95,57,96,19,97,84,98,245,92.5
2026-04-18 12:56:29 PM,KXATPCHALLENGERMATCH-26APR18DANHYU-DAN,91,83,90,1,85,400,52,169,51,1418,94,2,95,54,96,19,97,84,98,245,92.5
2026-04-18 12:56:29 PM,KXATPCHALLENGERMATCH-26APR18DANHYU-DAN,91,83,90,1,85,400,77,13,52,169,94,2,95,54,96,19,97,84,98,245,92.5
2026-04-18 12:56:29 PM,KXATPCHALLENGERMATCH-26APR18DANHYU-DAN,91,83,90,1,85,400,77,13,53,15,94,2,95,54,96,19,97,84,98,245,92.5
2026-04-18 12:56:37 PM,KXATPCHALLENGERMATCH-26APR18DANHYU-DAN,91,83,90,1,85,400,53,15,52,169,94,2,95,54,96,19,97,84,98,245,92.5
2026-04-18 12:56:37 PM,KXATPCHALLENGERMATCH-26APR18DANHYU-DAN,91,83,90,1,85,400,78,14,53,15,94,2,95,54,96,19,97,84,98,245,92.5
2026-04-18 12:56:37 PM,KXATPCHALLENGERMATCH-26APR18DANHYU-DAN,91,83,90,1,85,400,78,14,53,121,94,2,95,54,96,19,97,84,98,245,92.5
2026-04-18 12:56:37 PM,KXATPCHALLENGERMATCH-26APR18DANHYU-DAN,91,83,90,1,85,400,78,14,53,121,94,2,95,54,96,19,97,99,98,245,92.5
2026-04-18 12:56:40 PM,KXATPCHALLENGERMATCH-26APR18DANHYU-DAN,91,83,90,1,85,400,78,14,53,121,94,2,95,94,96,19,97,99,98,245,92.5
2026-04-18 12:56:40 PM,KXATPCHALLENGERMATCH-26APR18DANHYU-DAN,91,83,90,1,85,400,78,14,54,173,94,2,95,94,96,19,97,99,98,245,92.5
2026-04-18 12:56:40 PM,KXATPCHALLENGERMATCH-26APR18DANHYU-DAN,91,83,90,1,85,400,80,14,78,14,94,2,95,94,96,19,97,99,98,245,92.5
2026-04-18 12:56:40 PM,KXATPCHALLENGERMATCH-26APR18DANHYU-DAN,91,83,90,1,85,400,80,14,54,173,94,2,95,94,96,19,97,99,98,245,92.5
2026-04-18 12:56:40 PM,KXATPCHALLENGERMATCH-26APR18DANHYU-DAN,91,83,90,1,85,400,80,14,55,1,94,2,95,94,96,19,97,99,98,245,92.5
2026-04-18 12:56:41 PM,KXATPCHALLENGERMATCH-26APR18DANHYU-DAN,91,83,90,1,85,400,80,14,55,14,94,2,95,94,96,19,97,99,98,245,92.5
2026-04-18 12:56:41 PM,KXATPCHALLENGERMATCH-26APR18DANHYU-DAN,91,83,90,1,85,400,80,14,55,121,94,2,95,94,96,19,97,99,98,245,92.5
2026-04-18 12:57:50 PM,KXATPCHALLENGERMATCH-26APR18DANHYU-DAN,91,83,90,1,85,400,80,14,55,121,94,2,95,91,96,19,97,99,98,245,92.5
2026-04-18 12:57:50 PM,KXATPCHALLENGERMATCH-26APR18DANHYU-DAN,91,83,90,1,85,400,80,14,56,162,94,2,95,91,96,19,97,99,98,245,92.5
2026-04-18 12:57:50 PM,KXATPCHALLENGERMATCH-26APR18DANHYU-DAN,91,83,90,1,85,400,80,14,56,162,94,2,95,42,96,19,97,99,98,245,92.5
2026-04-18 12:57:51 PM,KXATPCHALLENGERMATCH-26APR18DANHYU-DAN,91,97,90,1,85,400,80,14,56,162,94,2,95,42,96,19,97,99,98,245,92.5
2026-04-18 12:57:51 PM,KXATPCHALLENGERMATCH-26APR18DANHYU-DAN,91,97,90,20,85,400,80,14,56,162,94,2,95,42,96,19,97,99,98,245,92.5
2026-04-18 12:57:51 PM,KXATPCHALLENGERMATCH-26APR18DANHYU-DAN,91,97,90,20,85,400,56,162,52,121,94,2,95,42,96,19,97,99,98,245,92.5
2026-04-18 12:57:51 PM,KXATPCHALLENGERMATCH-26APR18DANHYU-DAN,91,97,90,20,85,400,56,162,52,121,94,2,95,82,96,19,97,99,98,245,92.5
2026-04-18 12:57:51 PM,KXATPCHALLENGERMATCH-26APR18DANHYU-DAN,91,97,90,20,85,400,56,162,51,1418,94,2,95,82,96,19,97,99,98,245,92.5
2026-04-18 12:57:51 PM,KXATPCHALLENGERMATCH-26APR18DANHYU-DAN,91,97,90,20,85,400,56,162,51,1418,94,2,95,82,96,19,97,84,98,245,92.5
2026-04-18 12:58:56 PM,KXATPCHALLENGERMATCH-26APR18DANHYU-DAN,91,84,90,20,85,400,56,162,51,1418,94,2,95,82,96,19,97,84,98,245,92.5
2026-04-18 12:59:39 PM,KXATPCHALLENGERMATCH-26APR18DANHYU-DAN,91,71,90,20,85,400,56,162,51,1418,94,2,95,82,96,19,97,84,98,245,92.5
2026-04-18 01:00:01 PM,KXATPCHALLENGERMATCH-26APR18DANHYU-DAN,91,71,90,20,85,400,57,1,56,162,94,2,95,82,96,19,97,84,98,245,92.5
2026-04-18 01:00:34 PM,KXATPCHALLENGERMATCH-26APR18DANHYU-DAN,91,71,90,20,85,400,56,162,51,1418,94,2,95,82,96,19,97,84,98,245,92.5
2026-04-18 01:03:25 PM,KXATPCHALLENGERMATCH-26APR18DANHYU-DAN,91,61,90,20,85,400,56,162,51,1418,94,2,95,82,96,19,97,84,98,245,92.5
2026-04-18 01:03:25 PM,KXATPCHALLENGERMATCH-26APR18DANHYU-DAN,91,47,90,20,85,400,56,162,51,1418,94,2,95,82,96,19,97,84,98,245,92.5
2026-04-18 01:03:25 PM,KXATPCHALLENGERMATCH-26APR18DANHYU-DAN,91,47,90,1,85,400,56,162,51,1418,94,2,95,82,96,19,97,84,98,245,92.5
2026-04-18 01:03:25 PM,KXATPCHALLENGERMATCH-26APR18DANHYU-DAN,91,47,90,1,85,400,79,14,56,162,94,2,95,82,96,19,97,84,98,245,92.5
2026-04-18 01:03:25 PM,KXATPCHALLENGERMATCH-26APR18DANHYU-DAN,91,47,90,1,85,400,79,14,56,162,94,2,95,42,96,19,97,84,98,245,92.5
2026-04-18 01:03:25 PM,KXATPCHALLENGERMATCH-26APR18DANHYU-DAN,91,47,90,1,85,400,79,14,57,121,94,2,95,42,96,19,97,84,98,245,92.5
2026-04-18 01:03:25 PM,KXATPCHALLENGERMATCH-26APR18DANHYU-DAN,91,47,90,1,85,400,79,14,57,121,94,2,95,42,96,19,97,100,98,245,92.5
2026-04-18 01:03:25 PM,KXATPCHALLENGERMATCH-26APR18DANHYU-DAN,91,46,90,1,85,400,79,14,57,121,94,2,95,42,96,19,97,100,98,245,92.5
2026-04-18 01:03:25 PM,KXATPCHALLENGERMATCH-26APR18DANHYU-DAN,91,27,90,1,85,400,79,14,57,121,94,2,95,42,96,19,97,100,98,245,92.5
2026-04-18 01:03:25 PM,KXATPCHALLENGERMATCH-26APR18DANHYU-DAN,91,41,90,1,85,400,79,14,57,121,94,2,95,42,96,19,97,100,98,245,92.5
2026-04-18 01:03:25 PM,KXATPCHALLENGERMATCH-26APR18DANHYU-DAN,91,41,90,1,85,400,57,121,56,162,94,2,95,42,96,19,97,100,98,245,92.5
2026-04-18 01:03:25 PM,KXATPCHALLENGERMATCH-26APR18DANHYU-DAN,91,41,90,1,85,400,56,162,51,1418,94,2,95,42,96,19,97,100,98,245,92.5
2026-04-18 01:03:25 PM,KXATPCHALLENGERMATCH-26APR18DANHYU-DAN,91,41,90,1,85,400,56,162,51,1418,94,2,95,42,96,19,97,84,98,245,92.5
2026-04-18 01:03:25 PM,KXATPCHALLENGERMATCH-26APR18DANHYU-DAN,91,41,90,20,85,400,56,162,51,1418,94,2,95,42,96,19,97,84,98,245,92.5
2026-04-18 01:03:25 PM,KXATPCHALLENGERMATCH-26APR18DANHYU-DAN,91,41,90,20,85,400,56,162,51,1418,94,2,95,82,96,19,97,84,98,245,92.5
2026-04-18 01:03:25 PM,KXATPCHALLENGERMATCH-26APR18DANHYU-DAN,91,41,90,20,85,400,51,1418,50,55,94,2,95,82,96,19,97,84,98,245,92.5
2026-04-18 01:03:25 PM,KXATPCHALLENGERMATCH-26APR18DANHYU-DAN,91,41,90,20,85,400,58,155,51,1418,94,2,95,82,96,19,97,84,98,245,92.5
2026-04-18 01:03:25 PM,KXATPCHALLENGERMATCH-26APR18DANHYU-DAN,91,27,90,20,85,400,58,155,51,1418,94,2,95,82,96,19,97,84,98,245,92.5
2026-04-18 01:03:25 PM,KXATPCHALLENGERMATCH-26APR18DANHYU-DAN,91,27,90,1,85,400,58,155,51,1418,94,2,95,82,96,19,97,84,98,245,92.5
2026-04-18 01:03:25 PM,KXATPCHALLENGERMATCH-26APR18DANHYU-DAN,91,27,90,1,85,400,58,155,51,1418,94,2,95,42,96,19,97,84,98,245,92.5
2026-04-18 01:03:25 PM,KXATPCHALLENGERMATCH-26APR18DANHYU-DAN,91,27,90,1,85,400,58,155,51,1418,94,33,95,42,96,19,97,84,98,245,92.5
2026-04-18 01:03:26 PM,KXATPCHALLENGERMATCH-26APR18DANHYU-DAN,91,15,90,1,85,400,58,155,51,1418,94,33,95,42,96,19,97,84,98,245,92.5
2026-04-18 01:03:26 PM,KXATPCHALLENGERMATCH-26APR18DANHYU-DAN,91,14,90,1,85,400,58,155,51,1418,94,33,95,42,96,19,97,84,98,245,92.5
2026-04-18 01:03:26 PM,KXATPCHALLENGERMATCH-26APR18DANHYU-DAN,91,12,90,1,85,400,58,155,51,1418,94,33,95,42,96,19,97,84,98,245,92.5
2026-04-18 01:03:26 PM,KXATPCHALLENGERMATCH-26APR18DANHYU-DAN,91,12,90,1,85,400,58,155,51,1418,94,28,95,42,96,19,97,84,98,245,92.5
2026-04-18 01:03:26 PM,KXATPCHALLENGERMATCH-26APR18DANHYU-DAN,91,12,90,1,85,400,58,155,51,1418,94,43,95,42,96,19,97,84,98,245,92.5
2026-04-18 01:03:26 PM,KXATPCHALLENGERMATCH-26APR18DANHYU-DAN,91,12,90,1,85,400,82,14,58,155,94,43,95,42,96,19,97,84,98,245,92.5
2026-04-18 01:03:26 PM,KXATPCHALLENGERMATCH-26APR18DANHYU-DAN,91,12,90,1,85,400,82,14,59,14,94,43,95,42,96,19,97,84,98,245,92.5
2026-04-18 01:03:26 PM,KXATPCHALLENGERMATCH-26APR18DANHYU-DAN,91,12,90,1,85,400,82,14,59,14,94,43,95,59,96,19,97,84,98,245,92.5
2026-04-18 01:03:26 PM,KXATPCHALLENGERMATCH-26APR18DANHYU-DAN,91,12,90,1,85,400,82,14,59,14,94,43,95,19,96,19,97,84,98,245,92.5
2026-04-18 01:03:26 PM,KXATPCHALLENGERMATCH-26APR18DANHYU-DAN,91,12,90,1,85,400,82,14,59,14,94,83,95,19,96,19,97,84,98,245,92.5
2026-04-18 01:03:26 PM,KXATPCHALLENGERMATCH-26APR18DANHYU-DAN,91,12,90,1,85,400,82,14,59,14,94,65,95,19,96,19,97,84,98,245,92.5
2026-04-18 01:03:26 PM,KXATPCHALLENGERMATCH-26APR18DANHYU-DAN,91,12,90,1,85,400,82,14,59,14,94,78,95,19,96,19,97,84,98,245,92.5
2026-04-18 01:03:26 PM,KXATPCHALLENGERMATCH-26APR18DANHYU-DAN,91,7,90,1,85,400,82,14,59,14,94,78,95,19,96,19,97,84,98,245,92.5
2026-04-18 01:03:26 PM,KXATPCHALLENGERMATCH-26APR18DANHYU-DAN,91,7,90,1,85,400,82,14,59,14,94,76,95,19,96,19,97,84,98,245,92.5
2026-04-18 01:03:26 PM,KXATPCHALLENGERMATCH-26APR18DANHYU-DAN,91,7,90,1,85,400,82,14,59,121,94,76,95,19,96,19,97,84,98,245,92.5
2026-04-18 01:06:33 PM,KXATPCHALLENGERMATCH-26APR18DANHYU-DAN,91,7,90,1,85,400,83,14,82,14,94,76,95,19,96,19,97,84,98,245,92.5
2026-04-18 01:06:33 PM,KXATPCHALLENGERMATCH-26APR18DANHYU-DAN,91,7,90,1,85,400,83,14,59,121,94,76,95,19,96,19,97,84,98,245,92.5
2026-04-18 01:06:33 PM,KXATPCHALLENGERMATCH-26APR18DANHYU-DAN,91,5,90,1,85,400,83,14,59,121,94,76,95,19,96,19,97,84,98,245,92.5
2026-04-18 01:06:33 PM,KXATPCHALLENGERMATCH-26APR18DANHYU-DAN,91,5,90,1,85,400,84,14,83,14,94,76,95,19,96,19,97,84,98,245,92.5
2026-04-18 01:06:33 PM,KXATPCHALLENGERMATCH-26APR18DANHYU-DAN,91,5,90,1,85,400,84,14,52,122,94,76,95,19,96,19,97,84,98,245,92.5
2026-04-18 01:07:06 PM,KXATPCHALLENGERMATCH-26APR18DANHYU-DAN,91,3,90,1,85,400,84,14,52,122,94,76,95,19,96,19,97,84,98,245,92.5
2026-04-18 01:07:06 PM,KXATPCHALLENGERMATCH-26APR18DANHYU-DAN,91,3,90,1,85,400,84,14,52,122,94,42,95,19,96,19,97,84,98,245,92.5
2026-04-18 01:07:06 PM,KXATPCHALLENGERMATCH-26APR18DANHYU-DAN,91,3,90,1,85,400,52,122,51,1418,94,42,95,19,96,19,97,84,98,245,92.5
2026-04-18 01:07:06 PM,KXATPCHALLENGERMATCH-26APR18DANHYU-DAN,91,3,90,1,85,400,83,14,52,122,94,42,95,19,96,19,97,84,98,245,92.5
2026-04-18 01:07:07 PM,KXATPCHALLENGERMATCH-26APR18DANHYU-DAN,91,3,90,1,85,400,83,14,52,122,93,15,94,42,95,19,96,19,97,84,92.0
2026-04-18 01:07:07 PM,KXATPCHALLENGERMATCH-26APR18DANHYU-DAN,91,3,90,1,85,400,52,122,51,1418,93,15,94,42,95,19,96,19,97,84,92.0
2026-04-18 01:07:07 PM,KXATPCHALLENGERMATCH-26APR18DANHYU-DAN,91,3,90,1,85,400,84,14,52,122,93,15,94,42,95,19,96,19,97,84,92.0
2026-04-18 01:07:07 PM,KXATPCHALLENGERMATCH-26APR18DANHYU-DAN,91,3,90,1,85,400,84,14,52,122,93,28,94,42,95,19,96,19,97,84,92.0
2026-04-18 01:07:07 PM,KXATPCHALLENGERMATCH-26APR18DANHYU-DAN,91,3,90,1,85,400,84,14,52,122,93,28,94,2,95,19,96,19,97,84,92.0
2026-04-18 01:07:07 PM,KXATPCHALLENGERMATCH-26APR18DANHYU-DAN,91,3,90,1,85,400,84,14,52,122,93,68,94,2,95,19,96,19,97,84,92.0
2026-04-18 01:07:07 PM,KXATPCHALLENGERMATCH-26APR18DANHYU-DAN,91,3,90,1,85,400,84,14,52,122,93,68,94,2,95,2,96,19,97,84,92.0
2026-04-18 01:07:07 PM,KXATPCHALLENGERMATCH-26APR18DANHYU-DAN,91,3,90,1,85,400,84,14,52,122,93,68,94,20,95,2,96,19,97,84,92.0
2026-04-18 01:07:07 PM,KXATPCHALLENGERMATCH-26APR18DANHYU-DAN,91,3,90,1,85,400,84,14,52,122,93,68,94,20,95,2,96,33,97,84,92.0
2026-04-18 01:07:07 PM,KXATPCHALLENGERMATCH-26APR18DANHYU-DAN,91,3,90,1,85,400,84,14,52,122,93,40,94,20,95,2,96,33,97,84,92.0
2026-04-18 01:07:17 PM,KXATPCHALLENGERMATCH-26APR18DANHYU-DAN,91,2,90,1,85,400,84,14,52,122,93,40,94,20,95,2,96,33,97,84,92.0
2026-04-18 01:07:17 PM,KXATPCHALLENGERMATCH-26APR18DANHYU-DAN,91,2,90,1,85,400,84,14,82,14,93,40,94,20,95,2,96,33,97,84,92.0
2026-04-18 01:07:17 PM,KXATPCHALLENGERMATCH-26APR18DANHYU-DAN,91,2,90,1,85,400,82,14,52,122,93,40,94,20,95,2,96,33,97,84,92.0
2026-04-18 01:07:17 PM,KXATPCHALLENGERMATCH-26APR18DANHYU-DAN,91,2,90,1,85,400,82,14,52,122,92,5,93,40,94,20,95,2,96,33,91.5
2026-04-18 01:07:17 PM,KXATPCHALLENGERMATCH-26APR18DANHYU-DAN,91,2,90,1,85,400,82,14,52,122,93,40,94,20,95,2,96,33,97,84,92.0
2026-04-18 01:07:18 PM,KXATPCHALLENGERMATCH-26APR18DANHYU-DAN,91,2,90,1,85,400,82,14,52,122,92,5,93,40,94,20,95,2,96,33,91.5
2026-04-18 01:07:18 PM,KXATPCHALLENGERMATCH-26APR18DANHYU-DAN,91,2,90,1,85,400,82,14,52,122,92,5,93,40,94,2,95,2,96,33,91.5
2026-04-18 01:07:18 PM,KXATPCHALLENGERMATCH-26APR18DANHYU-DAN,91,2,90,1,85,400,82,14,52,122,92,5,93,56,94,2,95,2,96,33,91.5
2026-04-18 01:07:18 PM,KXATPCHALLENGERMATCH-26APR18DANHYU-DAN,91,2,90,1,85,400,82,14,52,122,92,5,93,56,94,2,95,2,96,47,91.5
2026-04-18 01:07:18 PM,KXATPCHALLENGERMATCH-26APR18DANHYU-DAN,91,2,90,1,85,400,82,14,52,122,92,35,93,56,94,2,95,2,96,47,91.5
2026-04-18 01:07:18 PM,KXATPCHALLENGERMATCH-26APR18DANHYU-DAN,91,2,90,1,85,400,82,14,52,122,93,56,94,2,95,2,96,47,97,84,92.0
2026-04-18 01:07:18 PM,KXATPCHALLENGERMATCH-26APR18DANHYU-DAN,91,2,90,1,85,400,82,14,52,122,93,40,94,2,95,2,96,47,97,84,92.0
2026-04-18 01:07:18 PM,KXATPCHALLENGERMATCH-26APR18DANHYU-DAN,91,2,90,1,85,400,82,14,52,122,92,20,93,40,94,2,95,2,96,47,91.5
2026-04-18 01:07:18 PM,KXATPCHALLENGERMATCH-26APR18DANHYU-DAN,91,2,90,1,85,400,82,14,52,122,93,40,94,2,95,2,96,47,97,84,92.0
2026-04-18 01:07:18 PM,KXATPCHALLENGERMATCH-26APR18DANHYU-DAN,91,2,90,1,85,400,82,14,52,122,93,40,94,19,95,2,96,47,97,84,92.0
2026-04-18 01:07:19 PM,KXATPCHALLENGERMATCH-26APR18DANHYU-DAN,91,2,90,1,85,400,52,122,51,1418,93,40,94,19,95,2,96,47,97,84,92.0
2026-04-18 01:07:19 PM,KXATPCHALLENGERMATCH-26APR18DANHYU-DAN,91,2,90,1,85,400,84,14,52,122,93,40,94,19,95,2,96,47,97,84,92.0
2026-04-18 01:07:19 PM,KXATPCHALLENGERMATCH-26APR18DANHYU-DAN,91,2,90,1,85,400,84,14,83,14,93,40,94,19,95,2,96,47,97,84,92.0
2026-04-18 01:07:19 PM,KXATPCHALLENGERMATCH-26APR18DANHYU-DAN,91,2,90,1,85,400,84,14,51,1418,93,40,94,19,95,2,96,47,97,84,92.0
2026-04-18 01:07:19 PM,KXATPCHALLENGERMATCH-26APR18DANHYU-DAN,91,2,90,1,85,400,84,14,83,14,93,40,94,19,95,2,96,47,97,84,92.0
2026-04-18 01:07:20 PM,KXATPCHALLENGERMATCH-26APR18DANHYU-DAN,91,2,90,1,85,400,84,14,51,1418,93,40,94,19,95,2,96,47,97,84,92.0
2026-04-18 01:07:20 PM,KXATPCHALLENGERMATCH-26APR18DANHYU-DAN,91,2,90,1,85,400,84,14,52,122,93,40,94,19,95,2,96,47,97,84,92.0
2026-04-18 01:07:22 PM,KXATPCHALLENGERMATCH-26APR18DANHYU-DAN,90,1,85,400,84,14,52,122,51,1418,93,40,94,19,95,2,96,47,97,84,91.5
2026-04-18 01:07:22 PM,KXATPCHALLENGERMATCH-26APR18DANHYU-DAN,90,1,85,400,52,122,51,1418,50,55,93,40,94,19,95,2,96,47,97,84,91.5
2026-04-18 01:07:22 PM,KXATPCHALLENGERMATCH-26APR18DANHYU-DAN,90,1,85,400,82,14,52,122,51,1418,93,40,94,19,95,2,96,47,97,84,91.5
2026-04-18 01:07:22 PM,KXATPCHALLENGERMATCH-26APR18DANHYU-DAN,90,1,85,400,82,14,52,122,51,1418,93,37,94,19,95,2,96,47,97,84,91.5
2026-04-18 01:07:23 PM,KXATPCHALLENGERMATCH-26APR18DANHYU-DAN,90,1,85,400,82,14,52,122,51,1418,92,5,93,37,94,19,95,2,96,47,91.0
2026-04-18 01:07:23 PM,KXATPCHALLENGERMATCH-26APR18DANHYU-DAN,90,1,85,400,82,14,52,122,51,1418,92,32,93,37,94,19,95,2,96,47,91.0
2026-04-18 01:07:23 PM,KXATPCHALLENGERMATCH-26APR18DANHYU-DAN,90,1,85,400,82,14,52,122,51,1418,92,32,93,37,94,2,95,2,96,47,91.0
2026-04-18 01:07:23 PM,KXATPCHALLENGERMATCH-26APR18DANHYU-DAN,90,1,85,400,82,14,52,122,51,1418,92,32,93,53,94,2,95,2,96,47,91.0
2026-04-18 01:07:23 PM,KXATPCHALLENGERMATCH-26APR18DANHYU-DAN,90,1,85,400,82,14,52,122,51,1418,92,35,93,53,94,2,95,2,96,47,91.0
2026-04-18 01:07:34 PM,KXATPCHALLENGERMATCH-26APR18DANHYU-DAN,90,1,85,400,52,122,51,1418,50,55,92,35,93,53,94,2,95,2,96,47,91.0
2026-04-18 01:07:34 PM,KXATPCHALLENGERMATCH-26APR18DANHYU-DAN,90,1,85,400,79,13,52,122,51,1418,92,35,93,53,94,2,95,2,96,47,91.0
2026-04-18 01:07:35 PM,KXATPCHALLENGERMATCH-26APR18DANHYU-DAN,90,1,85,400,52,122,51,1418,50,55,92,35,93,53,94,2,95,2,96,47,91.0
2026-04-18 01:07:35 PM,KXATPCHALLENGERMATCH-26APR18DANHYU-DAN,90,1,85,400,80,13,52,122,51,1418,92,35,93,53,94,2,95,2,96,47,91.0
2026-04-18 01:08:01 PM,KXATPCHALLENGERMATCH-26APR18DANHYU-DAN,90,1,85,400,80,13,52,122,51,1418,92,35,93,53,94,3,95,2,96,47,91.0
2026-04-18 01:08:13 PM,KXATPCHALLENGERMATCH-26APR18DANHYU-DAN,90,1,85,400,81,14,80,13,52,122,92,35,93,53,94,3,95,2,96,47,91.0
2026-04-18 01:08:13 PM,KXATPCHALLENGERMATCH-26APR18DANHYU-DAN,90,1,85,400,81,14,52,122,51,1418,92,35,93,53,94,3,95,2,96,47,91.0
2026-04-18 01:08:13 PM,KXATPCHALLENGERMATCH-26APR18DANHYU-DAN,90,1,85,400,82,14,81,14,52,122,92,35,93,53,94,3,95,2,96,47,91.0
2026-04-18 01:08:13 PM,KXATPCHALLENGERMATCH-26APR18DANHYU-DAN,90,1,85,400,82,14,52,122,51,1418,92,35,93,53,94,3,95,2,96,47,91.0
2026-04-18 01:16:35 PM,KXATPCHALLENGERMATCH-26APR18DANHYU-DAN,90,1,85,400,82,14,52,122,51,1418,93,53,94,3,95,2,96,47,97,84,91.5
2026-04-18 01:16:35 PM,KXATPCHALLENGERMATCH-26APR18DANHYU-DAN,90,1,85,400,82,14,51,1418,50,55,93,53,94,3,95,2,96,47,97,84,91.5
2026-04-18 01:16:35 PM,KXATPCHALLENGERMATCH-26APR18DANHYU-DAN,90,1,85,400,51,1418,50,55,14,7,93,53,94,3,95,2,96,47,97,84,91.5
2026-04-18 01:16:35 PM,KXATPCHALLENGERMATCH-26APR18DANHYU-DAN,90,1,85,400,51,1418,50,55,14,7,93,53,94,3,95,2,96,35,97,84,91.5
2026-04-18 01:16:35 PM,KXATPCHALLENGERMATCH-26APR18DANHYU-DAN,90,1,85,400,51,1418,50,55,14,7,93,53,94,3,95,2,96,28,97,84,91.5
2026-04-18 01:16:35 PM,KXATPCHALLENGERMATCH-26APR18DANHYU-DAN,90,15,85,400,51,1418,50,55,14,7,93,53,94,3,95,2,96,28,97,84,91.5
2026-04-18 01:16:35 PM,KXATPCHALLENGERMATCH-26APR18DANHYU-DAN,90,15,86,71,85,400,51,1418,50,55,93,53,94,3,95,2,96,28,97,84,91.5
2026-04-18 01:16:35 PM,KXATPCHALLENGERMATCH-26APR18DANHYU-DAN,90,15,86,71,85,400,51,1418,50,55,92,20,93,53,94,3,95,2,96,28,91.0
2026-04-18 01:16:35 PM,KXATPCHALLENGERMATCH-26APR18DANHYU-DAN,90,15,86,71,85,400,51,1418,50,55,92,20,93,53,94,3,95,2,96,14,91.0
2026-04-18 01:16:35 PM,KXATPCHALLENGERMATCH-26APR18DANHYU-DAN,90,15,86,71,85,400,51,1418,50,55,92,20,93,53,94,3,95,2,97,84,91.0
2026-04-18 01:16:35 PM,KXATPCHALLENGERMATCH-26APR18DANHYU-DAN,90,15,86,71,85,400,51,1418,50,55,93,53,94,3,95,2,97,84,98,245,91.5
2026-04-18 01:16:35 PM,KXATPCHALLENGERMATCH-26APR18DANHYU-DAN,90,15,86,71,85,400,51,1418,50,55,93,37,94,3,95,2,97,84,98,245,91.5
2026-04-18 01:16:35 PM,KXATPCHALLENGERMATCH-26APR18DANHYU-DAN,90,15,86,85,85,400,51,1418,50,55,93,37,94,3,95,2,97,84,98,245,91.5
2026-04-18 01:16:36 PM,KXATPCHALLENGERMATCH-26APR18DANHYU-DAN,90,15,86,85,85,400,51,1418,50,55,94,3,95,2,97,84,98,245,99,2993,92.0
2026-04-18 01:16:36 PM,KXATPCHALLENGERMATCH-26APR18DANHYU-DAN,90,15,86,85,85,400,51,1418,50,55,92,37,94,3,95,2,97,84,98,245,91.0
2026-04-18 01:16:36 PM,KXATPCHALLENGERMATCH-26APR18DANHYU-DAN,90,35,86,85,85,400,51,1418,50,55,92,37,94,3,95,2,97,84,98,245,91.0
2026-04-18 01:16:36 PM,KXATPCHALLENGERMATCH-26APR18DANHYU-DAN,90,35,86,85,85,400,51,1418,50,55,92,37,93,12,94,3,95,2,97,84,91.0
2026-04-18 01:16:36 PM,KXATPCHALLENGERMATCH-26APR18DANHYU-DAN,90,35,86,85,85,400,51,1418,50,55,92,37,93,12,94,3,95,2,96,56,91.0
2026-04-18 01:16:36 PM,KXATPCHALLENGERMATCH-26APR18DANHYU-DAN,90,35,86,85,85,400,51,1418,50,55,92,37,93,21,94,3,95,2,96,56,91.0
2026-04-18 01:22:15 PM,KXATPCHALLENGERMATCH-26APR18DANHYU-DAN,90,35,86,85,85,400,52,185,51,1418,92,37,93,21,94,3,95,2,96,56,91.0
2026-04-18 01:28:37 PM,KXATPCHALLENGERMATCH-26APR18DANHYU-DAN,90,35,86,85,85,400,52,185,51,1418,92,32,93,21,94,3,95,2,96,56,91.0
2026-04-18 01:28:52 PM,KXATPCHALLENGERMATCH-26APR18DANHYU-DAN,90,35,86,85,85,400,52,185,51,1418,92,32,93,21,94,3,95,2,96,57,91.0
2026-04-18 01:28:52 PM,KXATPCHALLENGERMATCH-26APR18DANHYU-DAN,90,35,86,85,85,400,52,185,51,1418,92,32,93,21,94,3,95,2,96,1,91.0
2026-04-18 01:28:52 PM,KXATPCHALLENGERMATCH-26APR18DANHYU-DAN,90,35,86,85,85,400,52,185,51,1418,92,32,93,21,94,3,95,40,96,1,91.0
2026-04-18 01:30:01 PM,KXATPCHALLENGERMATCH-26APR18DANHYU-DAN,90,35,86,85,85,400,52,185,51,1418,92,32,93,21,94,3,95,40,97,84,91.0
2026-04-18 01:30:01 PM,KXATPCHALLENGERMATCH-26APR18DANHYU-DAN,90,35,86,85,85,400,52,185,51,1418,92,32,93,21,94,3,95,2,97,84,91.0
2026-04-18 01:32:21 PM,KXATPCHALLENGERMATCH-26APR18DANHYU-DAN,90,34,86,85,85,400,52,185,51,1418,92,32,93,21,94,3,95,2,97,84,91.0
2026-04-18 01:32:21 PM,KXATPCHALLENGERMATCH-26APR18DANHYU-DAN,90,30,86,85,85,400,52,185,51,1418,92,32,93,21,94,3,95,2,97,84,91.0
2026-04-18 01:32:21 PM,KXATPCHALLENGERMATCH-26APR18DANHYU-DAN,90,21,86,85,85,400,52,185,51,1418,92,32,93,21,94,3,95,2,97,84,91.0
2026-04-18 01:32:21 PM,KXATPCHALLENGERMATCH-26APR18DANHYU-DAN,90,21,86,85,85,400,53,37,52,185,92,32,93,21,94,3,95,2,97,84,91.0
2026-04-18 01:32:21 PM,KXATPCHALLENGERMATCH-26APR18DANHYU-DAN,90,1,86,85,85,400,53,37,52,185,92,32,93,21,94,3,95,2,97,84,91.0
2026-04-18 01:32:21 PM,KXATPCHALLENGERMATCH-26APR18DANHYU-DAN,90,1,86,85,85,400,53,37,52,185,92,32,93,21,94,3,95,2,96,56,91.0
2026-04-18 01:32:21 PM,KXATPCHALLENGERMATCH-26APR18DANHYU-DAN,90,1,86,85,85,400,53,37,51,1418,92,32,93,21,94,3,95,2,96,56,91.0
2026-04-18 01:32:22 PM,KXATPCHALLENGERMATCH-26APR18DANHYU-DAN,90,1,86,85,85,400,53,37,52,9,92,32,93,21,94,3,95,2,96,56,91.0
2026-04-18 01:32:22 PM,KXATPCHALLENGERMATCH-26APR18DANHYU-DAN,90,1,86,85,85,400,52,9,51,1418,92,32,93,21,94,3,95,2,96,56,91.0
2026-04-18 01:32:22 PM,KXATPCHALLENGERMATCH-26APR18DANHYU-DAN,90,1,86,85,85,400,52,32,51,1418,92,32,93,21,94,3,95,2,96,56,91.0
2026-04-18 01:32:25 PM,KXATPCHALLENGERMATCH-26APR18DANHYU-DAN,90,1,86,85,85,400,52,65,51,1418,92,32,93,21,94,3,95,2,96,56,91.0
2026-04-18 01:32:25 PM,KXATPCHALLENGERMATCH-26APR18DANHYU-DAN,90,1,86,85,85,400,52,102,51,1418,92,32,93,21,94,3,95,2,96,56,91.0
2026-04-18 01:32:25 PM,KXATPCHALLENGERMATCH-26APR18DANHYU-DAN,90,1,86,14,85,400,52,102,51,1418,92,32,93,21,94,3,95,2,96,56,91.0
2026-04-18 01:32:26 PM,KXATPCHALLENGERMATCH-26APR18DANHYU-DAN,90,1,86,30,85,400,52,102,51,1418,92,32,93,21,94,3,95,2,96,56,91.0
2026-04-18 01:33:42 PM,KXATPCHALLENGERMATCH-26APR18DANHYU-DAN,90,2,86,30,85,400,52,102,51,1418,92,32,93,21,94,3,95,2,96,56,91.0
2026-04-18 01:33:42 PM,KXATPCHALLENGERMATCH-26APR18DANHYU-DAN,90,2,87,13,86,30,85,400,52,102,92,32,93,21,94,3,95,2,96,56,91.0
2026-04-18 01:33:42 PM,KXATPCHALLENGERMATCH-26APR18DANHYU-DAN,90,2,87,13,86,30,85,400,53,168,92,32,93,21,94,3,95,2,96,56,91.0
2026-04-18 01:33:42 PM,KXATPCHALLENGERMATCH-26APR18DANHYU-DAN,90,2,87,13,86,16,85,400,53,168,92,32,93,21,94,3,95,2,96,56,91.0
2026-04-18 01:33:42 PM,KXATPCHALLENGERMATCH-26APR18DANHYU-DAN,90,2,86,16,85,400,53,168,51,1418,92,32,93,21,94,3,95,2,96,56,91.0
2026-04-18 01:33:42 PM,KXATPCHALLENGERMATCH-26APR18DANHYU-DAN,90,15,86,16,85,400,53,168,51,1418,92,32,93,21,94,3,95,2,96,56,91.0
2026-04-18 01:33:42 PM,KXATPCHALLENGERMATCH-26APR18DANHYU-DAN,90,15,86,26,85,400,53,168,51,1418,92,32,93,21,94,3,95,2,96,56,91.0
2026-04-18 01:33:43 PM,KXATPCHALLENGERMATCH-26APR18DANHYU-DAN,90,15,86,74,85,400,53,168,51,1418,92,32,93,21,94,3,95,2,96,56,91.0
2026-04-18 01:36:56 PM,KXATPCHALLENGERMATCH-26APR18DANHYU-DAN,90,15,86,74,85,400,51,1418,50,55,92,32,93,21,94,3,95,2,96,56,91.0
2026-04-18 01:37:50 PM,KXATPCHALLENGERMATCH-26APR18DANHYU-DAN,90,15,86,74,85,400,50,55,14,7,92,32,93,21,94,3,95,2,96,56,91.0
2026-04-18 01:37:50 PM,KXATPCHALLENGERMATCH-26APR18DANHYU-DAN,90,15,86,74,85,400,51,1304,50,55,92,32,93,21,94,3,95,2,96,56,91.0
2026-04-18 01:44:26 PM,KXATPCHALLENGERMATCH-26APR18DANHYU-DAN,90,15,86,74,85,400,51,1304,50,55,92,22,93,21,94,3,95,2,96,56,91.0
2026-04-18 01:52:55 PM,KXATPCHALLENGERMATCH-26APR18DANHYU-DAN,90,15,86,74,85,400,51,1304,50,55,92,21,93,21,94,3,95,2,96,56,91.0
2026-04-18 02:03:13 PM,KXATPCHALLENGERMATCH-26APR18DANHYU-DAN,90,15,86,74,85,400,51,1304,50,55,92,20,93,21,94,3,95,2,96,56,91.0
2026-04-18 02:14:55 PM,KXATPCHALLENGERMATCH-26APR18DANHYU-DAN,90,15,88,1,86,74,85,400,51,1304,92,20,93,21,94,3,95,2,96,56,91.0
2026-04-18 02:14:55 PM,KXATPCHALLENGERMATCH-26APR18DANHYU-DAN,90,15,89,19,88,1,86,74,85,400,92,20,93,21,94,3,95,2,96,56,91.0
2026-04-18 02:14:55 PM,KXATPCHALLENGERMATCH-26APR18DANHYU-DAN,90,15,89,19,88,1,86,26,85,400,92,20,93,21,94,3,95,2,96,56,91.0
2026-04-18 02:14:55 PM,KXATPCHALLENGERMATCH-26APR18DANHYU-DAN,90,15,89,19,88,1,86,16,85,400,92,20,93,21,94,3,95,2,96,56,91.0
2026-04-18 02:14:55 PM,KXATPCHALLENGERMATCH-26APR18DANHYU-DAN,90,15,89,19,88,1,85,400,51,1304,92,20,93,21,94,3,95,2,96,56,91.0
2026-04-18 02:15:04 PM,KXATPCHALLENGERMATCH-26APR18DANHYU-DAN,90,15,89,20,88,1,85,400,51,1304,92,20,93,21,94,3,95,2,96,56,91.0
2026-04-18 02:15:04 PM,KXATPCHALLENGERMATCH-26APR18DANHYU-DAN,90,15,89,20,88,1,85,400,52,169,92,20,93,21,94,3,95,2,96,56,91.0
2026-04-18 02:20:06 PM,KXATPCHALLENGERMATCH-26APR18DANHYU-DAN,90,15,89,20,88,1,85,400,52,169,92,19,93,21,94,3,95,2,96,56,91.0
2026-04-18 02:33:49 PM,KXATPCHALLENGERMATCH-26APR18DANHYU-DAN,90,15,89,20,88,1,85,400,83,1142,92,19,93,21,94,3,95,2,96,56,91.0
2026-04-18 02:36:58 PM,KXATPCHALLENGERMATCH-26APR18DANHYU-DAN,90,15,89,20,88,1,85,400,83,1142,92,18,93,21,94,3,95,2,96,56,91.0
2026-04-18 02:39:03 PM,KXATPCHALLENGERMATCH-26APR18DANHYU-DAN,90,15,89,20,88,1,85,400,83,1142,92,1,93,21,94,3,95,2,96,56,91.0
2026-04-18 02:39:03 PM,KXATPCHALLENGERMATCH-26APR18DANHYU-DAN,90,15,89,20,88,1,85,400,83,1142,92,1,93,12,94,3,95,2,96,56,91.0
2026-04-18 02:39:03 PM,KXATPCHALLENGERMATCH-26APR18DANHYU-DAN,90,15,89,20,88,1,85,400,83,1142,92,1,94,3,95,2,96,56,97,84,91.0
2026-04-18 02:39:03 PM,KXATPCHALLENGERMATCH-26APR18DANHYU-DAN,90,15,89,20,88,1,85,400,83,1142,92,1,94,27,95,2,96,56,97,84,91.0
2026-04-18 02:39:58 PM,KXATPCHALLENGERMATCH-26APR18DANHYU-DAN,90,15,89,20,88,1,85,400,83,1142,92,1,94,67,95,2,96,56,97,84,91.0
2026-04-18 03:00:30 PM,KXATPCHALLENGERMATCH-26APR18DANHYU-DAN,90,15,89,20,88,1,85,400,83,1142,92,1,94,27,95,2,96,56,97,84,91.0
2026-04-18 03:00:58 PM,KXATPCHALLENGERMATCH-26APR18DANHYU-DAN,90,15,89,20,88,1,85,400,83,1142,92,1,94,27,95,16,96,56,97,84,91.0
2026-04-18 03:00:58 PM,KXATPCHALLENGERMATCH-26APR18DANHYU-DAN,90,15,89,20,88,1,85,400,83,1142,92,1,94,27,95,16,97,84,98,366,91.0
2026-04-18 03:00:58 PM,KXATPCHALLENGERMATCH-26APR18DANHYU-DAN,90,15,89,20,88,1,85,400,83,1142,92,1,94,27,95,35,97,84,98,366,91.0
2026-04-18 03:04:12 PM,KXATPCHALLENGERMATCH-26APR18DANHYU-DAN,90,14,89,20,88,1,85,400,83,1142,94,25,95,33,97,84,98,366,99,4428,92.0
2026-04-18 03:08:10 PM,KXATPCHALLENGERMATCH-26APR18DANHYU-DAN,90,14,89,20,88,1,85,400,83,1142,94,25,95,33,97,84,98,366,99,4433,92.0
2026-04-18 03:08:25 PM,KXATPCHALLENGERMATCH-26APR18DANHYU-DAN,90,14,89,20,88,1,85,400,83,1142,94,24,95,33,97,84,98,366,99,4433,92.0
2026-04-18 03:08:25 PM,KXATPCHALLENGERMATCH-26APR18DANHYU-DAN,90,14,89,20,88,1,85,400,83,1142,94,23,95,33,97,84,98,366,99,4433,92.0
2026-04-18 03:08:25 PM,KXATPCHALLENGERMATCH-26APR18DANHYU-DAN,90,14,89,20,88,1,85,400,83,1142,94,23,95,33,96,38,97,84,98,366,92.0
2026-04-18 03:08:25 PM,KXATPCHALLENGERMATCH-26APR18DANHYU-DAN,90,14,89,20,88,1,85,400,83,1142,94,23,95,14,96,38,97,84,98,366,92.0
2026-04-18 03:10:13 PM,KXATPCHALLENGERMATCH-26APR18DANHYU-DAN,90,14,89,20,88,1,85,400,83,1142,94,23,95,14,96,81,97,84,98,366,92.0
2026-04-18 03:10:13 PM,KXATPCHALLENGERMATCH-26APR18DANHYU-DAN,90,14,89,20,88,1,85,400,83,1142,94,23,95,14,96,43,97,84,98,366,92.0
2026-04-18 03:10:13 PM,KXATPCHALLENGERMATCH-26APR18DANHYU-DAN,90,14,89,20,88,1,85,400,83,1142,94,23,95,34,96,43,97,84,98,366,92.0
2026-04-18 03:10:13 PM,KXATPCHALLENGERMATCH-26APR18DANHYU-DAN,90,14,89,20,88,1,85,400,83,1142,94,23,95,59,96,43,97,84,98,366,92.0
2026-04-18 03:10:13 PM,KXATPCHALLENGERMATCH-26APR18DANHYU-DAN,90,14,89,20,88,1,85,400,83,1142,94,38,95,59,96,43,97,84,98,366,92.0
2026-04-18 03:11:30 PM,KXATPCHALLENGERMATCH-26APR18DANHYU-DAN,90,14,89,20,88,1,85,400,83,1142,94,36,95,59,96,43,97,84,98,366,92.0
2026-04-18 03:17:03 PM,KXATPCHALLENGERMATCH-26APR18DANHYU-DAN,90,14,89,20,88,1,85,400,61,66,94,36,95,59,96,43,97,84,98,366,92.0
2026-04-18 03:17:03 PM,KXATPCHALLENGERMATCH-26APR18DANHYU-DAN,90,14,89,20,88,1,85,400,84,64,94,36,95,59,96,43,97,84,98,366,92.0
2026-04-18 03:17:03 PM,KXATPCHALLENGERMATCH-26APR18DANHYU-DAN,90,14,89,20,88,1,85,400,84,64,94,36,95,59,96,43,97,84,98,401,92.0
2026-04-18 03:17:03 PM,KXATPCHALLENGERMATCH-26APR18DANHYU-DAN,90,14,89,20,88,1,85,400,84,64,94,16,95,59,96,43,97,84,98,401,92.0
2026-04-18 03:17:03 PM,KXATPCHALLENGERMATCH-26APR18DANHYU-DAN,90,14,89,20,88,1,85,400,84,64,94,16,95,59,96,43,97,84,98,245,92.0
2026-04-18 03:17:03 PM,KXATPCHALLENGERMATCH-26APR18DANHYU-DAN,90,14,89,20,88,1,85,400,84,64,94,16,95,59,96,63,97,84,98,245,92.0
2026-04-18 03:37:28 PM,KXATPCHALLENGERMATCH-26APR18DANHYU-DAN,90,14,89,20,88,1,85,400,84,64,94,15,95,59,96,63,97,84,98,245,92.0,499,466,0.517
2026-04-18 03:42:08 PM,KXATPCHALLENGERMATCH-26APR18DANHYU-DAN,90,14,89,20,88,1,85,400,84,64,94,15,95,178,96,63,97,84,98,245,92.0,499,585,0.460
2026-04-18 03:42:08 PM,KXATPCHALLENGERMATCH-26APR18DANHYU-DAN,90,14,89,20,88,1,85,400,62,117,94,15,95,178,96,63,97,84,98,245,92.0,552,585,0.485
2026-04-18 03:42:08 PM,KXATPCHALLENGERMATCH-26APR18DANHYU-DAN,90,14,89,20,88,1,85,547,62,117,94,15,95,178,96,63,97,84,98,245,92.0,699,585,0.544
2026-04-18 03:42:10 PM,KXATPCHALLENGERMATCH-26APR18DANHYU-DAN,90,14,89,20,88,1,85,547,61,66,94,15,95,178,96,63,97,84,98,245,92.0,648,585,0.526
2026-04-18 03:56:55 PM,KXATPCHALLENGERMATCH-26APR18DANHYU-DAN,90,14,89,20,88,1,85,547,61,66,94,15,95,178,96,63,97,84,98,245,92.0,648,585,0.526
2026-04-18 03:57:40 PM,KXATPCHALLENGERMATCH-26APR18DANHYU-DAN,90,14,89,20,88,1,85,547,61,66,94,15,95,178,96,63,97,84,98,245,92.0,648,585,0.526
2026-04-18 04:01:21 PM,KXATPCHALLENGERMATCH-26APR18DANHYU-DAN,90,14,89,20,88,1,85,512,61,66,94,15,95,178,96,63,97,84,98,245,92.0,613,585,0.512
2026-04-18 04:07:19 PM,KXATPCHALLENGERMATCH-26APR18DANHYU-DAN,90,14,89,20,88,1,85,512,61,66,94,15,95,178,96,63,97,84,98,245,92.0,613,585,0.512
2026-04-18 04:08:36 PM,KXATPCHALLENGERMATCH-26APR18DANHYU-DAN,90,14,89,20,88,1,85,512,61,66,94,14,95,178,96,63,97,84,98,245,92.0,613,584,0.512
2026-04-18 04:08:36 PM,KXATPCHALLENGERMATCH-26APR18DANHYU-DAN,90,14,89,20,88,1,85,512,61,34,94,14,95,178,96,63,97,84,98,245,92.0,581,584,0.499
2026-04-18 04:09:01 PM,KXATPCHALLENGERMATCH-26APR18DANHYU-DAN,91,1,90,14,89,20,88,1,85,512,94,14,95,178,96,63,97,84,98,245,92.5,548,584,0.484
2026-04-18 04:09:02 PM,KXATPCHALLENGERMATCH-26APR18DANHYU-DAN,91,1,90,14,89,1,88,1,85,512,94,14,95,178,96,63,97,84,98,245,92.5,529,584,0.475
2026-04-18 04:09:02 PM,KXATPCHALLENGERMATCH-26APR18DANHYU-DAN,91,1,90,1,89,1,88,1,85,512,94,14,95,178,96,63,97,84,98,245,92.5,516,584,0.469
2026-04-18 04:09:02 PM,KXATPCHALLENGERMATCH-26APR18DANHYU-DAN,91,1,90,1,89,1,88,1,85,512,94,14,95,178,96,43,97,84,98,245,92.5,516,564,0.478
2026-04-18 04:09:02 PM,KXATPCHALLENGERMATCH-26APR18DANHYU-DAN,91,1,90,1,89,1,88,1,85,512,94,14,95,158,96,43,97,84,98,245,92.5,516,544,0.487
2026-04-18 04:10:33 PM,KXATPCHALLENGERMATCH-26APR18DANHYU-DAN,91,15,90,1,89,1,88,1,85,512,94,14,95,158,96,43,97,84,98,245,92.5,530,544,0.493
2026-04-18 04:10:36 PM,KXATPCHALLENGERMATCH-26APR18DANHYU-DAN,91,15,90,21,89,1,88,1,85,512,94,14,95,158,96,43,97,84,98,245,92.5,550,544,0.503
2026-04-18 04:10:36 PM,KXATPCHALLENGERMATCH-26APR18DANHYU-DAN,91,15,90,21,89,1,88,1,85,512,94,14,95,182,96,43,97,84,98,245,92.5,550,568,0.492
2026-04-18 04:17:23 PM,KXATPCHALLENGERMATCH-26APR18DANHYU-DAN,91,15,90,21,89,1,88,1,85,512,94,14,95,182,96,63,97,84,98,245,92.5,550,588,0.483
2026-04-18 04:30:05 PM,KXATPCHALLENGERMATCH-26APR18DANHYU-DAN,91,14,90,21,89,1,88,1,85,512,94,14,95,182,96,63,97,84,98,245,92.5,549,588,0.483
2026-04-18 04:30:06 PM,KXATPCHALLENGERMATCH-26APR18DANHYU-DAN,90,21,89,1,88,1,85,512,61,34,94,14,95,182,96,63,97,84,98,245,92.0,569,588,0.492
2026-04-18 04:30:06 PM,KXATPCHALLENGERMATCH-26APR18DANHYU-DAN,90,37,89,1,88,1,85,512,61,34,94,14,95,182,96,63,97,84,98,245,92.0,585,588,0.499
2026-04-18 04:30:06 PM,KXATPCHALLENGERMATCH-26APR18DANHYU-DAN,90,37,89,21,88,1,85,512,61,34,94,14,95,182,96,63,97,84,98,245,92.0,605,588,0.507
2026-04-18 04:30:06 PM,KXATPCHALLENGERMATCH-26APR18DANHYU-DAN,90,17,89,21,88,1,85,512,61,34,94,14,95,182,96,63,97,84,98,245,92.0,585,588,0.499
2026-04-18 04:33:35 PM,KXATPCHALLENGERMATCH-26APR18DANHYU-DAN,90,17,89,21,88,1,85,400,61,34,94,14,95,182,96,63,97,84,98,245,92.0,473,588,0.446
2026-04-18 04:41:41 PM,KXATPCHALLENGERMATCH-26APR18DANHYU-DAN,90,17,89,21,88,1,85,512,61,34,94,14,95,182,96,63,97,84,98,245,92.0,585,588,0.499
2026-04-18 04:47:36 PM,KXATPCHALLENGERMATCH-26APR18DANHYU-DAN,90,17,89,21,88,1,85,512,61,34,94,13,95,182,96,63,97,84,98,245,92.0,585,587,0.499
2026-04-18 04:51:05 PM,KXATPCHALLENGERMATCH-26APR18DANHYU-DAN,90,17,89,21,88,1,85,512,61,34,95,182,96,63,97,84,98,245,99,5035,92.5,585,5609,0.094
2026-04-18 04:51:24 PM,KXATPCHALLENGERMATCH-26APR18DANHYU-DAN,90,17,89,21,88,1,85,512,61,34,95,168,96,63,97,84,98,245,99,5035,92.5,585,5595,0.095
2026-04-18 04:51:24 PM,KXATPCHALLENGERMATCH-26APR18DANHYU-DAN,90,17,89,21,88,1,85,512,61,34,95,143,96,63,97,84,98,245,99,5035,92.5,585,5570,0.095
2026-04-18 04:51:24 PM,KXATPCHALLENGERMATCH-26APR18DANHYU-DAN,90,17,89,21,88,1,85,512,61,34,95,24,96,63,97,84,98,245,99,5035,92.5,585,5451,0.097
2026-04-18 04:51:24 PM,KXATPCHALLENGERMATCH-26APR18DANHYU-DAN,90,17,89,21,88,1,85,512,61,34,96,63,97,84,98,245,99,5035,,,93.0,585,5427,0.097
2026-04-18 04:51:24 PM,KXATPCHALLENGERMATCH-26APR18DANHYU-DAN,90,26,89,21,88,1,85,512,61,34,96,63,97,84,98,245,99,5035,,,93.0,594,5427,0.099
2026-04-18 04:51:24 PM,KXATPCHALLENGERMATCH-26APR18DANHYU-DAN,90,26,89,21,88,1,85,512,61,34,95,14,96,63,97,84,98,245,99,5035,92.5,594,5441,0.098
2026-04-18 04:51:25 PM,KXATPCHALLENGERMATCH-26APR18DANHYU-DAN,91,5,90,26,89,21,88,1,85,512,95,14,96,63,97,84,98,245,99,5035,93.0,565,5441,0.094
2026-04-18 04:51:25 PM,KXATPCHALLENGERMATCH-26APR18DANHYU-DAN,91,5,90,26,89,1,88,1,85,512,95,14,96,63,97,84,98,245,99,5035,93.0,545,5441,0.091
2026-04-18 04:51:25 PM,KXATPCHALLENGERMATCH-26APR18DANHYU-DAN,91,25,90,26,89,1,88,1,85,512,95,14,96,63,97,84,98,245,99,5035,93.0,565,5441,0.094
2026-04-18 04:51:28 PM,KXATPCHALLENGERMATCH-26APR18DANHYU-DAN,91,25,90,26,89,1,88,1,85,512,95,40,96,63,97,84,98,245,99,5035,93.0,565,5467,0.094
2026-04-18 04:51:28 PM,KXATPCHALLENGERMATCH-26APR18DANHYU-DAN,91,25,90,26,89,1,88,1,85,538,95,40,96,63,97,84,98,245,99,5035,93.0,591,5467,0.098
2026-04-18 04:51:43 PM,KXATPCHALLENGERMATCH-26APR18DANHYU-DAN,92,39,91,25,90,26,89,1,88,1,95,40,96,63,97,84,98,245,99,5035,93.5,92,5467,0.017
2026-04-18 04:51:43 PM,KXATPCHALLENGERMATCH-26APR18DANHYU-DAN,92,39,91,29,90,26,89,1,88,1,95,40,96,63,97,84,98,245,99,5035,93.5,96,5467,0.017
2026-04-18 04:51:44 PM,KXATPCHALLENGERMATCH-26APR18DANHYU-DAN,92,39,91,29,90,10,89,1,88,1,95,40,96,63,97,84,98,245,99,5035,93.5,80,5467,0.014
2026-04-18 04:51:44 PM,KXATPCHALLENGERMATCH-26APR18DANHYU-DAN,92,39,91,29,90,1,89,1,88,1,95,40,96,63,97,84,98,245,99,5035,93.5,71,5467,0.013
2026-04-18 04:51:53 PM,KXATPCHALLENGERMATCH-26APR18DANHYU-DAN,92,39,91,29,90,1,89,1,88,1,95,26,96,63,97,84,98,245,99,5035,93.5,71,5453,0.013
2026-04-18 04:51:53 PM,KXATPCHALLENGERMATCH-26APR18DANHYU-DAN,92,39,91,29,90,1,89,1,88,1,96,63,97,84,98,245,99,5035,,,94.0,71,5427,0.013
2026-04-18 04:51:53 PM,KXATPCHALLENGERMATCH-26APR18DANHYU-DAN,92,48,91,29,90,1,89,1,88,1,96,63,97,84,98,245,99,5035,,,94.0,80,5427,0.015
2026-04-18 04:51:53 PM,KXATPCHALLENGERMATCH-26APR18DANHYU-DAN,92,62,91,29,90,1,89,1,88,1,96,63,97,84,98,245,99,5035,,,94.0,94,5427,0.017
2026-04-18 04:51:53 PM,KXATPCHALLENGERMATCH-26APR18DANHYU-DAN,92,62,91,29,90,1,89,1,88,1,96,73,97,84,98,245,99,5035,,,94.0,94,5437,0.017
2026-04-18 04:51:53 PM,KXATPCHALLENGERMATCH-26APR18DANHYU-DAN,92,62,91,29,90,1,89,1,88,1,96,73,97,105,98,245,99,5035,,,94.0,94,5458,0.017
2026-04-18 04:51:54 PM,KXATPCHALLENGERMATCH-26APR18DANHYU-DAN,92,70,91,29,90,1,89,1,88,1,96,73,97,105,98,245,99,5035,,,94.0,102,5458,0.018
2026-04-18 04:51:55 PM,KXATPCHALLENGERMATCH-26APR18DANHYU-DAN,92,70,91,29,90,1,89,1,88,1,95,10,96,73,97,105,98,245,99,5035,93.5,102,5468,0.018
2026-04-18 04:51:55 PM,KXATPCHALLENGERMATCH-26APR18DANHYU-DAN,92,70,91,29,90,1,89,1,88,1,95,10,96,73,97,84,98,245,99,5035,93.5,102,5447,0.018
2026-04-18 04:51:55 PM,KXATPCHALLENGERMATCH-26APR18DANHYU-DAN,92,70,91,29,90,1,89,1,88,1,95,19,96,73,97,84,98,245,99,5035,93.5,102,5456,0.018
2026-04-18 04:52:13 PM,KXATPCHALLENGERMATCH-26APR18DANHYU-DAN,92,70,91,29,90,1,89,1,88,1,95,9,96,73,97,84,98,245,99,5035,93.5,102,5446,0.018
2026-04-18 04:52:13 PM,KXATPCHALLENGERMATCH-26APR18DANHYU-DAN,92,70,91,29,90,1,89,1,88,1,96,73,97,84,98,245,99,5035,,,94.0,102,5437,0.018
2026-04-18 04:52:13 PM,KXATPCHALLENGERMATCH-26APR18DANHYU-DAN,92,70,91,29,90,1,89,1,88,1,96,73,97,105,98,245,99,5035,,,94.0,102,5458,0.018
2026-04-18 04:52:14 PM,KXATPCHALLENGERMATCH-26APR18DANHYU-DAN,92,70,91,29,90,1,89,1,88,1,95,10,96,73,97,105,98,245,99,5035,93.5,102,5468,0.018
2026-04-18 04:52:14 PM,KXATPCHALLENGERMATCH-26APR18DANHYU-DAN,92,70,91,29,90,1,89,1,88,1,95,10,96,73,97,84,98,245,99,5035,93.5,102,5447,0.018
2026-04-18 04:52:14 PM,KXATPCHALLENGERMATCH-26APR18DANHYU-DAN,92,70,91,29,90,1,89,1,88,1,95,19,96,73,97,84,98,245,99,5035,93.5,102,5456,0.018
2026-04-18 04:52:14 PM,KXATPCHALLENGERMATCH-26APR18DANHYU-DAN,92,70,91,29,90,1,89,1,88,1,95,9,96,73,97,84,98,245,99,5035,93.5,102,5446,0.018
2026-04-18 04:52:14 PM,KXATPCHALLENGERMATCH-26APR18DANHYU-DAN,92,70,91,29,90,1,89,1,88,1,96,73,97,84,98,245,99,5035,,,94.0,102,5437,0.018
2026-04-18 04:52:14 PM,KXATPCHALLENGERMATCH-26APR18DANHYU-DAN,92,70,91,29,90,1,89,1,88,1,96,73,97,105,98,245,99,5035,,,94.0,102,5458,0.018
2026-04-18 04:52:15 PM,KXATPCHALLENGERMATCH-26APR18DANHYU-DAN,92,70,91,29,90,1,89,1,88,1,95,10,96,73,97,105,98,245,99,5035,93.5,102,5468,0.018
2026-04-18 04:52:15 PM,KXATPCHALLENGERMATCH-26APR18DANHYU-DAN,92,70,91,29,90,1,89,1,88,1,95,19,96,73,97,105,98,245,99,5035,93.5,102,5477,0.018
2026-04-18 04:52:15 PM,KXATPCHALLENGERMATCH-26APR18DANHYU-DAN,92,70,91,29,90,1,89,1,88,1,95,19,96,73,97,84,98,245,99,5035,93.5,102,5456,0.018
2026-04-18 04:52:15 PM,KXATPCHALLENGERMATCH-26APR18DANHYU-DAN,92,70,91,29,90,1,89,1,88,1,95,9,96,73,97,84,98,245,99,5035,93.5,102,5446,0.018
2026-04-18 04:52:15 PM,KXATPCHALLENGERMATCH-26APR18DANHYU-DAN,92,70,91,29,90,1,89,1,88,1,95,9,96,73,97,105,98,245,99,5035,93.5,102,5467,0.018
2026-04-18 04:52:15 PM,KXATPCHALLENGERMATCH-26APR18DANHYU-DAN,92,70,91,29,90,1,89,1,88,1,96,73,97,105,98,245,99,5035,,,94.0,102,5458,0.018
2026-04-18 04:52:18 PM,KXATPCHALLENGERMATCH-26APR18DANHYU-DAN,92,70,91,29,90,1,89,1,88,1,95,10,96,73,97,105,98,245,99,5035,93.5,102,5468,0.018
2026-04-18 04:52:18 PM,KXATPCHALLENGERMATCH-26APR18DANHYU-DAN,92,70,91,29,90,1,89,1,88,1,95,19,96,73,97,105,98,245,99,5035,93.5,102,5477,0.018
2026-04-18 04:52:18 PM,KXATPCHALLENGERMATCH-26APR18DANHYU-DAN,92,70,91,29,90,1,89,1,88,1,95,19,96,73,97,84,98,245,99,5035,93.5,102,5456,0.018
2026-04-18 04:52:18 PM,KXATPCHALLENGERMATCH-26APR18DANHYU-DAN,92,70,91,29,90,1,89,1,88,1,95,9,96,73,97,84,98,245,99,5035,93.5,102,5446,0.018
2026-04-18 04:52:18 PM,KXATPCHALLENGERMATCH-26APR18DANHYU-DAN,92,70,91,29,90,1,89,1,88,1,94,10,95,9,96,73,97,84,98,245,93.0,102,421,0.195
2026-04-18 04:52:21 PM,KXATPCHALLENGERMATCH-26APR18DANHYU-DAN,92,31,91,29,90,1,89,1,88,1,94,10,95,9,96,73,97,84,98,245,93.0,63,421,0.130
2026-04-18 04:52:21 PM,KXATPCHALLENGERMATCH-26APR18DANHYU-DAN,92,31,91,24,90,1,89,1,88,1,94,10,95,9,96,73,97,84,98,245,93.0,58,421,0.121
2026-04-18 04:52:21 PM,KXATPCHALLENGERMATCH-26APR18DANHYU-DAN,92,31,91,24,90,73,89,1,88,1,94,10,95,9,96,73,97,84,98,245,93.0,130,421,0.236
2026-04-18 04:52:21 PM,KXATPCHALLENGERMATCH-26APR18DANHYU-DAN,92,31,91,4,90,73,89,1,88,1,94,10,95,9,96,73,97,84,98,245,93.0,110,421,0.207
2026-04-18 04:52:21 PM,KXATPCHALLENGERMATCH-26APR18DANHYU-DAN,92,31,91,4,90,73,89,22,88,1,94,10,95,9,96,73,97,84,98,245,93.0,131,421,0.237
2026-04-18 04:52:21 PM,KXATPCHALLENGERMATCH-26APR18DANHYU-DAN,92,31,90,73,89,22,88,1,86,60,94,10,95,9,96,73,97,84,98,245,93.0,187,421,0.308
2026-04-18 04:52:21 PM,KXATPCHALLENGERMATCH-26APR18DANHYU-DAN,92,22,90,73,89,22,88,1,86,60,94,10,95,9,96,73,97,84,98,245,93.0,178,421,0.297
2026-04-18 04:52:21 PM,KXATPCHALLENGERMATCH-26APR18DANHYU-DAN,92,8,90,73,89,22,88,1,86,60,94,10,95,9,96,73,97,84,98,245,93.0,164,421,0.280
2026-04-18 04:52:21 PM,KXATPCHALLENGERMATCH-26APR18DANHYU-DAN,90,73,89,22,88,1,86,60,85,538,94,10,95,9,96,73,97,84,98,245,92.0,694,421,0.622
2026-04-18 04:52:21 PM,KXATPCHALLENGERMATCH-26APR18DANHYU-DAN,90,73,89,22,88,1,86,60,85,538,95,9,96,73,97,84,98,245,99,5035,92.5,694,5446,0.113
2026-04-18 04:52:21 PM,KXATPCHALLENGERMATCH-26APR18DANHYU-DAN,92,39,90,73,89,22,88,1,86,60,95,9,96,73,97,84,98,245,99,5035,93.5,195,5446,0.035
2026-04-18 04:52:22 PM,KXATPCHALLENGERMATCH-26APR18DANHYU-DAN,92,39,90,1,89,22,88,1,86,60,95,9,96,73,97,84,98,245,99,5035,93.5,123,5446,0.022
2026-04-18 04:52:22 PM,KXATPCHALLENGERMATCH-26APR18DANHYU-DAN,92,39,90,1,89,1,88,1,86,60,95,9,96,73,97,84,98,245,99,5035,93.5,102,5446,0.018
2026-04-18 04:52:22 PM,KXATPCHALLENGERMATCH-26APR18DANHYU-DAN,92,39,90,1,89,1,88,1,86,60,96,73,97,84,98,245,99,5035,,,94.0,102,5437,0.018
2026-04-18 04:52:22 PM,KXATPCHALLENGERMATCH-26APR18DANHYU-DAN,92,70,90,1,89,1,88,1,86,60,96,73,97,84,98,245,99,5035,,,94.0,133,5437,0.024
2026-04-18 04:52:22 PM,KXATPCHALLENGERMATCH-26APR18DANHYU-DAN,92,70,91,21,90,1,89,1,88,1,96,73,97,84,98,245,99,5035,,,94.0,94,5437,0.017
2026-04-18 04:52:22 PM,KXATPCHALLENGERMATCH-26APR18DANHYU-DAN,92,70,91,21,90,1,89,1,88,1,96,73,97,105,98,245,99,5035,,,94.0,94,5458,0.017
2026-04-18 04:52:22 PM,KXATPCHALLENGERMATCH-26APR18DANHYU-DAN,92,70,91,21,90,1,89,1,88,1,95,10,96,73,97,105,98,245,99,5035,93.5,94,5468,0.017
2026-04-18 04:52:22 PM,KXATPCHALLENGERMATCH-26APR18DANHYU-DAN,92,70,91,21,90,1,89,1,88,1,95,10,96,73,97,84,98,245,99,5035,93.5,94,5447,0.017
2026-04-18 04:52:23 PM,KXATPCHALLENGERMATCH-26APR18DANHYU-DAN,92,70,91,21,90,1,89,1,88,1,95,19,96,73,97,84,98,245,99,5035,93.5,94,5456,0.017
2026-04-18 04:52:23 PM,KXATPCHALLENGERMATCH-26APR18DANHYU-DAN,92,70,91,21,90,1,89,1,88,1,95,9,96,73,97,84,98,245,99,5035,93.5,94,5446,0.017
2026-04-18 04:52:23 PM,KXATPCHALLENGERMATCH-26APR18DANHYU-DAN,92,70,91,21,90,1,89,1,88,1,94,10,95,9,96,73,97,84,98,245,93.0,94,421,0.183
2026-04-18 04:52:58 PM,KXATPCHALLENGERMATCH-26APR18DANHYU-DAN,92,31,91,21,90,1,89,1,88,1,94,10,95,9,96,73,97,84,98,245,93.0,55,421,0.116
2026-04-18 04:52:58 PM,KXATPCHALLENGERMATCH-26APR18DANHYU-DAN,91,21,90,1,89,1,88,1,86,60,94,10,95,9,96,73,97,84,98,245,92.5,84,421,0.166
2026-04-18 04:52:58 PM,KXATPCHALLENGERMATCH-26APR18DANHYU-DAN,91,21,90,73,89,1,88,1,86,60,94,10,95,9,96,73,97,84,98,245,92.5,156,421,0.270
2026-04-18 04:52:58 PM,KXATPCHALLENGERMATCH-26APR18DANHYU-DAN,91,21,90,73,89,22,88,1,86,60,94,10,95,9,96,73,97,84,98,245,92.5,177,421,0.296
2026-04-18 04:52:58 PM,KXATPCHALLENGERMATCH-26APR18DANHYU-DAN,90,73,89,22,88,1,86,60,85,508,94,10,95,9,96,73,97,84,98,245,92.0,664,421,0.612
2026-04-18 04:52:58 PM,KXATPCHALLENGERMATCH-26APR18DANHYU-DAN,90,73,89,22,88,1,86,60,85,508,94,10,95,9,96,73,97,119,98,245,92.0,664,456,0.593
2026-04-18 04:52:59 PM,KXATPCHALLENGERMATCH-26APR18DANHYU-DAN,90,73,89,22,88,1,86,60,85,508,95,9,96,73,97,119,98,245,99,5035,92.5,664,5481,0.108
2026-04-18 04:52:59 PM,KXATPCHALLENGERMATCH-26APR18DANHYU-DAN,92,39,90,73,89,22,88,1,86,60,95,9,96,73,97,119,98,245,99,5035,93.5,195,5481,0.034
2026-04-18 04:52:59 PM,KXATPCHALLENGERMATCH-26APR18DANHYU-DAN,92,39,90,73,89,22,88,1,86,60,95,9,96,73,97,84,98,245,99,5035,93.5,195,5446,0.035
2026-04-18 04:52:59 PM,KXATPCHALLENGERMATCH-26APR18DANHYU-DAN,92,70,90,73,89,22,88,1,86,60,95,9,96,73,97,84,98,245,99,5035,93.5,226,5446,0.040
2026-04-18 04:52:59 PM,KXATPCHALLENGERMATCH-26APR18DANHYU-DAN,92,70,91,21,90,73,89,22,88,1,95,9,96,73,97,84,98,245,99,5035,93.5,187,5446,0.033
2026-04-18 04:52:59 PM,KXATPCHALLENGERMATCH-26APR18DANHYU-DAN,92,70,91,21,90,73,89,22,88,1,95,9,96,73,97,105,98,245,99,5035,93.5,187,5467,0.033
2026-04-18 04:52:59 PM,KXATPCHALLENGERMATCH-26APR18DANHYU-DAN,92,70,91,21,90,1,89,22,88,1,95,9,96,73,97,105,98,245,99,5035,93.5,115,5467,0.021
2026-04-18 04:52:59 PM,KXATPCHALLENGERMATCH-26APR18DANHYU-DAN,92,70,91,21,90,1,89,1,88,1,95,9,96,73,97,105,98,245,99,5035,93.5,94,5467,0.017
2026-04-18 04:52:59 PM,KXATPCHALLENGERMATCH-26APR18DANHYU-DAN,92,70,91,21,90,1,89,1,88,1,96,73,97,105,98,245,99,5035,,,94.0,94,5458,0.017
2026-04-18 04:53:36 PM,KXATPCHALLENGERMATCH-26APR18DANHYU-DAN,92,31,91,21,90,1,89,1,88,1,96,73,97,105,98,245,99,5035,,,94.0,55,5458,0.010
2026-04-18 04:53:36 PM,KXATPCHALLENGERMATCH-26APR18DANHYU-DAN,91,21,90,1,89,1,88,1,86,60,96,73,97,105,98,245,99,5035,,,93.5,84,5458,0.015
2026-04-18 04:53:36 PM,KXATPCHALLENGERMATCH-26APR18DANHYU-DAN,91,52,90,1,89,1,88,1,86,60,96,73,97,105,98,245,99,5035,,,93.5,115,5458,0.021
2026-04-18 04:53:36 PM,KXATPCHALLENGERMATCH-26APR18DANHYU-DAN,91,52,90,1,89,1,88,1,86,60,96,73,97,84,98,245,99,5035,,,93.5,115,5437,0.021
2026-04-18 04:53:36 PM,KXATPCHALLENGERMATCH-26APR18DANHYU-DAN,91,52,90,21,89,1,88,1,86,60,96,73,97,84,98,245,99,5035,,,93.5,135,5437,0.024
2026-04-18 04:53:36 PM,KXATPCHALLENGERMATCH-26APR18DANHYU-DAN,91,52,90,21,89,1,88,1,86,60,95,9,96,73,97,84,98,245,99,5035,93.0,135,5446,0.024
2026-04-18 04:53:36 PM,KXATPCHALLENGERMATCH-26APR18DANHYU-DAN,92,39,91,52,90,21,89,1,88,1,95,9,96,73,97,84,98,245,99,5035,93.5,114,5446,0.021
2026-04-18 04:53:37 PM,KXATPCHALLENGERMATCH-26APR18DANHYU-DAN,92,39,91,52,90,1,89,1,88,1,95,9,96,73,97,84,98,245,99,5035,93.5,94,5446,0.017
2026-04-18 04:53:37 PM,KXATPCHALLENGERMATCH-26APR18DANHYU-DAN,92,39,91,31,90,1,89,1,88,1,95,9,96,73,97,84,98,245,99,5035,93.5,73,5446,0.013
2026-04-18 04:53:37 PM,KXATPCHALLENGERMATCH-26APR18DANHYU-DAN,92,70,91,31,90,1,89,1,88,1,95,9,96,73,97,84,98,245,99,5035,93.5,104,5446,0.019
2026-04-18 04:53:37 PM,KXATPCHALLENGERMATCH-26APR18DANHYU-DAN,92,70,91,31,90,1,89,1,88,1,96,73,97,84,98,245,99,5035,,,94.0,104,5437,0.019
2026-04-18 04:53:37 PM,KXATPCHALLENGERMATCH-26APR18DANHYU-DAN,92,70,91,31,90,1,89,1,88,1,96,73,97,105,98,245,99,5035,,,94.0,104,5458,0.019
2026-04-18 04:53:37 PM,KXATPCHALLENGERMATCH-26APR18DANHYU-DAN,92,70,91,31,90,1,89,1,88,1,96,73,97,105,98,280,99,5035,,,94.0,104,5493,0.019
