ts_et,ticker,bid_1,bid_1_sz,bid_2,bid_2_sz,bid_3,bid_3_sz,bid_4,bid_4_sz,bid_5,bid_5_sz,ask_1,ask_1_sz,ask_2,ask_2_sz,ask_3,ask_3_sz,ask_4,ask_4_sz,ask_5,ask_5_sz,mid
2026-04-18 11:23:53 AM,KXATPCHALLENGERMATCH-26APR18CHUPAR-PAR,6,116,5,194,4,823,3,540,2,900,94,15,95,25,96,543,97,72,98,123,50.0
2026-04-18 11:23:56 AM,KXATPCHALLENGERMATCH-26APR18CHUPAR-PAR,6,116,5,194,4,823,3,540,2,900,94,15,95,25,96,543,97,74,98,123,50.0
2026-04-18 11:32:49 AM,KXATPCHALLENGERMATCH-26APR18CHUPAR-PAR,58,500,6,116,5,194,4,823,3,540,94,15,95,25,96,543,97,74,98,123,76.0
2026-04-18 11:34:19 AM,KXATPCHALLENGERMATCH-26APR18CHUPAR-PAR,58,500,6,116,5,194,4,823,3,540,94,365,95,25,96,543,97,74,98,123,76.0
2026-04-18 11:34:24 AM,KXATPCHALLENGERMATCH-26APR18CHUPAR-PAR,58,500,6,116,5,194,4,823,3,540,94,365,95,25,96,543,97,84,98,123,76.0
2026-04-18 11:38:24 AM,KXATPCHALLENGERMATCH-26APR18CHUPAR-PAR,58,648,6,116,5,194,4,823,3,540,94,365,95,25,96,543,97,84,98,123,76.0
2026-04-18 11:38:24 AM,KXATPCHALLENGERMATCH-26APR18CHUPAR-PAR,58,648,6,116,5,194,4,823,3,540,67,139,94,365,95,25,96,543,97,84,62.5
2026-04-18 11:38:24 AM,KXATPCHALLENGERMATCH-26APR18CHUPAR-PAR,59,110,58,648,6,116,5,194,4,823,67,139,94,365,95,25,96,543,97,84,63.0
2026-04-18 11:38:24 AM,KXATPCHALLENGERMATCH-26APR18CHUPAR-PAR,60,107,59,110,58,648,6,116,5,194,67,139,94,365,95,25,96,543,97,84,63.5
2026-04-18 11:38:24 AM,KXATPCHALLENGERMATCH-26APR18CHUPAR-PAR,60,107,59,110,58,648,6,116,5,194,66,192,67,139,94,365,95,25,96,543,63.0
2026-04-18 11:38:24 AM,KXATPCHALLENGERMATCH-26APR18CHUPAR-PAR,60,107,59,262,58,648,6,116,5,194,66,192,67,139,94,365,95,25,96,543,63.0
2026-04-18 11:38:24 AM,KXATPCHALLENGERMATCH-26APR18CHUPAR-PAR,60,107,59,262,58,749,6,116,5,194,66,192,67,139,94,365,95,25,96,543,63.0
2026-04-18 11:38:24 AM,KXATPCHALLENGERMATCH-26APR18CHUPAR-PAR,60,107,59,262,58,749,6,116,5,194,66,327,67,139,94,365,95,25,96,543,63.0
2026-04-18 11:38:24 AM,KXATPCHALLENGERMATCH-26APR18CHUPAR-PAR,60,184,59,262,58,749,6,116,5,194,66,327,67,139,94,365,95,25,96,543,63.0
2026-04-18 11:38:24 AM,KXATPCHALLENGERMATCH-26APR18CHUPAR-PAR,60,184,59,262,58,749,6,116,5,194,66,327,67,227,94,365,95,25,96,543,63.0
2026-04-18 11:39:59 AM,KXATPCHALLENGERMATCH-26APR18CHUPAR-PAR,60,184,59,262,58,749,6,116,5,194,66,277,67,227,94,365,95,25,96,543,63.0
2026-04-18 11:39:59 AM,KXATPCHALLENGERMATCH-26APR18CHUPAR-PAR,61,171,60,184,59,262,58,749,6,116,66,277,67,227,94,365,95,25,96,543,63.5
2026-04-18 11:42:53 AM,KXATPCHALLENGERMATCH-26APR18CHUPAR-PAR,61,171,60,184,59,262,58,749,6,116,66,277,67,227,84,1,94,365,95,25,63.5
2026-04-18 11:42:53 AM,KXATPCHALLENGERMATCH-26APR18CHUPAR-PAR,61,171,60,184,59,262,58,749,6,116,66,277,67,227,84,1,94,365,95,26,63.5
2026-04-18 11:42:53 AM,KXATPCHALLENGERMATCH-26APR18CHUPAR-PAR,61,171,60,184,59,262,58,749,6,116,66,277,67,227,84,1,89,1,94,365,63.5
2026-04-18 11:57:34 AM,KXATPCHALLENGERMATCH-26APR18CHUPAR-PAR,61,171,60,184,59,262,58,749,6,116,66,276,67,227,84,1,89,1,94,365,63.5
2026-04-18 12:00:16 PM,KXATPCHALLENGERMATCH-26APR18CHUPAR-PAR,61,271,60,184,59,262,58,749,6,116,66,276,67,227,84,1,89,1,94,365,63.5
2026-04-18 12:00:16 PM,KXATPCHALLENGERMATCH-26APR18CHUPAR-PAR,61,271,60,184,59,262,58,749,6,116,66,776,67,227,84,1,89,1,94,365,63.5
2026-04-18 12:00:20 PM,KXATPCHALLENGERMATCH-26APR18CHUPAR-PAR,61,171,60,184,59,262,58,749,6,116,66,776,67,227,84,1,89,1,94,365,63.5
2026-04-18 12:00:20 PM,KXATPCHALLENGERMATCH-26APR18CHUPAR-PAR,61,171,60,184,59,262,58,749,6,116,66,276,67,227,84,1,89,1,94,365,63.5
2026-04-18 12:06:25 PM,KXATPCHALLENGERMATCH-26APR18CHUPAR-PAR,61,171,60,198,59,262,58,749,6,116,66,276,67,227,84,1,89,1,94,365,63.5
2026-04-18 12:06:25 PM,KXATPCHALLENGERMATCH-26APR18CHUPAR-PAR,61,171,60,198,59,271,58,749,6,116,66,276,67,227,84,1,89,1,94,365,63.5
2026-04-18 12:06:25 PM,KXATPCHALLENGERMATCH-26APR18CHUPAR-PAR,61,171,60,198,59,271,58,749,6,116,66,276,67,241,84,1,89,1,94,365,63.5
2026-04-18 12:06:25 PM,KXATPCHALLENGERMATCH-26APR18CHUPAR-PAR,61,171,60,198,59,271,58,749,6,116,66,276,67,241,83,99,84,1,89,1,63.5
2026-04-18 12:07:07 PM,KXATPCHALLENGERMATCH-26APR18CHUPAR-PAR,61,171,60,198,59,271,58,749,6,116,66,262,67,241,83,99,84,1,89,1,63.5
2026-04-18 12:17:45 PM,KXATPCHALLENGERMATCH-26APR18CHUPAR-PAR,61,171,60,198,59,271,58,749,6,116,66,261,67,241,83,99,84,1,89,1,63.5
2026-04-18 12:17:53 PM,KXATPCHALLENGERMATCH-26APR18CHUPAR-PAR,61,171,60,198,59,271,58,749,6,116,66,261,67,241,83,100,84,1,89,1,63.5
2026-04-18 12:17:53 PM,KXATPCHALLENGERMATCH-26APR18CHUPAR-PAR,61,171,60,198,59,271,58,749,6,116,66,261,67,241,82,100,83,100,84,1,63.5
2026-04-18 12:17:53 PM,KXATPCHALLENGERMATCH-26APR18CHUPAR-PAR,61,171,60,198,59,271,58,749,6,116,66,261,67,241,82,100,83,1,84,1,63.5
2026-04-18 12:21:18 PM,KXATPCHALLENGERMATCH-26APR18CHUPAR-PAR,61,171,60,198,59,271,58,749,28,1034,66,261,67,241,82,100,83,1,84,1,63.5
2026-04-18 12:21:18 PM,KXATPCHALLENGERMATCH-26APR18CHUPAR-PAR,61,171,60,198,59,271,58,749,29,979,66,261,67,241,82,100,83,1,84,1,63.5
2026-04-18 12:21:41 PM,KXATPCHALLENGERMATCH-26APR18CHUPAR-PAR,61,171,60,198,59,271,58,749,30,2144,66,261,67,241,82,100,83,1,84,1,63.5
2026-04-18 12:34:55 PM,KXATPCHALLENGERMATCH-26APR18CHUPAR-PAR,61,333,60,198,59,271,58,749,30,2144,66,261,67,241,82,100,83,1,84,1,63.5
2026-04-18 12:34:55 PM,KXATPCHALLENGERMATCH-26APR18CHUPAR-PAR,61,333,60,363,59,271,58,749,30,2144,66,261,67,241,82,100,83,1,84,1,63.5
2026-04-18 12:34:55 PM,KXATPCHALLENGERMATCH-26APR18CHUPAR-PAR,61,333,60,363,59,368,58,749,30,2144,66,261,67,241,82,100,83,1,84,1,63.5
2026-04-18 12:34:55 PM,KXATPCHALLENGERMATCH-26APR18CHUPAR-PAR,61,333,60,363,59,368,58,749,47,213,66,261,67,241,82,100,83,1,84,1,63.5
2026-04-18 12:34:55 PM,KXATPCHALLENGERMATCH-26APR18CHUPAR-PAR,61,333,60,363,59,368,58,749,47,213,66,1426,67,241,82,100,83,1,84,1,63.5
2026-04-18 12:34:55 PM,KXATPCHALLENGERMATCH-26APR18CHUPAR-PAR,61,333,60,363,59,368,58,749,47,213,66,1426,67,767,82,100,83,1,84,1,63.5
2026-04-18 12:34:55 PM,KXATPCHALLENGERMATCH-26APR18CHUPAR-PAR,61,333,60,363,59,368,58,749,47,213,66,1426,67,767,68,434,82,100,83,1,63.5
2026-04-18 12:34:55 PM,KXATPCHALLENGERMATCH-26APR18CHUPAR-PAR,61,333,60,363,59,368,58,749,47,213,66,1426,67,767,68,434,83,1,84,1,63.5
2026-04-18 12:34:55 PM,KXATPCHALLENGERMATCH-26APR18CHUPAR-PAR,61,333,60,363,59,368,58,749,47,213,66,1426,67,767,68,434,80,2000,83,1,63.5
2026-04-18 12:34:55 PM,KXATPCHALLENGERMATCH-26APR18CHUPAR-PAR,61,333,60,363,59,368,58,749,47,213,66,1426,67,767,68,444,80,2000,83,1,63.5
2026-04-18 12:34:55 PM,KXATPCHALLENGERMATCH-26APR18CHUPAR-PAR,61,333,60,363,59,368,58,749,47,213,66,1426,67,767,68,444,72,2000,80,2000,63.5
2026-04-18 12:50:52 PM,KXATPCHALLENGERMATCH-26APR18CHUPAR-PAR,61,333,60,363,59,368,58,749,47,213,66,1426,67,767,68,444,80,2000,83,1,63.5
2026-04-18 01:00:32 PM,KXATPCHALLENGERMATCH-26APR18CHUPAR-PAR,61,333,60,363,59,368,58,749,47,213,66,1412,67,767,68,444,80,2000,83,1,63.5
2026-04-18 01:08:35 PM,KXATPCHALLENGERMATCH-26APR18CHUPAR-PAR,61,333,60,363,59,368,58,749,47,213,66,1402,67,767,68,444,80,2000,83,1,63.5
2026-04-18 01:09:20 PM,KXATPCHALLENGERMATCH-26APR18CHUPAR-PAR,61,333,60,363,59,368,58,749,47,213,66,1403,67,767,68,444,80,2000,83,1,63.5
2026-04-18 01:09:41 PM,KXATPCHALLENGERMATCH-26APR18CHUPAR-PAR,61,333,60,363,59,368,58,749,47,213,66,1402,67,767,68,444,80,2000,83,1,63.5
2026-04-18 01:36:58 PM,KXATPCHALLENGERMATCH-26APR18CHUPAR-PAR,61,333,60,363,59,368,58,749,47,213,66,1366,67,767,68,444,80,2000,83,1,63.5
2026-04-18 01:37:42 PM,KXATPCHALLENGERMATCH-26APR18CHUPAR-PAR,61,347,60,363,59,368,58,749,47,213,66,1366,67,767,68,444,80,2000,83,1,63.5
2026-04-18 01:37:42 PM,KXATPCHALLENGERMATCH-26APR18CHUPAR-PAR,61,347,60,363,59,359,58,749,47,213,66,1366,67,767,68,444,80,2000,83,1,63.5
2026-04-18 01:46:49 PM,KXATPCHALLENGERMATCH-26APR18CHUPAR-PAR,61,347,60,363,59,359,58,749,57,500,66,1366,67,767,68,444,80,2000,83,1,63.5
2026-04-18 01:51:27 PM,KXATPCHALLENGERMATCH-26APR18CHUPAR-PAR,64,5,61,347,60,363,59,359,58,749,66,1366,67,767,68,444,80,2000,83,1,65.0
2026-04-18 01:51:27 PM,KXATPCHALLENGERMATCH-26APR18CHUPAR-PAR,64,5,61,347,60,349,59,359,58,749,66,1366,67,767,68,444,80,2000,83,1,65.0
2026-04-18 01:51:27 PM,KXATPCHALLENGERMATCH-26APR18CHUPAR-PAR,64,5,62,25,61,347,60,349,59,359,66,1366,67,767,68,444,80,2000,83,1,65.0
2026-04-18 01:51:28 PM,KXATPCHALLENGERMATCH-26APR18CHUPAR-PAR,64,5,62,25,61,333,60,349,59,359,66,1366,67,767,68,444,80,2000,83,1,65.0
2026-04-18 01:51:28 PM,KXATPCHALLENGERMATCH-26APR18CHUPAR-PAR,64,5,63,15,62,25,61,333,60,349,66,1366,67,767,68,444,80,2000,83,1,65.0
2026-04-18 01:51:28 PM,KXATPCHALLENGERMATCH-26APR18CHUPAR-PAR,64,5,63,15,61,333,60,349,59,359,66,1366,67,767,68,444,80,2000,83,1,65.0
2026-04-18 01:51:28 PM,KXATPCHALLENGERMATCH-26APR18CHUPAR-PAR,64,5,63,15,62,10,61,333,60,349,66,1366,67,767,68,444,80,2000,83,1,65.0
2026-04-18 01:57:16 PM,KXATPCHALLENGERMATCH-26APR18CHUPAR-PAR,63,15,62,10,61,333,60,349,59,359,66,1366,67,767,68,444,80,2000,83,1,64.5
2026-04-18 01:57:16 PM,KXATPCHALLENGERMATCH-26APR18CHUPAR-PAR,63,15,62,15,61,333,60,349,59,359,66,1366,67,767,68,444,80,2000,83,1,64.5
2026-04-18 01:57:16 PM,KXATPCHALLENGERMATCH-26APR18CHUPAR-PAR,62,15,61,333,60,349,59,359,58,749,66,1366,67,767,68,444,80,2000,83,1,64.0
2026-04-18 01:57:17 PM,KXATPCHALLENGERMATCH-26APR18CHUPAR-PAR,62,5,61,333,60,349,59,359,58,749,66,1366,67,767,68,444,80,2000,83,1,64.0
2026-04-18 01:57:17 PM,KXATPCHALLENGERMATCH-26APR18CHUPAR-PAR,61,333,60,349,59,359,58,749,57,500,66,1366,67,767,68,444,80,2000,83,1,63.5
2026-04-18 02:07:42 PM,KXATPCHALLENGERMATCH-26APR18CHUPAR-PAR,61,348,60,349,59,359,58,749,57,500,66,1366,67,767,68,444,80,2000,83,1,63.5
2026-04-18 02:07:42 PM,KXATPCHALLENGERMATCH-26APR18CHUPAR-PAR,61,348,60,359,59,359,58,749,57,500,66,1366,67,767,68,444,80,2000,83,1,63.5
2026-04-18 02:15:47 PM,KXATPCHALLENGERMATCH-26APR18CHUPAR-PAR,65,1,61,348,60,359,59,359,58,749,66,1366,67,767,68,444,80,2000,83,1,65.5
2026-04-18 02:15:47 PM,KXATPCHALLENGERMATCH-26APR18CHUPAR-PAR,65,1,61,348,60,349,59,359,58,749,66,1366,67,767,68,444,80,2000,83,1,65.5
2026-04-18 02:15:47 PM,KXATPCHALLENGERMATCH-26APR18CHUPAR-PAR,65,1,62,36,61,348,60,349,59,359,66,1366,67,767,68,444,80,2000,83,1,65.5
2026-04-18 02:15:47 PM,KXATPCHALLENGERMATCH-26APR18CHUPAR-PAR,65,1,64,15,62,36,61,348,60,349,66,1366,67,767,68,444,80,2000,83,1,65.5
2026-04-18 02:15:47 PM,KXATPCHALLENGERMATCH-26APR18CHUPAR-PAR,65,1,64,15,62,36,61,333,60,349,66,1366,67,767,68,444,80,2000,83,1,65.5
2026-04-18 02:15:47 PM,KXATPCHALLENGERMATCH-26APR18CHUPAR-PAR,65,1,64,15,61,333,60,349,59,359,66,1366,67,767,68,444,80,2000,83,1,65.5
2026-04-18 02:15:48 PM,KXATPCHALLENGERMATCH-26APR18CHUPAR-PAR,65,1,64,15,62,21,61,333,60,349,66,1366,67,767,68,444,80,2000,83,1,65.5
2026-04-18 02:57:57 PM,KXATPCHALLENGERMATCH-26APR18CHUPAR-PAR,65,1,64,15,62,21,61,333,60,349,66,1303,67,767,68,444,80,2000,83,1,65.5
2026-04-18 02:57:57 PM,KXATPCHALLENGERMATCH-26APR18CHUPAR-PAR,65,1,64,15,62,21,61,333,60,349,66,1301,67,767,68,444,80,2000,83,1,65.5
2026-04-18 02:57:57 PM,KXATPCHALLENGERMATCH-26APR18CHUPAR-PAR,65,1,64,15,62,21,61,333,60,349,66,1301,67,767,68,581,80,2000,83,1,65.5
2026-04-18 03:04:12 PM,KXATPCHALLENGERMATCH-26APR18CHUPAR-PAR,65,1,64,15,62,21,61,333,60,349,66,1297,67,767,68,581,80,2000,83,1,65.5
2026-04-18 03:04:27 PM,KXATPCHALLENGERMATCH-26APR18CHUPAR-PAR,65,11,64,15,62,21,61,333,60,349,66,1297,67,767,68,581,80,2000,83,1,65.5
2026-04-18 03:04:27 PM,KXATPCHALLENGERMATCH-26APR18CHUPAR-PAR,65,11,62,21,61,333,60,349,59,359,66,1297,67,767,68,581,80,2000,83,1,65.5
2026-04-18 03:04:27 PM,KXATPCHALLENGERMATCH-26APR18CHUPAR-PAR,65,11,61,333,60,349,59,359,58,749,66,1297,67,767,68,581,80,2000,83,1,65.5
2026-04-18 03:04:27 PM,KXATPCHALLENGERMATCH-26APR18CHUPAR-PAR,65,11,61,348,60,349,59,359,58,749,66,1297,67,767,68,581,80,2000,83,1,65.5
2026-04-18 03:04:53 PM,KXATPCHALLENGERMATCH-26APR18CHUPAR-PAR,65,11,61,348,60,359,59,359,58,749,66,1297,67,767,68,581,80,2000,83,1,65.5
2026-04-18 03:08:06 PM,KXATPCHALLENGERMATCH-26APR18CHUPAR-PAR,65,11,61,348,60,359,59,359,58,749,66,1293,67,767,68,581,80,2000,83,1,65.5
2026-04-18 03:08:06 PM,KXATPCHALLENGERMATCH-26APR18CHUPAR-PAR,65,11,61,466,60,359,59,359,58,749,66,1293,67,767,68,581,80,2000,83,1,65.5
2026-04-18 03:10:06 PM,KXATPCHALLENGERMATCH-26APR18CHUPAR-PAR,65,11,61,466,60,369,59,359,58,749,66,1293,67,767,68,581,80,2000,83,1,65.5
2026-04-18 03:10:06 PM,KXATPCHALLENGERMATCH-26APR18CHUPAR-PAR,65,11,61,466,60,379,59,359,58,749,66,1293,67,767,68,581,80,2000,83,1,65.5
2026-04-18 03:10:06 PM,KXATPCHALLENGERMATCH-26APR18CHUPAR-PAR,65,11,61,466,60,389,59,359,58,749,66,1293,67,767,68,581,80,2000,83,1,65.5
2026-04-18 03:10:07 PM,KXATPCHALLENGERMATCH-26APR18CHUPAR-PAR,65,11,61,466,60,389,59,359,58,749,66,1303,67,767,68,581,80,2000,83,1,65.5
2026-04-18 03:10:07 PM,KXATPCHALLENGERMATCH-26APR18CHUPAR-PAR,65,11,61,466,60,389,59,359,58,749,66,1313,67,767,68,581,80,2000,83,1,65.5
2026-04-18 03:10:07 PM,KXATPCHALLENGERMATCH-26APR18CHUPAR-PAR,65,11,61,451,60,389,59,359,58,749,66,1313,67,767,68,581,80,2000,83,1,65.5
2026-04-18 03:10:07 PM,KXATPCHALLENGERMATCH-26APR18CHUPAR-PAR,65,11,61,451,60,379,59,359,58,749,66,1313,67,767,68,581,80,2000,83,1,65.5
2026-04-18 03:10:07 PM,KXATPCHALLENGERMATCH-26APR18CHUPAR-PAR,65,11,61,451,60,379,59,359,58,749,66,1313,67,767,68,571,80,2000,83,1,65.5
2026-04-18 03:10:07 PM,KXATPCHALLENGERMATCH-26APR18CHUPAR-PAR,65,11,61,451,60,379,59,359,58,749,66,1313,67,753,68,571,80,2000,83,1,65.5
2026-04-18 03:10:07 PM,KXATPCHALLENGERMATCH-26APR18CHUPAR-PAR,65,11,61,466,60,379,59,359,58,749,66,1313,67,753,68,571,80,2000,83,1,65.5
2026-04-18 03:10:08 PM,KXATPCHALLENGERMATCH-26APR18CHUPAR-PAR,65,11,61,481,60,379,59,359,58,749,66,1313,67,753,68,571,80,2000,83,1,65.5
2026-04-18 03:10:08 PM,KXATPCHALLENGERMATCH-26APR18CHUPAR-PAR,65,11,61,481,60,389,59,359,58,749,66,1313,67,753,68,571,80,2000,83,1,65.5
2026-04-18 03:10:08 PM,KXATPCHALLENGERMATCH-26APR18CHUPAR-PAR,65,11,61,481,60,389,59,359,58,749,66,1313,67,768,68,571,80,2000,83,1,65.5
2026-04-18 03:10:08 PM,KXATPCHALLENGERMATCH-26APR18CHUPAR-PAR,65,11,61,466,60,389,59,359,58,749,66,1313,67,768,68,571,80,2000,83,1,65.5
2026-04-18 03:10:08 PM,KXATPCHALLENGERMATCH-26APR18CHUPAR-PAR,65,11,61,466,60,389,59,359,58,749,66,1313,67,768,68,581,80,2000,83,1,65.5
2026-04-18 03:28:00 PM,KXATPCHALLENGERMATCH-26APR18CHUPAR-PAR,65,11,61,466,60,389,59,359,58,749,66,1314,67,768,68,581,80,2000,83,1,65.5
2026-04-18 03:34:26 PM,KXATPCHALLENGERMATCH-26APR18CHUPAR-PAR,65,1,61,466,60,389,59,359,58,749,66,1314,67,768,68,581,80,2000,83,1,65.5
2026-04-18 03:34:26 PM,KXATPCHALLENGERMATCH-26APR18CHUPAR-PAR,65,1,61,451,60,389,59,359,58,749,66,1314,67,768,68,581,80,2000,83,1,65.5
2026-04-18 03:34:26 PM,KXATPCHALLENGERMATCH-26APR18CHUPAR-PAR,65,1,61,451,60,379,59,359,58,749,66,1314,67,768,68,581,80,2000,83,1,65.5
2026-04-18 03:34:26 PM,KXATPCHALLENGERMATCH-26APR18CHUPAR-PAR,65,1,64,15,61,451,60,379,59,359,66,1314,67,768,68,581,80,2000,83,1,65.5
2026-04-18 03:34:27 PM,KXATPCHALLENGERMATCH-26APR18CHUPAR-PAR,65,1,64,15,62,22,61,451,60,379,66,1314,67,768,68,581,80,2000,83,1,65.5
2026-04-18 03:37:28 PM,KXATPCHALLENGERMATCH-26APR18CHUPAR-PAR,65,1,64,15,62,22,61,451,60,379,66,1314,67,768,68,581,80,2000,83,1,65.5,868,4664,0.157
2026-04-18 03:38:00 PM,KXATPCHALLENGERMATCH-26APR18CHUPAR-PAR,65,1,64,15,62,22,61,451,60,379,66,1313,67,768,68,581,80,2000,83,1,65.5,868,4663,0.157
2026-04-18 03:40:05 PM,KXATPCHALLENGERMATCH-26APR18CHUPAR-PAR,65,1,64,15,61,451,60,379,59,359,66,1313,67,768,68,581,80,2000,83,1,65.5,1205,4663,0.205
2026-04-18 03:40:05 PM,KXATPCHALLENGERMATCH-26APR18CHUPAR-PAR,65,1,61,451,60,379,59,359,58,749,66,1313,67,768,68,581,80,2000,83,1,65.5,1939,4663,0.294
2026-04-18 03:40:05 PM,KXATPCHALLENGERMATCH-26APR18CHUPAR-PAR,65,1,61,466,60,379,59,359,58,749,66,1313,67,768,68,581,80,2000,83,1,65.5,1954,4663,0.295
2026-04-18 03:40:05 PM,KXATPCHALLENGERMATCH-26APR18CHUPAR-PAR,65,1,61,466,60,390,59,359,58,749,66,1313,67,768,68,581,80,2000,83,1,65.5,1965,4663,0.296
2026-04-18 03:41:05 PM,KXATPCHALLENGERMATCH-26APR18CHUPAR-PAR,65,1,61,451,60,390,59,359,58,749,66,1313,67,768,68,581,80,2000,83,1,65.5,1950,4663,0.295
2026-04-18 03:41:05 PM,KXATPCHALLENGERMATCH-26APR18CHUPAR-PAR,65,1,61,451,60,379,59,359,58,749,66,1313,67,768,68,581,80,2000,83,1,65.5,1939,4663,0.294
2026-04-18 03:41:05 PM,KXATPCHALLENGERMATCH-26APR18CHUPAR-PAR,65,1,64,15,61,451,60,379,59,359,66,1313,67,768,68,581,80,2000,83,1,65.5,1205,4663,0.205
2026-04-18 03:41:05 PM,KXATPCHALLENGERMATCH-26APR18CHUPAR-PAR,65,1,64,15,62,22,61,451,60,379,66,1313,67,768,68,581,80,2000,83,1,65.5,868,4663,0.157
2026-04-18 03:44:04 PM,KXATPCHALLENGERMATCH-26APR18CHUPAR-PAR,65,1,64,15,62,22,61,451,60,379,66,1353,67,768,68,581,80,2000,83,1,65.5,868,4703,0.156
2026-04-18 03:56:55 PM,KXATPCHALLENGERMATCH-26APR18CHUPAR-PAR,65,1,64,15,62,22,61,451,60,379,66,1353,67,768,68,581,80,2000,83,1,65.5,868,4703,0.156
2026-04-18 03:57:40 PM,KXATPCHALLENGERMATCH-26APR18CHUPAR-PAR,65,1,64,15,62,22,61,451,60,379,66,1353,67,768,68,581,80,2000,83,1,65.5,868,4703,0.156
2026-04-18 04:04:16 PM,KXATPCHALLENGERMATCH-26APR18CHUPAR-PAR,65,1,64,15,62,22,61,451,60,379,66,1353,67,753,68,581,80,2000,83,1,65.5,868,4688,0.156
2026-04-18 04:04:16 PM,KXATPCHALLENGERMATCH-26APR18CHUPAR-PAR,65,1,64,15,62,22,61,451,60,379,66,1353,67,753,68,571,80,2000,83,1,65.5,868,4678,0.157
2026-04-18 04:04:16 PM,KXATPCHALLENGERMATCH-26APR18CHUPAR-PAR,65,1,62,22,61,451,60,379,59,359,66,1353,67,753,68,571,80,2000,83,1,65.5,1212,4678,0.206
2026-04-18 04:04:16 PM,KXATPCHALLENGERMATCH-26APR18CHUPAR-PAR,65,1,61,451,60,379,59,359,58,749,66,1353,67,753,68,571,80,2000,83,1,65.5,1939,4678,0.293
2026-04-18 04:06:17 PM,KXATPCHALLENGERMATCH-26APR18CHUPAR-PAR,65,1,64,16,61,451,60,379,59,359,66,1353,67,753,68,571,80,2000,83,1,65.5,1206,4678,0.205
2026-04-18 04:06:17 PM,KXATPCHALLENGERMATCH-26APR18CHUPAR-PAR,65,1,64,16,62,21,61,451,60,379,66,1353,67,753,68,571,80,2000,83,1,65.5,868,4678,0.157
2026-04-18 04:06:17 PM,KXATPCHALLENGERMATCH-26APR18CHUPAR-PAR,65,1,64,16,62,21,61,451,60,379,66,1353,67,769,68,571,80,2000,83,1,65.5,868,4694,0.156
2026-04-18 04:07:19 PM,KXATPCHALLENGERMATCH-26APR18CHUPAR-PAR,65,1,64,16,62,21,61,451,60,379,66,1353,67,769,68,571,80,2000,83,1,65.5,868,4694,0.156
2026-04-18 04:10:21 PM,KXATPCHALLENGERMATCH-26APR18CHUPAR-PAR,65,1,64,16,62,21,61,451,60,379,66,1353,67,769,68,581,80,2000,83,1,65.5,868,4704,0.156
2026-04-18 04:23:18 PM,KXATPCHALLENGERMATCH-26APR18CHUPAR-PAR,65,1,64,16,62,206,61,451,60,379,66,1353,67,769,68,581,80,2000,83,1,65.5,1053,4704,0.183
2026-04-18 04:23:18 PM,KXATPCHALLENGERMATCH-26APR18CHUPAR-PAR,65,1,64,16,62,185,61,451,60,379,66,1353,67,769,68,581,80,2000,83,1,65.5,1032,4704,0.180
2026-04-18 04:23:18 PM,KXATPCHALLENGERMATCH-26APR18CHUPAR-PAR,65,1,64,16,63,10,62,185,61,451,66,1353,67,769,68,581,80,2000,83,1,65.5,663,4704,0.124
2026-04-18 04:23:18 PM,KXATPCHALLENGERMATCH-26APR18CHUPAR-PAR,65,1,64,16,63,10,62,185,61,451,66,1298,67,769,68,581,80,2000,83,1,65.5,663,4649,0.125
2026-04-18 04:23:18 PM,KXATPCHALLENGERMATCH-26APR18CHUPAR-PAR,65,1,64,16,63,10,62,185,61,451,66,1298,67,678,68,581,80,2000,83,1,65.5,663,4558,0.127
2026-04-18 04:26:28 PM,KXATPCHALLENGERMATCH-26APR18CHUPAR-PAR,64,16,63,10,62,185,61,451,60,379,66,1298,67,678,68,581,80,2000,83,1,65.0,1041,4558,0.186
2026-04-18 04:26:28 PM,KXATPCHALLENGERMATCH-26APR18CHUPAR-PAR,63,10,62,185,61,451,60,379,59,393,66,1298,67,678,68,581,80,2000,83,1,64.5,1418,4558,0.237
2026-04-18 04:26:28 PM,KXATPCHALLENGERMATCH-26APR18CHUPAR-PAR,63,16,62,185,61,451,60,379,59,393,66,1298,67,678,68,581,80,2000,83,1,64.5,1424,4558,0.238
2026-04-18 04:26:28 PM,KXATPCHALLENGERMATCH-26APR18CHUPAR-PAR,63,16,62,195,61,451,60,379,59,393,66,1298,67,678,68,581,80,2000,83,1,64.5,1434,4558,0.239
2026-04-18 04:26:28 PM,KXATPCHALLENGERMATCH-26APR18CHUPAR-PAR,63,16,62,195,61,451,60,379,59,393,66,1471,67,678,68,581,80,2000,83,1,64.5,1434,4731,0.233
2026-04-18 04:26:28 PM,KXATPCHALLENGERMATCH-26APR18CHUPAR-PAR,63,6,62,195,61,451,60,379,59,393,66,1471,67,678,68,581,80,2000,83,1,64.5,1424,4731,0.231
2026-04-18 04:26:28 PM,KXATPCHALLENGERMATCH-26APR18CHUPAR-PAR,62,195,61,451,60,379,59,393,58,601,66,1471,67,678,68,581,80,2000,83,1,64.0,2019,4731,0.299
2026-04-18 04:26:28 PM,KXATPCHALLENGERMATCH-26APR18CHUPAR-PAR,62,200,61,451,60,379,59,393,58,601,66,1471,67,678,68,581,80,2000,83,1,64.0,2024,4731,0.300
2026-04-18 04:26:28 PM,KXATPCHALLENGERMATCH-26APR18CHUPAR-PAR,62,200,61,462,60,379,59,393,58,601,66,1471,67,678,68,581,80,2000,83,1,64.0,2035,4731,0.301
2026-04-18 04:26:29 PM,KXATPCHALLENGERMATCH-26APR18CHUPAR-PAR,62,200,61,466,60,379,59,393,58,601,66,1471,67,678,68,581,80,2000,83,1,64.0,2039,4731,0.301
2026-04-18 04:26:29 PM,KXATPCHALLENGERMATCH-26APR18CHUPAR-PAR,62,190,61,466,60,379,59,393,58,601,66,1471,67,678,68,581,80,2000,83,1,64.0,2029,4731,0.300
2026-04-18 04:26:29 PM,KXATPCHALLENGERMATCH-26APR18CHUPAR-PAR,62,190,61,466,60,390,59,393,58,601,66,1471,67,678,68,581,80,2000,83,1,64.0,2040,4731,0.301
2026-04-18 04:26:29 PM,KXATPCHALLENGERMATCH-26APR18CHUPAR-PAR,62,185,61,466,60,390,59,393,58,601,66,1471,67,678,68,581,80,2000,83,1,64.0,2035,4731,0.301
2026-04-18 04:26:35 PM,KXATPCHALLENGERMATCH-26APR18CHUPAR-PAR,62,185,61,466,60,390,59,393,58,601,66,1470,67,678,68,581,80,2000,83,1,64.0,2035,4730,0.301
2026-04-18 04:38:29 PM,KXATPCHALLENGERMATCH-26APR18CHUPAR-PAR,62,185,61,466,60,380,59,393,58,601,66,1470,67,678,68,581,80,2000,83,1,64.0,2025,4730,0.300
2026-04-18 04:38:29 PM,KXATPCHALLENGERMATCH-26APR18CHUPAR-PAR,62,185,61,466,60,370,59,393,58,601,66,1470,67,678,68,581,80,2000,83,1,64.0,2015,4730,0.299
2026-04-18 04:38:29 PM,KXATPCHALLENGERMATCH-26APR18CHUPAR-PAR,62,185,61,466,60,360,59,393,58,601,66,1470,67,678,68,581,80,2000,83,1,64.0,2005,4730,0.298
2026-04-18 04:38:29 PM,KXATPCHALLENGERMATCH-26APR18CHUPAR-PAR,62,185,61,476,60,360,59,393,58,601,66,1470,67,678,68,581,80,2000,83,1,64.0,2015,4730,0.299
2026-04-18 04:38:29 PM,KXATPCHALLENGERMATCH-26APR18CHUPAR-PAR,62,185,61,486,60,360,59,393,58,601,66,1470,67,678,68,581,80,2000,83,1,64.0,2025,4730,0.300
2026-04-18 04:41:42 PM,KXATPCHALLENGERMATCH-26APR18CHUPAR-PAR,62,185,61,486,60,360,59,393,58,601,66,1470,67,678,68,581,72,578,80,2000,64.0,2025,5307,0.276
2026-04-18 04:47:36 PM,KXATPCHALLENGERMATCH-26APR18CHUPAR-PAR,62,185,61,486,60,360,59,393,58,601,66,1470,67,678,68,581,72,578,80,2000,64.0,2025,5307,0.276
