ts_et,ticker,bid_1,bid_1_sz,bid_2,bid_2_sz,bid_3,bid_3_sz,bid_4,bid_4_sz,bid_5,bid_5_sz,ask_1,ask_1_sz,ask_2,ask_2_sz,ask_3,ask_3_sz,ask_4,ask_4_sz,ask_5,ask_5_sz,mid
2026-04-18 05:13:10 AM,KXATPCHALLENGERMATCH-26APR18DELPRA-DEL,6,116,5,194,4,823,3,540,2,900,94,15,95,25,96,543,97,84,98,123,50.0
2026-04-18 05:16:52 AM,KXATPCHALLENGERMATCH-26APR18DELPRA-DEL,6,116,5,194,4,823,3,540,2,900,93,10,94,15,95,25,96,543,97,84,49.5
2026-04-18 05:18:02 AM,KXATPCHALLENGERMATCH-26APR18DELPRA-DEL,6,116,5,194,4,823,3,540,2,900,93,10,94,365,95,25,96,543,97,84,49.5
2026-04-18 05:18:59 AM,KXATPCHALLENGERMATCH-26APR18DELPRA-DEL,59,278,6,116,5,194,4,823,3,540,93,10,94,365,95,25,96,543,97,84,76.0
2026-04-18 05:18:59 AM,KXATPCHALLENGERMATCH-26APR18DELPRA-DEL,59,278,6,116,5,194,4,823,3,540,67,497,93,10,94,365,95,25,96,543,63.0
2026-04-18 05:18:59 AM,KXATPCHALLENGERMATCH-26APR18DELPRA-DEL,59,278,58,283,6,116,5,194,4,823,67,497,93,10,94,365,95,25,96,543,63.0
2026-04-18 05:18:59 AM,KXATPCHALLENGERMATCH-26APR18DELPRA-DEL,59,278,58,283,6,116,5,194,4,823,67,497,68,513,93,10,94,365,95,25,63.0
2026-04-18 05:19:57 AM,KXATPCHALLENGERMATCH-26APR18DELPRA-DEL,60,165,59,278,58,283,6,116,5,194,67,497,68,513,93,10,94,365,95,25,63.5
2026-04-18 05:19:57 AM,KXATPCHALLENGERMATCH-26APR18DELPRA-DEL,60,165,59,446,58,283,6,116,5,194,67,497,68,513,93,10,94,365,95,25,63.5
2026-04-18 05:19:57 AM,KXATPCHALLENGERMATCH-26APR18DELPRA-DEL,60,165,59,446,58,454,6,116,5,194,67,497,68,513,93,10,94,365,95,25,63.5
2026-04-18 05:19:57 AM,KXATPCHALLENGERMATCH-26APR18DELPRA-DEL,60,165,59,446,58,454,47,213,6,116,67,497,68,513,93,10,94,365,95,25,63.5
2026-04-18 05:19:57 AM,KXATPCHALLENGERMATCH-26APR18DELPRA-DEL,60,165,59,446,58,454,47,213,36,278,67,497,68,513,93,10,94,365,95,25,63.5
2026-04-18 05:19:57 AM,KXATPCHALLENGERMATCH-26APR18DELPRA-DEL,60,165,59,446,58,454,47,213,36,278,66,1165,67,497,68,513,93,10,94,365,63.0
2026-04-18 05:19:57 AM,KXATPCHALLENGERMATCH-26APR18DELPRA-DEL,60,165,59,446,58,454,47,213,36,278,66,1165,67,1055,68,513,93,10,94,365,63.0
2026-04-18 05:19:57 AM,KXATPCHALLENGERMATCH-26APR18DELPRA-DEL,60,165,59,446,58,454,47,213,36,278,66,1165,67,1055,68,946,93,10,94,365,63.0
2026-04-18 05:19:57 AM,KXATPCHALLENGERMATCH-26APR18DELPRA-DEL,60,165,59,446,58,454,47,213,36,278,66,1165,67,1055,68,946,80,2000,93,10,63.0
2026-04-18 05:19:57 AM,KXATPCHALLENGERMATCH-26APR18DELPRA-DEL,60,165,59,446,58,454,47,213,36,278,66,1165,67,1055,68,946,80,2000,91,4444,63.0
2026-04-18 05:21:16 AM,KXATPCHALLENGERMATCH-26APR18DELPRA-DEL,60,165,59,446,58,454,47,213,36,278,65,500,66,1165,67,1055,68,946,80,2000,62.5
2026-04-18 05:21:16 AM,KXATPCHALLENGERMATCH-26APR18DELPRA-DEL,60,165,59,446,58,454,47,213,36,278,65,500,66,2165,67,1055,68,946,80,2000,62.5
2026-04-18 05:21:17 AM,KXATPCHALLENGERMATCH-26APR18DELPRA-DEL,61,250,60,165,59,446,58,454,47,213,65,500,66,2165,67,1055,68,946,80,2000,63.0
2026-04-18 05:21:17 AM,KXATPCHALLENGERMATCH-26APR18DELPRA-DEL,61,250,60,415,59,446,58,454,47,213,65,500,66,2165,67,1055,68,946,80,2000,63.0
2026-04-18 05:21:17 AM,KXATPCHALLENGERMATCH-26APR18DELPRA-DEL,61,250,60,415,59,446,58,454,47,213,65,500,66,1165,67,1055,68,946,80,2000,63.0
2026-04-18 05:21:17 AM,KXATPCHALLENGERMATCH-26APR18DELPRA-DEL,61,250,60,415,59,446,58,454,47,213,64,500,65,500,66,1165,67,1055,68,946,62.5
2026-04-18 05:21:18 AM,KXATPCHALLENGERMATCH-26APR18DELPRA-DEL,61,250,60,415,59,446,58,454,47,213,64,500,65,1000,66,1165,67,1055,68,946,62.5
2026-04-18 05:21:18 AM,KXATPCHALLENGERMATCH-26APR18DELPRA-DEL,61,250,60,165,59,446,58,454,47,213,64,500,65,1000,66,1165,67,1055,68,946,62.5
2026-04-18 05:21:18 AM,KXATPCHALLENGERMATCH-26APR18DELPRA-DEL,62,250,61,250,60,165,59,446,58,454,64,500,65,1000,66,1165,67,1055,68,946,63.0
2026-04-18 05:21:46 AM,KXATPCHALLENGERMATCH-26APR18DELPRA-DEL,62,250,61,250,60,165,59,373,58,454,64,500,65,1000,66,1165,67,1055,68,946,63.0
2026-04-18 05:21:46 AM,KXATPCHALLENGERMATCH-26APR18DELPRA-DEL,62,250,61,250,60,165,59,373,58,283,64,500,65,1000,66,1165,67,1055,68,946,63.0
2026-04-18 05:21:46 AM,KXATPCHALLENGERMATCH-26APR18DELPRA-DEL,62,250,61,412,60,165,59,373,58,283,64,500,65,1000,66,1165,67,1055,68,946,63.0
2026-04-18 05:23:36 AM,KXATPCHALLENGERMATCH-26APR18DELPRA-DEL,62,250,61,412,60,165,59,1022,58,283,64,500,65,1000,66,1165,67,1055,68,946,63.0
2026-04-18 05:23:36 AM,KXATPCHALLENGERMATCH-26APR18DELPRA-DEL,62,250,61,412,60,165,59,1022,58,283,64,500,65,1000,66,1937,67,1055,68,946,63.0
2026-04-18 05:23:36 AM,KXATPCHALLENGERMATCH-26APR18DELPRA-DEL,62,250,61,1083,60,165,59,1022,58,283,64,500,65,1000,66,1937,67,1055,68,946,63.0
2026-04-18 05:23:36 AM,KXATPCHALLENGERMATCH-26APR18DELPRA-DEL,62,250,61,1083,60,165,59,1022,58,283,64,500,65,1491,66,1937,67,1055,68,946,63.0
2026-04-18 05:23:36 AM,KXATPCHALLENGERMATCH-26APR18DELPRA-DEL,62,250,61,1083,60,596,59,1022,58,283,64,500,65,1491,66,1937,67,1055,68,946,63.0
2026-04-18 05:23:36 AM,KXATPCHALLENGERMATCH-26APR18DELPRA-DEL,62,250,61,1537,60,596,59,1022,58,283,64,500,65,1491,66,1937,67,1055,68,946,63.0
2026-04-18 05:23:36 AM,KXATPCHALLENGERMATCH-26APR18DELPRA-DEL,62,250,61,1537,60,898,59,1022,58,283,64,500,65,1491,66,1937,67,1055,68,946,63.0
2026-04-18 05:23:36 AM,KXATPCHALLENGERMATCH-26APR18DELPRA-DEL,62,250,61,1537,60,898,59,1431,58,283,64,500,65,1491,66,1937,67,1055,68,946,63.0
2026-04-18 05:23:36 AM,KXATPCHALLENGERMATCH-26APR18DELPRA-DEL,62,250,61,1537,60,898,59,1431,58,283,64,500,65,1834,66,1937,67,1055,68,946,63.0
2026-04-18 05:23:36 AM,KXATPCHALLENGERMATCH-26APR18DELPRA-DEL,62,250,61,1537,60,898,59,1431,58,283,64,500,65,1834,66,2474,67,1055,68,946,63.0
2026-04-18 05:32:13 AM,KXATPCHALLENGERMATCH-26APR18DELPRA-DEL,62,250,61,1537,60,898,59,1431,58,283,64,500,65,1834,66,2474,67,1417,68,946,63.0
2026-04-18 05:32:13 AM,KXATPCHALLENGERMATCH-26APR18DELPRA-DEL,62,250,61,1537,60,898,59,1431,58,283,64,500,65,1834,66,2413,67,1417,68,946,63.0
2026-04-18 05:32:13 AM,KXATPCHALLENGERMATCH-26APR18DELPRA-DEL,62,250,61,1537,60,898,59,1431,58,283,64,500,65,1834,66,2413,67,1294,68,946,63.0
2026-04-18 05:32:13 AM,KXATPCHALLENGERMATCH-26APR18DELPRA-DEL,62,250,61,1537,60,898,59,1468,58,283,64,500,65,1834,66,2413,67,1294,68,946,63.0
2026-04-18 05:34:13 AM,KXATPCHALLENGERMATCH-26APR18DELPRA-DEL,62,250,61,1537,60,898,59,1468,58,283,64,600,65,1834,66,2413,67,1294,68,946,63.0
2026-04-18 05:34:13 AM,KXATPCHALLENGERMATCH-26APR18DELPRA-DEL,62,200,61,1537,60,898,59,1468,58,283,64,600,65,1834,66,2413,67,1294,68,946,63.0
2026-04-18 05:34:13 AM,KXATPCHALLENGERMATCH-26APR18DELPRA-DEL,62,200,61,1487,60,898,59,1468,58,283,64,600,65,1834,66,2413,67,1294,68,946,63.0
2026-04-18 05:35:58 AM,KXATPCHALLENGERMATCH-26APR18DELPRA-DEL,61,1487,60,898,59,1468,58,283,47,213,64,600,65,1834,66,2413,67,1294,68,946,62.5
2026-04-18 05:35:58 AM,KXATPCHALLENGERMATCH-26APR18DELPRA-DEL,61,1487,60,1098,59,1468,58,283,47,213,64,600,65,1834,66,2413,67,1294,68,946,62.5
2026-04-18 05:46:48 AM,KXATPCHALLENGERMATCH-26APR18DELPRA-DEL,61,1487,60,1098,59,1468,58,283,47,213,64,100,65,1834,66,2413,67,1294,68,946,62.5
2026-04-18 05:46:48 AM,KXATPCHALLENGERMATCH-26APR18DELPRA-DEL,61,1487,60,1098,59,1468,58,283,47,213,65,1834,66,2413,67,1294,68,946,80,2000,63.0
2026-04-18 05:46:48 AM,KXATPCHALLENGERMATCH-26APR18DELPRA-DEL,61,1487,60,1098,59,1468,58,283,47,213,65,1434,66,2413,67,1294,68,946,80,2000,63.0
2026-04-18 05:46:48 AM,KXATPCHALLENGERMATCH-26APR18DELPRA-DEL,61,1487,60,1098,59,1468,58,283,47,213,65,1434,66,3413,67,1294,68,946,80,2000,63.0
2026-04-18 05:46:49 AM,KXATPCHALLENGERMATCH-26APR18DELPRA-DEL,61,1487,60,1098,59,1468,58,283,47,213,65,1434,66,2413,67,1294,68,946,80,2000,63.0
2026-04-18 05:46:49 AM,KXATPCHALLENGERMATCH-26APR18DELPRA-DEL,61,1487,60,1098,59,1468,58,283,47,213,64,600,65,1434,66,2413,67,1294,68,946,62.5
2026-04-18 05:46:49 AM,KXATPCHALLENGERMATCH-26APR18DELPRA-DEL,61,1487,60,1098,59,1468,58,283,47,213,64,600,65,1834,66,2413,67,1294,68,946,62.5
2026-04-18 05:57:35 AM,KXATPCHALLENGERMATCH-26APR18DELPRA-DEL,61,1487,60,1098,59,1468,58,683,47,213,64,600,65,1834,66,2413,67,1294,68,946,62.5
2026-04-18 06:00:05 AM,KXATPCHALLENGERMATCH-26APR18DELPRA-DEL,61,1587,60,1098,59,1468,58,683,47,213,64,600,65,1834,66,2413,67,1294,68,946,62.5
2026-04-18 06:00:05 AM,KXATPCHALLENGERMATCH-26APR18DELPRA-DEL,61,1587,60,1098,59,1468,58,683,47,213,64,1100,65,1834,66,2413,67,1294,68,946,62.5
2026-04-18 06:00:05 AM,KXATPCHALLENGERMATCH-26APR18DELPRA-DEL,61,1587,60,1098,59,1468,58,683,47,213,64,500,65,1834,66,2413,67,1294,68,946,62.5
2026-04-18 06:00:06 AM,KXATPCHALLENGERMATCH-26APR18DELPRA-DEL,61,1587,60,1098,59,1468,58,683,47,213,64,500,65,1434,66,2413,67,1294,68,946,62.5
2026-04-18 06:00:06 AM,KXATPCHALLENGERMATCH-26APR18DELPRA-DEL,61,1587,60,1098,59,1468,58,683,47,213,65,1434,66,2413,67,1294,68,946,80,2000,63.0
2026-04-18 06:00:06 AM,KXATPCHALLENGERMATCH-26APR18DELPRA-DEL,61,1587,60,1098,59,1468,58,683,47,213,65,1934,66,2413,67,1294,68,946,80,2000,63.0
2026-04-18 06:00:06 AM,KXATPCHALLENGERMATCH-26APR18DELPRA-DEL,61,1587,60,1098,59,1468,58,683,47,213,65,1934,66,3413,67,1294,68,946,80,2000,63.0
2026-04-18 06:00:06 AM,KXATPCHALLENGERMATCH-26APR18DELPRA-DEL,61,1587,60,1098,59,1468,58,683,47,213,65,1934,66,2413,67,1294,68,946,80,2000,63.0
2026-04-18 06:00:07 AM,KXATPCHALLENGERMATCH-26APR18DELPRA-DEL,61,1587,60,1098,59,1468,58,683,47,213,64,600,65,1934,66,2413,67,1294,68,946,62.5
2026-04-18 06:00:07 AM,KXATPCHALLENGERMATCH-26APR18DELPRA-DEL,61,1587,60,1098,59,1468,58,683,47,213,64,600,65,2334,66,2413,67,1294,68,946,62.5
2026-04-18 06:00:07 AM,KXATPCHALLENGERMATCH-26APR18DELPRA-DEL,61,1587,60,1098,59,1468,58,683,47,213,64,600,65,1834,66,2413,67,1294,68,946,62.5
2026-04-18 06:00:07 AM,KXATPCHALLENGERMATCH-26APR18DELPRA-DEL,61,1587,60,1098,59,1468,58,683,47,213,64,1100,65,1834,66,2413,67,1294,68,946,62.5
2026-04-18 06:00:19 AM,KXATPCHALLENGERMATCH-26APR18DELPRA-DEL,61,1587,60,1098,59,1468,58,683,47,213,64,600,65,1834,66,2413,67,1294,68,946,62.5
2026-04-18 06:00:19 AM,KXATPCHALLENGERMATCH-26APR18DELPRA-DEL,61,1487,60,1098,59,1468,58,683,47,213,64,600,65,1834,66,2413,67,1294,68,946,62.5
2026-04-18 06:07:03 AM,KXATPCHALLENGERMATCH-26APR18DELPRA-DEL,61,1511,60,1098,59,1468,58,683,47,213,64,600,65,1834,66,2413,67,1294,68,946,62.5
2026-04-18 06:07:03 AM,KXATPCHALLENGERMATCH-26APR18DELPRA-DEL,61,1511,60,1107,59,1468,58,683,47,213,64,600,65,1834,66,2413,67,1294,68,946,62.5
2026-04-18 06:07:03 AM,KXATPCHALLENGERMATCH-26APR18DELPRA-DEL,61,1511,60,1107,59,1468,58,683,47,213,64,600,65,1848,66,2413,67,1294,68,946,62.5
2026-04-18 06:07:03 AM,KXATPCHALLENGERMATCH-26APR18DELPRA-DEL,61,1511,60,1107,59,1468,58,683,47,213,64,600,65,1848,66,2423,67,1294,68,946,62.5
2026-04-18 06:18:24 AM,KXATPCHALLENGERMATCH-26APR18DELPRA-DEL,61,1529,60,1107,59,1468,58,683,47,213,64,600,65,1848,66,2423,67,1294,68,946,62.5
2026-04-18 06:25:09 AM,KXATPCHALLENGERMATCH-26APR18DELPRA-DEL,61,1511,60,1107,59,1468,58,683,47,213,64,600,65,1848,66,2423,67,1294,68,946,62.5
2026-04-18 06:25:37 AM,KXATPCHALLENGERMATCH-26APR18DELPRA-DEL,61,1529,60,1107,59,1468,58,683,47,213,64,600,65,1848,66,2423,67,1294,68,946,62.5
2026-04-18 06:27:36 AM,KXATPCHALLENGERMATCH-26APR18DELPRA-DEL,61,1511,60,1107,59,1468,58,683,47,213,64,600,65,1848,66,2423,67,1294,68,946,62.5
2026-04-18 06:32:52 AM,KXATPCHALLENGERMATCH-26APR18DELPRA-DEL,61,1529,60,1107,59,1468,58,683,47,213,64,600,65,1848,66,2423,67,1294,68,946,62.5
2026-04-18 06:35:28 AM,KXATPCHALLENGERMATCH-26APR18DELPRA-DEL,61,1511,60,1107,59,1468,58,683,47,213,64,600,65,1848,66,2423,67,1294,68,946,62.5
2026-04-18 06:36:39 AM,KXATPCHALLENGERMATCH-26APR18DELPRA-DEL,61,1529,60,1107,59,1468,58,683,47,213,64,600,65,1848,66,2423,67,1294,68,946,62.5
2026-04-18 06:40:20 AM,KXATPCHALLENGERMATCH-26APR18DELPRA-DEL,61,1511,60,1107,59,1468,58,683,47,213,64,600,65,1848,66,2423,67,1294,68,946,62.5
2026-04-18 06:46:40 AM,KXATPCHALLENGERMATCH-26APR18DELPRA-DEL,61,1529,60,1107,59,1468,58,683,47,213,64,600,65,1848,66,2423,67,1294,68,946,62.5
2026-04-18 06:48:40 AM,KXATPCHALLENGERMATCH-26APR18DELPRA-DEL,61,1511,60,1107,59,1468,58,683,47,213,64,600,65,1848,66,2423,67,1294,68,946,62.5
2026-04-18 06:48:48 AM,KXATPCHALLENGERMATCH-26APR18DELPRA-DEL,61,1529,60,1107,59,1468,58,683,47,213,64,600,65,1848,66,2423,67,1294,68,946,62.5
2026-04-18 06:52:33 AM,KXATPCHALLENGERMATCH-26APR18DELPRA-DEL,61,1511,60,1107,59,1468,58,683,47,213,64,600,65,1848,66,2423,67,1294,68,946,62.5
2026-04-18 06:52:37 AM,KXATPCHALLENGERMATCH-26APR18DELPRA-DEL,61,1529,60,1107,59,1468,58,683,47,213,64,600,65,1848,66,2423,67,1294,68,946,62.5
2026-04-18 06:53:14 AM,KXATPCHALLENGERMATCH-26APR18DELPRA-DEL,61,1529,60,1107,59,1468,58,683,47,213,64,596,65,1848,66,2423,67,1294,68,946,62.5
2026-04-18 06:53:14 AM,KXATPCHALLENGERMATCH-26APR18DELPRA-DEL,61,1531,60,1107,59,1468,58,683,47,213,64,596,65,1848,66,2423,67,1294,68,946,62.5
2026-04-18 06:53:14 AM,KXATPCHALLENGERMATCH-26APR18DELPRA-DEL,61,1531,60,1109,59,1468,58,683,47,213,64,596,65,1848,66,2423,67,1294,68,946,62.5
2026-04-18 06:57:53 AM,KXATPCHALLENGERMATCH-26APR18DELPRA-DEL,61,1513,60,1109,59,1468,58,683,47,213,64,596,65,1848,66,2423,67,1294,68,946,62.5
2026-04-18 07:00:55 AM,KXATPCHALLENGERMATCH-26APR18DELPRA-DEL,61,1531,60,1109,59,1468,58,683,47,213,64,596,65,1848,66,2423,67,1294,68,946,62.5
2026-04-18 07:04:41 AM,KXATPCHALLENGERMATCH-26APR18DELPRA-DEL,61,1513,60,1109,59,1468,58,683,47,213,64,596,65,1848,66,2423,67,1294,68,946,62.5
2026-04-18 07:04:56 AM,KXATPCHALLENGERMATCH-26APR18DELPRA-DEL,61,1531,60,1109,59,1468,58,683,47,213,64,596,65,1848,66,2423,67,1294,68,946,62.5
2026-04-18 07:10:36 AM,KXATPCHALLENGERMATCH-26APR18DELPRA-DEL,61,1513,60,1109,59,1468,58,683,47,213,64,596,65,1848,66,2423,67,1294,68,946,62.5
2026-04-18 07:12:20 AM,KXATPCHALLENGERMATCH-26APR18DELPRA-DEL,61,1531,60,1109,59,1468,58,683,47,213,64,596,65,1848,66,2423,67,1294,68,946,62.5
2026-04-18 07:15:48 AM,KXATPCHALLENGERMATCH-26APR18DELPRA-DEL,61,1513,60,1109,59,1468,58,683,47,213,64,596,65,1848,66,2423,67,1294,68,946,62.5
2026-04-18 07:17:31 AM,KXATPCHALLENGERMATCH-26APR18DELPRA-DEL,61,1531,60,1109,59,1468,58,683,47,213,64,596,65,1848,66,2423,67,1294,68,946,62.5
2026-04-18 07:22:02 AM,KXATPCHALLENGERMATCH-26APR18DELPRA-DEL,61,1531,60,1109,59,1190,58,683,47,213,64,596,65,1848,66,2423,67,1294,68,946,62.5
2026-04-18 07:22:02 AM,KXATPCHALLENGERMATCH-26APR18DELPRA-DEL,61,1531,60,1109,59,1190,58,400,47,213,64,596,65,1848,66,2423,67,1294,68,946,62.5
2026-04-18 07:22:02 AM,KXATPCHALLENGERMATCH-26APR18DELPRA-DEL,61,1531,60,1109,59,1190,58,400,47,213,64,596,65,1848,66,2423,67,797,68,946,62.5
2026-04-18 07:22:02 AM,KXATPCHALLENGERMATCH-26APR18DELPRA-DEL,61,1531,60,1109,59,1190,58,400,47,213,64,596,65,1848,66,2423,67,797,68,433,62.5
2026-04-18 07:22:27 AM,KXATPCHALLENGERMATCH-26APR18DELPRA-DEL,61,1531,60,1109,59,1190,58,400,47,213,64,596,65,1848,66,2455,67,797,68,433,62.5
2026-04-18 07:22:49 AM,KXATPCHALLENGERMATCH-26APR18DELPRA-DEL,61,1531,60,1109,59,1990,58,400,47,213,64,596,65,1848,66,2455,67,797,68,433,62.5
2026-04-18 07:22:49 AM,KXATPCHALLENGERMATCH-26APR18DELPRA-DEL,61,1531,60,1909,59,1990,58,400,47,213,64,596,65,1848,66,2455,67,797,68,433,62.5
2026-04-18 07:22:49 AM,KXATPCHALLENGERMATCH-26APR18DELPRA-DEL,62,800,61,1531,60,1909,59,1990,58,400,64,596,65,1848,66,2455,67,797,68,433,63.0
2026-04-18 07:22:49 AM,KXATPCHALLENGERMATCH-26APR18DELPRA-DEL,62,800,61,1531,60,1909,59,1990,58,400,64,596,65,2648,66,2455,67,797,68,433,63.0
2026-04-18 07:22:49 AM,KXATPCHALLENGERMATCH-26APR18DELPRA-DEL,62,800,61,1531,60,1909,59,1990,58,400,64,596,65,2648,66,2455,67,797,68,1233,63.0
2026-04-18 07:22:49 AM,KXATPCHALLENGERMATCH-26APR18DELPRA-DEL,62,800,61,1531,60,1909,59,1990,58,400,64,596,65,2648,66,2455,67,1597,68,1233,63.0
2026-04-18 07:22:50 AM,KXATPCHALLENGERMATCH-26APR18DELPRA-DEL,62,814,61,1531,60,1909,59,1990,58,400,64,596,65,2648,66,2455,67,1597,68,1233,63.0
2026-04-18 07:22:50 AM,KXATPCHALLENGERMATCH-26APR18DELPRA-DEL,62,814,61,1531,60,1900,59,1990,58,400,64,596,65,2648,66,2455,67,1597,68,1233,63.0
2026-04-18 07:22:50 AM,KXATPCHALLENGERMATCH-26APR18DELPRA-DEL,62,814,61,1507,60,1900,59,1990,58,400,64,596,65,2648,66,2455,67,1597,68,1233,63.0
2026-04-18 07:22:50 AM,KXATPCHALLENGERMATCH-26APR18DELPRA-DEL,62,814,61,1489,60,1900,59,1990,58,400,64,596,65,2648,66,2455,67,1597,68,1233,63.0
2026-04-18 07:22:50 AM,KXATPCHALLENGERMATCH-26APR18DELPRA-DEL,62,814,61,1489,60,1700,59,1990,58,400,64,596,65,2648,66,2455,67,1597,68,1233,63.0
2026-04-18 07:22:50 AM,KXATPCHALLENGERMATCH-26APR18DELPRA-DEL,62,814,61,1489,60,1698,59,1990,58,400,64,596,65,2648,66,2455,67,1597,68,1233,63.0
2026-04-18 07:22:50 AM,KXATPCHALLENGERMATCH-26APR18DELPRA-DEL,62,1016,61,1489,60,1698,59,1990,58,400,64,596,65,2648,66,2455,67,1597,68,1233,63.0
2026-04-18 07:22:50 AM,KXATPCHALLENGERMATCH-26APR18DELPRA-DEL,62,1016,61,1499,60,1698,59,1990,58,400,64,596,65,2648,66,2455,67,1597,68,1233,63.0
2026-04-18 07:29:00 AM,KXATPCHALLENGERMATCH-26APR18DELPRA-DEL,62,1034,61,1499,60,1698,59,1990,58,400,64,596,65,2648,66,2455,67,1597,68,1233,63.0
2026-04-18 07:30:58 AM,KXATPCHALLENGERMATCH-26APR18DELPRA-DEL,62,1034,61,1499,60,1698,59,1990,58,400,64,596,65,2634,66,2455,67,1597,68,1233,63.0
2026-04-18 07:30:58 AM,KXATPCHALLENGERMATCH-26APR18DELPRA-DEL,62,1045,61,1499,60,1698,59,1990,58,400,64,596,65,2634,66,2455,67,1597,68,1233,63.0
2026-04-18 07:30:58 AM,KXATPCHALLENGERMATCH-26APR18DELPRA-DEL,62,1045,61,1499,60,1698,59,1990,58,400,64,596,65,2634,66,2460,67,1597,68,1233,63.0
2026-04-18 07:30:58 AM,KXATPCHALLENGERMATCH-26APR18DELPRA-DEL,62,1045,61,1499,60,1698,59,1990,58,400,64,596,65,2634,66,2460,67,1607,68,1233,63.0
2026-04-18 07:31:01 AM,KXATPCHALLENGERMATCH-26APR18DELPRA-DEL,62,1027,61,1499,60,1698,59,1990,58,400,64,596,65,2634,66,2460,67,1607,68,1233,63.0
2026-04-18 07:34:12 AM,KXATPCHALLENGERMATCH-26APR18DELPRA-DEL,62,1013,61,1499,60,1698,59,1990,58,400,64,596,65,2634,66,2460,67,1607,68,1233,63.0
2026-04-18 07:34:12 AM,KXATPCHALLENGERMATCH-26APR18DELPRA-DEL,62,1013,61,1499,60,1698,59,1990,58,400,64,596,65,2634,66,2460,67,1597,68,1233,63.0
2026-04-18 07:34:12 AM,KXATPCHALLENGERMATCH-26APR18DELPRA-DEL,62,1013,61,1499,60,1698,59,1990,58,400,64,596,65,2648,66,2460,67,1597,68,1233,63.0
2026-04-18 07:35:06 AM,KXATPCHALLENGERMATCH-26APR18DELPRA-DEL,62,1031,61,1499,60,1698,59,1990,58,400,64,596,65,2648,66,2460,67,1597,68,1233,63.0
2026-04-18 07:35:41 AM,KXATPCHALLENGERMATCH-26APR18DELPRA-DEL,62,1031,61,1499,60,1698,59,1990,58,400,64,592,65,2648,66,2460,67,1597,68,1233,63.0
2026-04-18 07:35:41 AM,KXATPCHALLENGERMATCH-26APR18DELPRA-DEL,62,1031,61,1499,60,1698,59,1990,58,400,64,596,65,2648,66,2460,67,1597,68,1233,63.0
2026-04-18 07:35:42 AM,KXATPCHALLENGERMATCH-26APR18DELPRA-DEL,62,1031,61,1499,60,1698,59,1990,58,400,64,592,65,2648,66,2460,67,1597,68,1233,63.0
2026-04-18 07:35:43 AM,KXATPCHALLENGERMATCH-26APR18DELPRA-DEL,62,1033,61,1499,60,1698,59,1990,58,400,64,592,65,2648,66,2460,67,1597,68,1233,63.0
2026-04-18 07:35:43 AM,KXATPCHALLENGERMATCH-26APR18DELPRA-DEL,62,1033,61,1501,60,1698,59,1990,58,400,64,592,65,2648,66,2460,67,1597,68,1233,63.0
2026-04-18 07:35:59 AM,KXATPCHALLENGERMATCH-26APR18DELPRA-DEL,62,1033,61,1501,60,1698,59,1991,58,400,64,592,65,2648,66,2460,67,1597,68,1233,63.0
2026-04-18 07:35:59 AM,KXATPCHALLENGERMATCH-26APR18DELPRA-DEL,62,1033,61,1501,60,1698,59,1991,58,400,64,592,65,2648,66,2460,67,1598,68,1233,63.0
2026-04-18 07:36:00 AM,KXATPCHALLENGERMATCH-26APR18DELPRA-DEL,62,1033,61,1501,60,1698,59,1991,58,401,64,592,65,2648,66,2460,67,1598,68,1233,63.0
2026-04-18 07:36:00 AM,KXATPCHALLENGERMATCH-26APR18DELPRA-DEL,62,1033,61,1501,60,1698,59,1991,58,401,64,592,65,2648,66,2460,67,1598,68,1234,63.0
2026-04-18 07:37:05 AM,KXATPCHALLENGERMATCH-26APR18DELPRA-DEL,62,1015,61,1501,60,1698,59,1991,58,401,64,592,65,2648,66,2460,67,1598,68,1234,63.0
2026-04-18 07:40:10 AM,KXATPCHALLENGERMATCH-26APR18DELPRA-DEL,62,1019,61,1501,60,1698,59,1991,58,401,64,592,65,2648,66,2460,67,1598,68,1234,63.0
2026-04-18 07:40:41 AM,KXATPCHALLENGERMATCH-26APR18DELPRA-DEL,62,1019,61,1501,60,1698,59,1992,58,401,64,592,65,2648,66,2460,67,1598,68,1234,63.0
2026-04-18 07:40:41 AM,KXATPCHALLENGERMATCH-26APR18DELPRA-DEL,62,1019,61,1501,60,1698,59,1992,58,401,64,592,65,2648,66,2460,67,1599,68,1234,63.0
2026-04-18 07:40:41 AM,KXATPCHALLENGERMATCH-26APR18DELPRA-DEL,62,1019,61,1501,60,1698,59,1992,58,402,64,592,65,2648,66,2460,67,1599,68,1234,63.0
2026-04-18 07:40:41 AM,KXATPCHALLENGERMATCH-26APR18DELPRA-DEL,62,1019,61,1501,60,1698,59,1992,58,402,64,592,65,2648,66,2460,67,1599,68,1235,63.0
2026-04-18 07:44:11 AM,KXATPCHALLENGERMATCH-26APR18DELPRA-DEL,62,1019,61,1501,60,1698,59,1192,58,402,64,592,65,2648,66,2460,67,1599,68,1235,63.0
2026-04-18 07:44:11 AM,KXATPCHALLENGERMATCH-26APR18DELPRA-DEL,62,1019,61,1501,60,898,59,1192,58,402,64,592,65,2648,66,2460,67,1599,68,1235,63.0
2026-04-18 07:44:11 AM,KXATPCHALLENGERMATCH-26APR18DELPRA-DEL,62,219,61,1501,60,898,59,1192,58,402,64,592,65,2648,66,2460,67,1599,68,1235,63.0
2026-04-18 07:44:11 AM,KXATPCHALLENGERMATCH-26APR18DELPRA-DEL,62,219,61,1501,60,898,59,1192,58,402,64,592,65,1848,66,2460,67,1599,68,1235,63.0
2026-04-18 07:44:11 AM,KXATPCHALLENGERMATCH-26APR18DELPRA-DEL,62,219,61,1501,60,898,59,1192,58,402,64,592,65,1848,66,2460,67,1599,68,435,63.0
2026-04-18 07:44:11 AM,KXATPCHALLENGERMATCH-26APR18DELPRA-DEL,62,219,61,1501,60,898,59,1192,58,402,64,592,65,1848,66,2460,67,799,68,435,63.0
2026-04-18 07:44:12 AM,KXATPCHALLENGERMATCH-26APR18DELPRA-DEL,62,17,61,1501,60,898,59,1192,58,402,64,592,65,1848,66,2460,67,799,68,435,63.0
2026-04-18 07:44:12 AM,KXATPCHALLENGERMATCH-26APR18DELPRA-DEL,62,15,61,1501,60,898,59,1192,58,402,64,592,65,1848,66,2460,67,799,68,435,63.0
2026-04-18 07:44:12 AM,KXATPCHALLENGERMATCH-26APR18DELPRA-DEL,62,15,61,1516,60,898,59,1192,58,402,64,592,65,1848,66,2460,67,799,68,435,63.0
2026-04-18 07:44:12 AM,KXATPCHALLENGERMATCH-26APR18DELPRA-DEL,62,15,61,1516,60,908,59,1192,58,402,64,592,65,1848,66,2460,67,799,68,435,63.0
2026-04-18 07:44:12 AM,KXATPCHALLENGERMATCH-26APR18DELPRA-DEL,62,4,61,1516,60,908,59,1192,58,402,64,592,65,1848,66,2460,67,799,68,435,63.0
2026-04-18 07:44:12 AM,KXATPCHALLENGERMATCH-26APR18DELPRA-DEL,61,1516,60,908,59,1192,58,402,47,213,64,592,65,1848,66,2460,67,799,68,435,62.5
2026-04-18 07:44:12 AM,KXATPCHALLENGERMATCH-26APR18DELPRA-DEL,61,1516,60,1112,59,1192,58,402,47,213,64,592,65,1848,66,2460,67,799,68,435,62.5
2026-04-18 07:44:14 AM,KXATPCHALLENGERMATCH-26APR18DELPRA-DEL,61,1516,60,1112,59,1192,58,1202,47,213,64,592,65,1848,66,2460,67,799,68,435,62.5
2026-04-18 07:44:14 AM,KXATPCHALLENGERMATCH-26APR18DELPRA-DEL,61,1516,60,1112,59,1992,58,1202,47,213,64,592,65,1848,66,2460,67,799,68,435,62.5
2026-04-18 07:44:14 AM,KXATPCHALLENGERMATCH-26APR18DELPRA-DEL,61,2316,60,1112,59,1992,58,1202,47,213,64,592,65,1848,66,2460,67,799,68,435,62.5
2026-04-18 07:44:14 AM,KXATPCHALLENGERMATCH-26APR18DELPRA-DEL,61,2316,60,1112,59,1992,58,1202,47,213,64,1392,65,1848,66,2460,67,799,68,435,62.5
2026-04-18 07:44:14 AM,KXATPCHALLENGERMATCH-26APR18DELPRA-DEL,61,2316,60,1112,59,1992,58,1202,47,213,64,1392,65,1848,66,2460,67,1599,68,435,62.5
2026-04-18 07:44:14 AM,KXATPCHALLENGERMATCH-26APR18DELPRA-DEL,61,2316,60,1112,59,1992,58,1202,47,213,64,1392,65,1848,66,3260,67,1599,68,435,62.5
2026-04-18 07:46:30 AM,KXATPCHALLENGERMATCH-26APR18DELPRA-DEL,61,2316,60,1112,59,1992,58,1202,47,213,64,1317,65,1848,66,3260,67,1599,68,435,62.5
2026-04-18 07:46:30 AM,KXATPCHALLENGERMATCH-26APR18DELPRA-DEL,61,2316,60,1112,59,1992,58,1202,47,213,64,1392,65,1848,66,3260,67,1599,68,435,62.5
2026-04-18 07:46:31 AM,KXATPCHALLENGERMATCH-26APR18DELPRA-DEL,61,2316,60,1112,59,1992,58,1202,47,213,64,1317,65,1848,66,3260,67,1599,68,435,62.5
2026-04-18 07:46:31 AM,KXATPCHALLENGERMATCH-26APR18DELPRA-DEL,61,2353,60,1112,59,1992,58,1202,47,213,64,1317,65,1848,66,3260,67,1599,68,435,62.5
2026-04-18 07:46:31 AM,KXATPCHALLENGERMATCH-26APR18DELPRA-DEL,61,2353,60,1149,59,1992,58,1202,47,213,64,1317,65,1848,66,3260,67,1599,68,435,62.5
2026-04-18 07:50:36 AM,KXATPCHALLENGERMATCH-26APR18DELPRA-DEL,61,2371,60,1149,59,1992,58,1202,47,213,64,1317,65,1848,66,3260,67,1599,68,435,62.5
2026-04-18 07:52:36 AM,KXATPCHALLENGERMATCH-26APR18DELPRA-DEL,61,2353,60,1149,59,1992,58,1202,47,213,64,1317,65,1848,66,3260,67,1599,68,435,62.5
2026-04-18 07:55:28 AM,KXATPCHALLENGERMATCH-26APR18DELPRA-DEL,61,2353,60,1149,59,1992,58,1202,47,213,64,1312,65,1848,66,3260,67,1599,68,435,62.5
2026-04-18 07:55:28 AM,KXATPCHALLENGERMATCH-26APR18DELPRA-DEL,61,2355,60,1149,59,1992,58,1202,47,213,64,1312,65,1848,66,3260,67,1599,68,435,62.5
2026-04-18 07:55:29 AM,KXATPCHALLENGERMATCH-26APR18DELPRA-DEL,61,2355,60,1151,59,1992,58,1202,47,213,64,1312,65,1848,66,3260,67,1599,68,435,62.5
2026-04-18 07:56:33 AM,KXATPCHALLENGERMATCH-26APR18DELPRA-DEL,61,2355,60,1151,59,1583,58,1202,47,213,64,1312,65,1848,66,3260,67,1599,68,435,62.5
2026-04-18 07:56:33 AM,KXATPCHALLENGERMATCH-26APR18DELPRA-DEL,62,601,61,2355,60,1151,59,1583,58,1202,64,1312,65,1848,66,3260,67,1599,68,435,63.0
2026-04-18 07:56:33 AM,KXATPCHALLENGERMATCH-26APR18DELPRA-DEL,62,601,61,2355,60,1141,59,1583,58,1202,64,1312,65,1848,66,3260,67,1599,68,435,63.0
2026-04-18 07:56:33 AM,KXATPCHALLENGERMATCH-26APR18DELPRA-DEL,62,601,61,2345,60,1141,59,1583,58,1202,64,1312,65,1848,66,3260,67,1599,68,435,63.0
2026-04-18 07:56:33 AM,KXATPCHALLENGERMATCH-26APR18DELPRA-DEL,62,616,61,2345,60,1141,59,1583,58,1202,64,1312,65,1848,66,3260,67,1599,68,435,63.0
2026-04-18 07:56:33 AM,KXATPCHALLENGERMATCH-26APR18DELPRA-DEL,62,616,61,2345,60,937,59,1583,58,1202,64,1312,65,1848,66,3260,67,1599,68,435,63.0
2026-04-18 07:56:33 AM,KXATPCHALLENGERMATCH-26APR18DELPRA-DEL,62,616,61,2345,60,900,59,1583,58,1202,64,1312,65,1848,66,3260,67,1599,68,435,63.0
2026-04-18 07:56:33 AM,KXATPCHALLENGERMATCH-26APR18DELPRA-DEL,62,616,61,2345,60,898,59,1583,58,1202,64,1312,65,1848,66,3260,67,1599,68,435,63.0
2026-04-18 07:56:33 AM,KXATPCHALLENGERMATCH-26APR18DELPRA-DEL,62,860,61,2345,60,898,59,1583,58,1202,64,1312,65,1848,66,3260,67,1599,68,435,63.0
2026-04-18 07:59:14 AM,KXATPCHALLENGERMATCH-26APR18DELPRA-DEL,62,860,61,2345,60,898,59,1583,58,1202,64,1307,65,1848,66,3260,67,1599,68,435,63.0
2026-04-18 07:59:15 AM,KXATPCHALLENGERMATCH-26APR18DELPRA-DEL,62,862,61,2345,60,898,59,1583,58,1202,64,1307,65,1848,66,3260,67,1599,68,435,63.0
2026-04-18 07:59:15 AM,KXATPCHALLENGERMATCH-26APR18DELPRA-DEL,62,862,61,2347,60,898,59,1583,58,1202,64,1307,65,1848,66,3260,67,1599,68,435,63.0
2026-04-18 08:05:14 AM,KXATPCHALLENGERMATCH-26APR18DELPRA-DEL,62,880,61,2347,60,898,59,1583,58,1202,64,1307,65,1848,66,3260,67,1599,68,435,63.0
2026-04-18 08:07:14 AM,KXATPCHALLENGERMATCH-26APR18DELPRA-DEL,62,862,61,2347,60,898,59,1583,58,1202,64,1307,65,1848,66,3260,67,1599,68,435,63.0
2026-04-18 08:07:14 AM,KXATPCHALLENGERMATCH-26APR18DELPRA-DEL,62,847,61,2347,60,898,59,1583,58,1202,64,1307,65,1848,66,3260,67,1599,68,435,63.0
2026-04-18 08:07:14 AM,KXATPCHALLENGERMATCH-26APR18DELPRA-DEL,62,847,61,2347,60,908,59,1583,58,1202,64,1307,65,1848,66,3260,67,1599,68,435,63.0
2026-04-18 08:16:08 AM,KXATPCHALLENGERMATCH-26APR18DELPRA-DEL,62,872,61,2347,60,908,59,1583,58,1202,64,1307,65,1848,66,3260,67,1599,68,435,63.0
2026-04-18 08:16:08 AM,KXATPCHALLENGERMATCH-26APR18DELPRA-DEL,62,872,61,2347,60,898,59,1583,58,1202,64,1307,65,1848,66,3260,67,1599,68,435,63.0
2026-04-18 08:16:08 AM,KXATPCHALLENGERMATCH-26APR18DELPRA-DEL,62,872,61,2347,60,898,59,1583,58,1202,64,1307,65,1848,66,3260,67,1609,68,435,63.0
2026-04-18 08:16:08 AM,KXATPCHALLENGERMATCH-26APR18DELPRA-DEL,62,872,61,2347,60,898,59,1583,58,1202,64,1307,65,1834,66,3260,67,1609,68,435,63.0
2026-04-18 08:28:56 AM,KXATPCHALLENGERMATCH-26APR18DELPRA-DEL,62,847,61,2347,60,898,59,1583,58,1202,64,1307,65,1834,66,3260,67,1609,68,435,63.0
2026-04-18 08:28:56 AM,KXATPCHALLENGERMATCH-26APR18DELPRA-DEL,62,847,61,2347,60,898,59,1583,58,1202,64,1307,65,1834,66,3260,67,1599,68,435,63.0
2026-04-18 08:28:56 AM,KXATPCHALLENGERMATCH-26APR18DELPRA-DEL,62,847,61,2347,60,898,59,1583,58,1202,64,1307,65,1849,66,3260,67,1599,68,435,63.0
2026-04-18 08:28:57 AM,KXATPCHALLENGERMATCH-26APR18DELPRA-DEL,62,862,61,2347,60,898,59,1583,58,1202,64,1307,65,1849,66,3260,67,1599,68,435,63.0
2026-04-18 08:29:31 AM,KXATPCHALLENGERMATCH-26APR18DELPRA-DEL,62,880,61,2347,60,898,59,1583,58,1202,64,1307,65,1849,66,3260,67,1599,68,435,63.0
2026-04-18 08:31:31 AM,KXATPCHALLENGERMATCH-26APR18DELPRA-DEL,62,862,61,2347,60,898,59,1583,58,1202,64,1307,65,1849,66,3260,67,1599,68,435,63.0
2026-04-18 08:43:10 AM,KXATPCHALLENGERMATCH-26APR18DELPRA-DEL,62,862,61,2347,60,2898,59,1583,58,1202,64,1307,65,1849,66,3260,67,1599,68,435,63.0
2026-04-18 08:43:10 AM,KXATPCHALLENGERMATCH-26APR18DELPRA-DEL,62,862,61,2347,60,2898,59,1583,58,1202,64,1307,65,1849,66,3260,67,3599,68,435,63.0
2026-04-18 08:43:10 AM,KXATPCHALLENGERMATCH-26APR18DELPRA-DEL,62,862,61,2347,60,2898,59,3583,58,1202,64,1307,65,1849,66,3260,67,3599,68,435,63.0
2026-04-18 08:45:48 AM,KXATPCHALLENGERMATCH-26APR18DELPRA-DEL,62,862,61,4347,60,2898,59,3583,58,1202,64,1307,65,1849,66,3260,67,3599,68,435,63.0
2026-04-18 08:45:48 AM,KXATPCHALLENGERMATCH-26APR18DELPRA-DEL,62,862,61,4347,60,2898,59,1583,58,1202,64,1307,65,1849,66,3260,67,3599,68,435,63.0
2026-04-18 08:48:56 AM,KXATPCHALLENGERMATCH-26APR18DELPRA-DEL,62,862,61,4347,60,2898,59,1583,58,1202,64,1282,65,1849,66,3260,67,3599,68,435,63.0
2026-04-18 08:48:58 AM,KXATPCHALLENGERMATCH-26APR18DELPRA-DEL,62,874,61,4347,60,2898,59,1583,58,1202,64,1282,65,1849,66,3260,67,3599,68,435,63.0
2026-04-18 08:48:58 AM,KXATPCHALLENGERMATCH-26APR18DELPRA-DEL,62,874,61,4359,60,2898,59,1583,58,1202,64,1282,65,1849,66,3260,67,3599,68,435,63.0
2026-04-18 08:53:14 AM,KXATPCHALLENGERMATCH-26APR18DELPRA-DEL,62,874,61,4359,60,2906,59,1583,58,1202,64,1282,65,1849,66,3260,67,3599,68,435,63.0
2026-04-18 08:58:04 AM,KXATPCHALLENGERMATCH-26APR18DELPRA-DEL,62,273,61,4359,60,2906,59,1583,58,1202,64,1282,65,1849,66,3260,67,3599,68,435,63.0
2026-04-18 08:58:06 AM,KXATPCHALLENGERMATCH-26APR18DELPRA-DEL,62,273,61,4359,60,2906,59,1583,58,1202,64,1536,65,1849,66,3260,67,3599,68,435,63.0
2026-04-18 08:58:06 AM,KXATPCHALLENGERMATCH-26APR18DELPRA-DEL,62,29,61,4359,60,2906,59,1583,58,1202,64,1536,65,1849,66,3260,67,3599,68,435,63.0
2026-04-18 08:58:06 AM,KXATPCHALLENGERMATCH-26APR18DELPRA-DEL,62,27,61,4359,60,2906,59,1583,58,1202,64,1536,65,1849,66,3260,67,3599,68,435,63.0
2026-04-18 08:58:06 AM,KXATPCHALLENGERMATCH-26APR18DELPRA-DEL,62,15,61,4359,60,2906,59,1583,58,1202,64,1536,65,1849,66,3260,67,3599,68,435,63.0
2026-04-18 08:58:06 AM,KXATPCHALLENGERMATCH-26APR18DELPRA-DEL,61,4359,60,2906,59,1583,58,1202,47,213,64,1536,65,1849,66,3260,67,3599,68,435,62.5
2026-04-18 08:58:06 AM,KXATPCHALLENGERMATCH-26APR18DELPRA-DEL,61,4369,60,2906,59,1583,58,1202,47,213,64,1536,65,1849,66,3260,67,3599,68,435,62.5
2026-04-18 08:58:06 AM,KXATPCHALLENGERMATCH-26APR18DELPRA-DEL,61,4369,60,2917,59,1583,58,1202,47,213,64,1536,65,1849,66,3260,67,3599,68,435,62.5
2026-04-18 08:58:06 AM,KXATPCHALLENGERMATCH-26APR18DELPRA-DEL,61,4369,60,2917,59,1583,58,1202,47,213,63,116,64,1536,65,1849,66,3260,67,3599,62.0
2026-04-18 08:58:07 AM,KXATPCHALLENGERMATCH-26APR18DELPRA-DEL,61,4369,60,2917,59,1583,58,1202,47,213,63,116,64,1536,65,1849,66,3260,67,1599,62.0
2026-04-18 08:58:08 AM,KXATPCHALLENGERMATCH-26APR18DELPRA-DEL,61,4357,60,2917,59,1583,58,1202,47,213,63,116,64,1536,65,1849,66,3260,67,1599,62.0
2026-04-18 08:58:08 AM,KXATPCHALLENGERMATCH-26APR18DELPRA-DEL,61,4355,60,2917,59,1583,58,1202,47,213,63,116,64,1536,65,1849,66,3260,67,1599,62.0
2026-04-18 08:58:08 AM,KXATPCHALLENGERMATCH-26APR18DELPRA-DEL,61,4353,60,2917,59,1583,58,1202,47,213,63,116,64,1536,65,1849,66,3260,67,1599,62.0
2026-04-18 08:58:08 AM,KXATPCHALLENGERMATCH-26APR18DELPRA-DEL,61,4316,60,2917,59,1583,58,1202,47,213,63,116,64,1536,65,1849,66,3260,67,1599,62.0
2026-04-18 08:58:08 AM,KXATPCHALLENGERMATCH-26APR18DELPRA-DEL,61,4314,60,2917,59,1583,58,1202,47,213,63,116,64,1536,65,1849,66,3260,67,1599,62.0
2026-04-18 08:58:08 AM,KXATPCHALLENGERMATCH-26APR18DELPRA-DEL,61,4312,60,2917,59,1583,58,1202,47,213,63,116,64,1536,65,1849,66,3260,67,1599,62.0
2026-04-18 08:58:08 AM,KXATPCHALLENGERMATCH-26APR18DELPRA-DEL,61,4244,60,2917,59,1583,58,1202,47,213,63,116,64,1536,65,1849,66,3260,67,1599,62.0
2026-04-18 08:58:08 AM,KXATPCHALLENGERMATCH-26APR18DELPRA-DEL,61,4244,60,3048,59,1583,58,1202,47,213,63,116,64,1536,65,1849,66,3260,67,1599,62.0
2026-04-18 08:58:57 AM,KXATPCHALLENGERMATCH-26APR18DELPRA-DEL,61,4244,60,3048,59,1583,58,1202,47,213,63,115,64,1536,65,1849,66,3260,67,1599,62.0
2026-04-18 08:58:57 AM,KXATPCHALLENGERMATCH-26APR18DELPRA-DEL,61,4262,60,3048,59,1583,58,1202,47,213,63,115,64,1536,65,1849,66,3260,67,1599,62.0
2026-04-18 08:59:44 AM,KXATPCHALLENGERMATCH-26APR18DELPRA-DEL,61,4262,60,3040,59,1583,58,1202,47,213,63,115,64,1536,65,1849,66,3260,67,1599,62.0
2026-04-18 08:59:45 AM,KXATPCHALLENGERMATCH-26APR18DELPRA-DEL,61,4262,60,3040,59,1591,58,1202,47,213,63,115,64,1536,65,1849,66,3260,67,1599,62.0
2026-04-18 09:00:56 AM,KXATPCHALLENGERMATCH-26APR18DELPRA-DEL,61,4244,60,3040,59,1591,58,1202,47,213,63,115,64,1536,65,1849,66,3260,67,1599,62.0
2026-04-18 09:02:39 AM,KXATPCHALLENGERMATCH-26APR18DELPRA-DEL,61,4254,60,3040,59,1591,58,1202,47,213,63,115,64,1536,65,1849,66,3260,67,1599,62.0
2026-04-18 09:02:39 AM,KXATPCHALLENGERMATCH-26APR18DELPRA-DEL,61,4264,60,3040,59,1591,58,1202,47,213,63,115,64,1536,65,1849,66,3260,67,1599,62.0
2026-04-18 09:02:39 AM,KXATPCHALLENGERMATCH-26APR18DELPRA-DEL,61,4264,60,3040,59,1591,58,1202,47,213,63,115,64,1536,65,1849,66,3270,67,1599,62.0
2026-04-18 09:02:39 AM,KXATPCHALLENGERMATCH-26APR18DELPRA-DEL,61,4264,60,3040,59,1591,58,1202,47,213,63,115,64,1536,65,1849,66,3280,67,1599,62.0
2026-04-18 09:03:03 AM,KXATPCHALLENGERMATCH-26APR18DELPRA-DEL,61,4282,60,3040,59,1591,58,1202,47,213,63,115,64,1536,65,1849,66,3280,67,1599,62.0
2026-04-18 09:05:04 AM,KXATPCHALLENGERMATCH-26APR18DELPRA-DEL,61,4264,60,3040,59,1591,58,1202,47,213,63,115,64,1536,65,1849,66,3280,67,1599,62.0
2026-04-18 09:05:12 AM,KXATPCHALLENGERMATCH-26APR18DELPRA-DEL,61,4282,60,3040,59,1591,58,1202,47,213,63,115,64,1536,65,1849,66,3280,67,1599,62.0
2026-04-18 09:06:09 AM,KXATPCHALLENGERMATCH-26APR18DELPRA-DEL,61,4282,60,3040,59,1583,58,1202,47,213,63,115,64,1536,65,1849,66,3280,67,1599,62.0
2026-04-18 09:06:09 AM,KXATPCHALLENGERMATCH-26APR18DELPRA-DEL,61,4282,60,3040,59,1591,58,1202,47,213,63,115,64,1536,65,1849,66,3280,67,1599,62.0
2026-04-18 09:07:11 AM,KXATPCHALLENGERMATCH-26APR18DELPRA-DEL,61,4264,60,3040,59,1591,58,1202,47,213,63,115,64,1536,65,1849,66,3280,67,1599,62.0
2026-04-18 09:08:43 AM,KXATPCHALLENGERMATCH-26APR18DELPRA-DEL,61,4282,60,3040,59,1591,58,1202,47,213,63,115,64,1536,65,1849,66,3280,67,1599,62.0
2026-04-18 09:08:58 AM,KXATPCHALLENGERMATCH-26APR18DELPRA-DEL,61,2282,60,3040,59,1591,58,1202,47,213,63,115,64,1536,65,1849,66,3280,67,1599,62.0
2026-04-18 09:09:06 AM,KXATPCHALLENGERMATCH-26APR18DELPRA-DEL,61,2282,60,1040,59,1591,58,1202,47,213,63,115,64,1536,65,1849,66,3280,67,1599,62.0
2026-04-18 09:12:14 AM,KXATPCHALLENGERMATCH-26APR18DELPRA-DEL,61,2264,60,1040,59,1591,58,1202,47,213,63,115,64,1536,65,1849,66,3280,67,1599,62.0
2026-04-18 09:12:24 AM,KXATPCHALLENGERMATCH-26APR18DELPRA-DEL,61,2264,60,1040,59,1583,58,1202,47,213,63,115,64,1536,65,1849,66,3280,67,1599,62.0
2026-04-18 09:12:24 AM,KXATPCHALLENGERMATCH-26APR18DELPRA-DEL,61,2264,60,1040,59,1591,58,1202,47,213,63,115,64,1536,65,1849,66,3280,67,1599,62.0
2026-04-18 09:13:44 AM,KXATPCHALLENGERMATCH-26APR18DELPRA-DEL,61,2282,60,1040,59,1591,58,1202,47,213,63,115,64,1536,65,1849,66,3280,67,1599,62.0
2026-04-18 09:15:39 AM,KXATPCHALLENGERMATCH-26APR18DELPRA-DEL,61,2283,60,1040,59,1591,58,1202,47,213,63,115,64,1536,65,1849,66,3280,67,1599,62.0
2026-04-18 09:16:29 AM,KXATPCHALLENGERMATCH-26APR18DELPRA-DEL,61,2265,60,1040,59,1591,58,1202,47,213,63,115,64,1536,65,1849,66,3280,67,1599,62.0
2026-04-18 09:17:01 AM,KXATPCHALLENGERMATCH-26APR18DELPRA-DEL,61,2283,60,1040,59,1591,58,1202,47,213,63,115,64,1536,65,1849,66,3280,67,1599,62.0
2026-04-18 09:18:40 AM,KXATPCHALLENGERMATCH-26APR18DELPRA-DEL,61,2283,60,1040,59,1583,58,1202,47,213,63,115,64,1536,65,1849,66,3280,67,1599,62.0
2026-04-18 09:18:40 AM,KXATPCHALLENGERMATCH-26APR18DELPRA-DEL,61,2283,60,1040,59,1591,58,1202,47,213,63,115,64,1536,65,1849,66,3280,67,1599,62.0
2026-04-18 09:19:36 AM,KXATPCHALLENGERMATCH-26APR18DELPRA-DEL,61,2265,60,1040,59,1591,58,1202,47,213,63,115,64,1536,65,1849,66,3280,67,1599,62.0
2026-04-18 09:21:00 AM,KXATPCHALLENGERMATCH-26APR18DELPRA-DEL,61,2265,60,2240,59,1591,58,1202,47,213,63,115,64,1536,65,1849,66,3280,67,1599,62.0
2026-04-18 09:21:09 AM,KXATPCHALLENGERMATCH-26APR18DELPRA-DEL,61,2283,60,2240,59,1591,58,1202,47,213,63,115,64,1536,65,1849,66,3280,67,1599,62.0
2026-04-18 09:23:27 AM,KXATPCHALLENGERMATCH-26APR18DELPRA-DEL,61,2265,60,2240,59,1591,58,1202,47,213,63,115,64,1536,65,1849,66,3280,67,1599,62.0
2026-04-18 09:23:45 AM,KXATPCHALLENGERMATCH-26APR18DELPRA-DEL,61,2265,60,1040,59,1591,58,1202,47,213,63,115,64,1536,65,1849,66,3280,67,1599,62.0
2026-04-18 09:24:57 AM,KXATPCHALLENGERMATCH-26APR18DELPRA-DEL,61,2265,60,1040,59,1583,58,1202,47,213,63,115,64,1536,65,1849,66,3280,67,1599,62.0
2026-04-18 09:24:58 AM,KXATPCHALLENGERMATCH-26APR18DELPRA-DEL,61,2265,60,1040,59,1591,58,1202,47,213,63,115,64,1536,65,1849,66,3280,67,1599,62.0
2026-04-18 09:25:39 AM,KXATPCHALLENGERMATCH-26APR18DELPRA-DEL,61,2264,60,1040,59,1591,58,1202,47,213,63,115,64,1536,65,1849,66,3280,67,1599,62.0
2026-04-18 09:25:43 AM,KXATPCHALLENGERMATCH-26APR18DELPRA-DEL,61,2282,60,1040,59,1591,58,1202,47,213,63,115,64,1536,65,1849,66,3280,67,1599,62.0
2026-04-18 09:28:55 AM,KXATPCHALLENGERMATCH-26APR18DELPRA-DEL,61,2282,60,1040,59,1591,58,1202,47,213,63,69,64,1536,65,1849,66,3280,67,1599,62.0
2026-04-18 09:29:16 AM,KXATPCHALLENGERMATCH-26APR18DELPRA-DEL,61,2264,60,1040,59,1591,58,1202,47,213,63,69,64,1536,65,1849,66,3280,67,1599,62.0
2026-04-18 09:29:28 AM,KXATPCHALLENGERMATCH-26APR18DELPRA-DEL,61,2282,60,1040,59,1591,58,1202,47,213,63,69,64,1536,65,1849,66,3280,67,1599,62.0
2026-04-18 09:31:22 AM,KXATPCHALLENGERMATCH-26APR18DELPRA-DEL,61,2282,60,1040,59,1583,58,1202,47,213,63,69,64,1536,65,1849,66,3280,67,1599,62.0
2026-04-18 09:31:23 AM,KXATPCHALLENGERMATCH-26APR18DELPRA-DEL,61,2282,60,1040,59,1591,58,1202,47,213,63,69,64,1536,65,1849,66,3280,67,1599,62.0
2026-04-18 09:31:24 AM,KXATPCHALLENGERMATCH-26APR18DELPRA-DEL,61,2264,60,1040,59,1591,58,1202,47,213,63,69,64,1536,65,1849,66,3280,67,1599,62.0
2026-04-18 09:33:39 AM,KXATPCHALLENGERMATCH-26APR18DELPRA-DEL,61,2282,60,1040,59,1591,58,1202,47,213,63,69,64,1536,65,1849,66,3280,67,1599,62.0
2026-04-18 09:34:30 AM,KXATPCHALLENGERMATCH-26APR18DELPRA-DEL,61,2282,60,1040,59,1591,58,3202,47,213,63,69,64,1536,65,1849,66,3280,67,1599,62.0
2026-04-18 09:34:30 AM,KXATPCHALLENGERMATCH-26APR18DELPRA-DEL,61,2282,60,1040,59,3591,58,3202,47,213,63,69,64,1536,65,1849,66,3280,67,1599,62.0
2026-04-18 09:35:39 AM,KXATPCHALLENGERMATCH-26APR18DELPRA-DEL,61,2264,60,1040,59,3591,58,3202,47,213,63,69,64,1536,65,1849,66,3280,67,1599,62.0
2026-04-18 09:36:04 AM,KXATPCHALLENGERMATCH-26APR18DELPRA-DEL,61,2264,60,1040,59,3591,58,1202,47,213,63,69,64,1536,65,1849,66,3280,67,1599,62.0
2026-04-18 09:36:04 AM,KXATPCHALLENGERMATCH-26APR18DELPRA-DEL,61,2264,60,1040,59,1591,58,1202,47,213,63,69,64,1536,65,1849,66,3280,67,1599,62.0
2026-04-18 09:36:11 AM,KXATPCHALLENGERMATCH-26APR18DELPRA-DEL,61,2264,60,3040,59,1591,58,1202,47,213,63,69,64,1536,65,1849,66,3280,67,1599,62.0
2026-04-18 09:36:22 AM,KXATPCHALLENGERMATCH-26APR18DELPRA-DEL,61,2264,60,3040,59,3591,58,1202,47,213,63,69,64,1536,65,1849,66,3280,67,1599,62.0
2026-04-18 09:37:36 AM,KXATPCHALLENGERMATCH-26APR18DELPRA-DEL,61,2264,60,3040,59,3583,58,1202,47,213,63,69,64,1536,65,1849,66,3280,67,1599,62.0
2026-04-18 09:37:36 AM,KXATPCHALLENGERMATCH-26APR18DELPRA-DEL,61,2264,60,3040,59,3591,58,1202,47,213,63,69,64,1536,65,1849,66,3280,67,1599,62.0
2026-04-18 09:38:08 AM,KXATPCHALLENGERMATCH-26APR18DELPRA-DEL,61,2282,60,3040,59,3591,58,1202,47,213,63,69,64,1536,65,1849,66,3280,67,1599,62.0
2026-04-18 09:39:16 AM,KXATPCHALLENGERMATCH-26APR18DELPRA-DEL,61,2282,60,3040,59,1591,58,1202,47,213,63,69,64,1536,65,1849,66,3280,67,1599,62.0
2026-04-18 09:39:20 AM,KXATPCHALLENGERMATCH-26APR18DELPRA-DEL,61,2282,60,3040,59,1591,58,1202,47,213,63,45,64,1536,65,1849,66,3280,67,1599,62.0
2026-04-18 09:39:22 AM,KXATPCHALLENGERMATCH-26APR18DELPRA-DEL,61,4282,60,3040,59,1591,58,1202,47,213,63,45,64,1536,65,1849,66,3280,67,1599,62.0
2026-04-18 09:40:38 AM,KXATPCHALLENGERMATCH-26APR18DELPRA-DEL,61,4282,60,4240,59,1591,58,1202,47,213,63,45,64,1536,65,1849,66,3280,67,1599,62.0
2026-04-18 09:41:08 AM,KXATPCHALLENGERMATCH-26APR18DELPRA-DEL,61,4264,60,4240,59,1591,58,1202,47,213,63,45,64,1536,65,1849,66,3280,67,1599,62.0
2026-04-18 09:42:05 AM,KXATPCHALLENGERMATCH-26APR18DELPRA-DEL,61,4264,60,3040,59,1591,58,1202,47,213,63,45,64,1536,65,1849,66,3280,67,1599,62.0
2026-04-18 09:42:28 AM,KXATPCHALLENGERMATCH-26APR18DELPRA-DEL,61,4264,60,4240,59,1591,58,1202,47,213,63,45,64,1536,65,1849,66,3280,67,1599,62.0
2026-04-18 09:43:46 AM,KXATPCHALLENGERMATCH-26APR18DELPRA-DEL,61,4264,60,4240,59,1583,58,1202,47,213,63,45,64,1536,65,1849,66,3280,67,1599,62.0
2026-04-18 09:43:46 AM,KXATPCHALLENGERMATCH-26APR18DELPRA-DEL,61,4264,60,4240,59,1591,58,1202,47,213,63,45,64,1536,65,1849,66,3280,67,1599,62.0
2026-04-18 09:45:16 AM,KXATPCHALLENGERMATCH-26APR18DELPRA-DEL,61,4264,60,3040,59,1591,58,1202,47,213,63,45,64,1536,65,1849,66,3280,67,1599,62.0
2026-04-18 09:50:11 AM,KXATPCHALLENGERMATCH-26APR18DELPRA-DEL,61,4264,60,3040,59,1583,58,1202,47,213,63,45,64,1536,65,1849,66,3280,67,1599,62.0
2026-04-18 09:50:12 AM,KXATPCHALLENGERMATCH-26APR18DELPRA-DEL,61,4264,60,3040,59,1591,58,1202,47,213,63,45,64,1536,65,1849,66,3280,67,1599,62.0
2026-04-18 09:56:47 AM,KXATPCHALLENGERMATCH-26APR18DELPRA-DEL,61,4264,60,3040,59,1583,58,1202,47,213,63,45,64,1536,65,1849,66,3280,67,1599,62.0
2026-04-18 09:56:47 AM,KXATPCHALLENGERMATCH-26APR18DELPRA-DEL,61,4264,60,3040,59,1591,58,1202,47,213,63,45,64,1536,65,1849,66,3280,67,1599,62.0
2026-04-18 09:58:27 AM,KXATPCHALLENGERMATCH-26APR18DELPRA-DEL,61,4282,60,3040,59,1591,58,1202,47,213,63,45,64,1536,65,1849,66,3280,67,1599,62.0
2026-04-18 10:01:27 AM,KXATPCHALLENGERMATCH-26APR18DELPRA-DEL,61,4264,60,3040,59,1591,58,1202,47,213,63,45,64,1536,65,1849,66,3280,67,1599,62.0
2026-04-18 10:02:22 AM,KXATPCHALLENGERMATCH-26APR18DELPRA-DEL,61,4264,60,3040,59,1591,58,1202,55,2797,63,45,64,1536,65,1849,66,3280,67,1599,62.0
2026-04-18 10:02:45 AM,KXATPCHALLENGERMATCH-26APR18DELPRA-DEL,61,4264,60,3040,59,1591,58,1202,56,179,63,45,64,1536,65,1849,66,3280,67,1599,62.0
2026-04-18 10:03:08 AM,KXATPCHALLENGERMATCH-26APR18DELPRA-DEL,61,4264,60,3040,59,1583,58,1202,56,179,63,45,64,1536,65,1849,66,3280,67,1599,62.0
2026-04-18 10:03:08 AM,KXATPCHALLENGERMATCH-26APR18DELPRA-DEL,61,4264,60,3040,59,1591,58,1202,56,179,63,45,64,1536,65,1849,66,3280,67,1599,62.0
2026-04-18 10:07:24 AM,KXATPCHALLENGERMATCH-26APR18DELPRA-DEL,61,4282,60,3040,59,1591,58,1202,56,179,63,45,64,1536,65,1849,66,3280,67,1599,62.0
2026-04-18 10:08:50 AM,KXATPCHALLENGERMATCH-26APR18DELPRA-DEL,61,4282,60,3040,59,1591,58,1202,56,179,64,1536,65,1849,66,3280,67,1599,68,436,62.5
2026-04-18 10:08:58 AM,KXATPCHALLENGERMATCH-26APR18DELPRA-DEL,61,4282,60,3040,59,1591,58,1202,56,179,64,1536,65,1849,66,3280,67,3599,68,436,62.5
2026-04-18 10:09:01 AM,KXATPCHALLENGERMATCH-26APR18DELPRA-DEL,61,4282,60,3040,59,1591,58,1202,56,179,64,1336,65,1849,66,3280,67,3599,68,436,62.5
2026-04-18 10:09:02 AM,KXATPCHALLENGERMATCH-26APR18DELPRA-DEL,61,4282,60,3040,59,1591,58,1202,56,179,64,1536,65,1849,66,3280,67,3599,68,436,62.5
2026-04-18 10:09:02 AM,KXATPCHALLENGERMATCH-26APR18DELPRA-DEL,61,4282,60,3029,59,1591,58,1202,56,179,64,1536,65,1849,66,3280,67,3599,68,436,62.5
2026-04-18 10:09:02 AM,KXATPCHALLENGERMATCH-26APR18DELPRA-DEL,61,4272,60,3029,59,1591,58,1202,56,179,64,1536,65,1849,66,3280,67,3599,68,436,62.5
2026-04-18 10:09:02 AM,KXATPCHALLENGERMATCH-26APR18DELPRA-DEL,61,4257,60,3029,59,1591,58,1202,56,179,64,1536,65,1849,66,3280,67,3599,68,436,62.5
2026-04-18 10:09:02 AM,KXATPCHALLENGERMATCH-26APR18DELPRA-DEL,61,4257,60,3029,59,1591,58,1202,56,179,64,1536,65,1834,66,3280,67,3599,68,436,62.5
2026-04-18 10:09:02 AM,KXATPCHALLENGERMATCH-26APR18DELPRA-DEL,61,4257,60,3029,59,1591,58,1202,56,179,64,1536,65,1834,66,3275,67,3599,68,436,62.5
2026-04-18 10:09:02 AM,KXATPCHALLENGERMATCH-26APR18DELPRA-DEL,61,4257,60,3029,59,1591,58,1202,56,179,64,1536,65,1834,66,3265,67,3599,68,436,62.5
2026-04-18 10:09:02 AM,KXATPCHALLENGERMATCH-26APR18DELPRA-DEL,61,4283,60,3029,59,1591,58,1202,56,179,64,1536,65,1834,66,3265,67,3599,68,436,62.5
2026-04-18 10:09:02 AM,KXATPCHALLENGERMATCH-26APR18DELPRA-DEL,61,4283,60,3039,59,1591,58,1202,56,179,64,1536,65,1834,66,3265,67,3599,68,436,62.5
2026-04-18 10:09:02 AM,KXATPCHALLENGERMATCH-26APR18DELPRA-DEL,61,4283,60,3039,59,1591,58,1202,56,179,64,1536,65,1849,66,3265,67,3599,68,436,62.5
2026-04-18 10:09:02 AM,KXATPCHALLENGERMATCH-26APR18DELPRA-DEL,61,4283,60,3039,59,1591,58,1202,56,179,64,1536,65,1849,66,3276,67,3599,68,436,62.5
2026-04-18 10:09:03 AM,KXATPCHALLENGERMATCH-26APR18DELPRA-DEL,61,4283,60,3039,59,1591,58,1202,56,179,64,1336,65,1849,66,3276,67,3599,68,436,62.5
2026-04-18 10:09:04 AM,KXATPCHALLENGERMATCH-26APR18DELPRA-DEL,61,4383,60,3039,59,1591,58,1202,56,179,64,1336,65,1849,66,3276,67,3599,68,436,62.5
2026-04-18 10:09:04 AM,KXATPCHALLENGERMATCH-26APR18DELPRA-DEL,61,4383,60,3139,59,1591,58,1202,56,179,64,1336,65,1849,66,3276,67,3599,68,436,62.5
2026-04-18 10:09:04 AM,KXATPCHALLENGERMATCH-26APR18DELPRA-DEL,61,4383,60,3139,59,1591,58,1202,56,179,64,1299,65,1849,66,3276,67,3599,68,436,62.5
2026-04-18 10:09:05 AM,KXATPCHALLENGERMATCH-26APR18DELPRA-DEL,61,4401,60,3139,59,1591,58,1202,56,179,64,1299,65,1849,66,3276,67,3599,68,436,62.5
2026-04-18 10:09:05 AM,KXATPCHALLENGERMATCH-26APR18DELPRA-DEL,61,4401,60,3157,59,1591,58,1202,56,179,64,1299,65,1849,66,3276,67,3599,68,436,62.5
2026-04-18 10:09:26 AM,KXATPCHALLENGERMATCH-26APR18DELPRA-DEL,61,4401,60,3157,59,1583,58,1202,56,179,64,1299,65,1849,66,3276,67,3599,68,436,62.5
2026-04-18 10:09:26 AM,KXATPCHALLENGERMATCH-26APR18DELPRA-DEL,61,4401,60,3165,59,1583,58,1202,56,179,64,1299,65,1849,66,3276,67,3599,68,436,62.5
2026-04-18 10:09:28 AM,KXATPCHALLENGERMATCH-26APR18DELPRA-DEL,61,4383,60,3165,59,1583,58,1202,56,179,64,1299,65,1849,66,3276,67,3599,68,436,62.5
2026-04-18 10:09:50 AM,KXATPCHALLENGERMATCH-26APR18DELPRA-DEL,61,4383,60,3165,59,1583,58,1202,56,179,63,151,64,1299,65,1849,66,3276,67,3599,62.0
2026-04-18 10:09:50 AM,KXATPCHALLENGERMATCH-26APR18DELPRA-DEL,61,4383,60,3165,59,1583,58,1202,56,2793,63,151,64,1299,65,1849,66,3276,67,3599,62.0
2026-04-18 10:09:50 AM,KXATPCHALLENGERMATCH-26APR18DELPRA-DEL,61,4383,60,3165,59,1583,58,1202,56,2614,63,151,64,1299,65,1849,66,3276,67,3599,62.0
2026-04-18 10:09:50 AM,KXATPCHALLENGERMATCH-26APR18DELPRA-DEL,61,4383,60,3165,59,1583,58,1202,57,175,63,151,64,1299,65,1849,66,3276,67,3599,62.0
2026-04-18 10:09:51 AM,KXATPCHALLENGERMATCH-26APR18DELPRA-DEL,61,4383,60,3034,59,1583,58,1202,57,175,63,151,64,1299,65,1849,66,3276,67,3599,62.0
2026-04-18 10:09:51 AM,KXATPCHALLENGERMATCH-26APR18DELPRA-DEL,61,4383,60,2934,59,1583,58,1202,57,175,63,151,64,1299,65,1849,66,3276,67,3599,62.0
2026-04-18 10:09:51 AM,KXATPCHALLENGERMATCH-26APR18DELPRA-DEL,61,4383,60,2916,59,1583,58,1202,57,175,63,151,64,1299,65,1849,66,3276,67,3599,62.0
2026-04-18 10:09:51 AM,KXATPCHALLENGERMATCH-26APR18DELPRA-DEL,62,250,61,4383,60,2916,59,1583,58,1202,63,151,64,1299,65,1849,66,3276,67,3599,62.5
2026-04-18 10:09:51 AM,KXATPCHALLENGERMATCH-26APR18DELPRA-DEL,62,250,61,4383,60,2906,59,1583,58,1202,63,151,64,1299,65,1849,66,3276,67,3599,62.5
2026-04-18 10:09:51 AM,KXATPCHALLENGERMATCH-26APR18DELPRA-DEL,62,250,61,4357,60,2906,59,1583,58,1202,63,151,64,1299,65,1849,66,3276,67,3599,62.5
2026-04-18 10:09:51 AM,KXATPCHALLENGERMATCH-26APR18DELPRA-DEL,62,265,61,4357,60,2906,59,1583,58,1202,63,151,64,1299,65,1849,66,3276,67,3599,62.5
2026-04-18 10:09:51 AM,KXATPCHALLENGERMATCH-26APR18DELPRA-DEL,62,265,61,4368,60,2906,59,1583,58,1202,63,151,64,1299,65,1849,66,3276,67,3599,62.5
2026-04-18 10:09:54 AM,KXATPCHALLENGERMATCH-26APR18DELPRA-DEL,62,265,61,4368,60,2906,59,1583,58,1202,63,151,64,1299,65,1849,66,3276,67,1599,62.5
2026-04-18 10:10:13 AM,KXATPCHALLENGERMATCH-26APR18DELPRA-DEL,62,250,61,4368,60,2906,59,1583,58,1202,63,151,64,1299,65,1849,66,3276,67,1599,62.5
2026-04-18 10:10:13 AM,KXATPCHALLENGERMATCH-26APR18DELPRA-DEL,62,250,61,4357,60,2906,59,1583,58,1202,63,151,64,1299,65,1849,66,3276,67,1599,62.5
2026-04-18 10:10:13 AM,KXATPCHALLENGERMATCH-26APR18DELPRA-DEL,62,250,61,4357,60,2906,59,1583,58,1202,63,151,64,1299,65,1834,66,3276,67,1599,62.5
2026-04-18 10:10:13 AM,KXATPCHALLENGERMATCH-26APR18DELPRA-DEL,62,250,61,4357,60,2906,59,1583,58,1202,63,151,64,1299,65,1834,66,3265,67,1599,62.5
2026-04-18 10:10:13 AM,KXATPCHALLENGERMATCH-26APR18DELPRA-DEL,62,265,61,4357,60,2906,59,1583,58,1202,63,151,64,1299,65,1834,66,3265,67,1599,62.5
2026-04-18 10:10:13 AM,KXATPCHALLENGERMATCH-26APR18DELPRA-DEL,62,265,61,4368,60,2906,59,1583,58,1202,63,151,64,1299,65,1834,66,3265,67,1599,62.5
2026-04-18 10:10:13 AM,KXATPCHALLENGERMATCH-26APR18DELPRA-DEL,62,280,61,4368,60,2906,59,1583,58,1202,63,151,64,1299,65,1834,66,3265,67,1599,62.5
2026-04-18 10:10:13 AM,KXATPCHALLENGERMATCH-26APR18DELPRA-DEL,62,280,61,4379,60,2906,59,1583,58,1202,63,151,64,1299,65,1834,66,3265,67,1599,62.5
2026-04-18 10:10:14 AM,KXATPCHALLENGERMATCH-26APR18DELPRA-DEL,62,265,61,4379,60,2906,59,1583,58,1202,63,151,64,1299,65,1834,66,3265,67,1599,62.5
2026-04-18 10:10:14 AM,KXATPCHALLENGERMATCH-26APR18DELPRA-DEL,62,265,61,4368,60,2906,59,1583,58,1202,63,151,64,1299,65,1834,66,3265,67,1599,62.5
2026-04-18 10:10:14 AM,KXATPCHALLENGERMATCH-26APR18DELPRA-DEL,62,265,61,4368,60,2906,59,1583,58,1202,63,151,64,1299,65,1849,66,3265,67,1599,62.5
2026-04-18 10:10:14 AM,KXATPCHALLENGERMATCH-26APR18DELPRA-DEL,62,265,61,4368,60,2906,59,1583,58,1202,63,151,64,1299,65,1849,66,3276,67,1599,62.5
2026-04-18 10:15:51 AM,KXATPCHALLENGERMATCH-26APR18DELPRA-DEL,62,265,61,4368,60,2898,59,1583,58,1202,63,151,64,1299,65,1849,66,3276,67,1599,62.5
2026-04-18 10:15:51 AM,KXATPCHALLENGERMATCH-26APR18DELPRA-DEL,62,265,61,4368,60,2898,59,1591,58,1202,63,151,64,1299,65,1849,66,3276,67,1599,62.5
2026-04-18 10:22:07 AM,KXATPCHALLENGERMATCH-26APR18DELPRA-DEL,62,265,61,4368,60,2898,59,1583,58,1202,63,151,64,1299,65,1849,66,3276,67,1599,62.5
2026-04-18 10:22:08 AM,KXATPCHALLENGERMATCH-26APR18DELPRA-DEL,62,265,61,4368,60,2898,59,1591,58,1202,63,151,64,1299,65,1849,66,3276,67,1599,62.5
2026-04-18 10:22:57 AM,KXATPCHALLENGERMATCH-26APR18DELPRA-DEL,62,265,61,4368,60,2898,59,1591,58,1202,63,150,64,1299,65,1849,66,3276,67,1599,62.5
2026-04-18 10:28:33 AM,KXATPCHALLENGERMATCH-26APR18DELPRA-DEL,62,265,61,4368,60,2898,59,1583,58,1202,63,150,64,1299,65,1849,66,3276,67,1599,62.5
2026-04-18 10:28:33 AM,KXATPCHALLENGERMATCH-26APR18DELPRA-DEL,62,265,61,4368,60,2898,59,1591,58,1202,63,150,64,1299,65,1849,66,3276,67,1599,62.5
2026-04-18 10:30:25 AM,KXATPCHALLENGERMATCH-26APR18DELPRA-DEL,62,265,61,4368,60,2898,59,1591,58,1202,64,1299,65,1849,66,3276,67,1599,68,436,63.0
2026-04-18 10:30:25 AM,KXATPCHALLENGERMATCH-26APR18DELPRA-DEL,62,265,61,4368,60,2898,59,1591,58,1202,64,1055,65,1849,66,3276,67,1599,68,436,63.0
2026-04-18 10:30:25 AM,KXATPCHALLENGERMATCH-26APR18DELPRA-DEL,62,265,61,4368,60,2898,59,1591,58,1202,64,255,65,1849,66,3276,67,1599,68,436,63.0
2026-04-18 10:30:25 AM,KXATPCHALLENGERMATCH-26APR18DELPRA-DEL,62,265,61,4368,60,2898,59,1591,58,1202,64,228,65,1849,66,3276,67,1599,68,436,63.0
2026-04-18 10:30:25 AM,KXATPCHALLENGERMATCH-26APR18DELPRA-DEL,62,265,61,4368,60,2898,59,1591,58,402,64,228,65,1849,66,3276,67,1599,68,436,63.0
2026-04-18 10:30:25 AM,KXATPCHALLENGERMATCH-26APR18DELPRA-DEL,62,265,61,4368,60,2898,59,791,58,402,64,228,65,1849,66,3276,67,1599,68,436,63.0
2026-04-18 10:30:25 AM,KXATPCHALLENGERMATCH-26APR18DELPRA-DEL,62,265,61,3568,60,2898,59,791,58,402,64,228,65,1849,66,3276,67,1599,68,436,63.0
2026-04-18 10:30:25 AM,KXATPCHALLENGERMATCH-26APR18DELPRA-DEL,62,265,61,3568,60,2898,59,791,58,402,64,228,65,1849,66,3276,67,799,68,436,63.0
2026-04-18 10:30:25 AM,KXATPCHALLENGERMATCH-26APR18DELPRA-DEL,62,265,61,3568,60,2898,59,791,58,402,64,228,65,1849,66,2476,67,799,68,436,63.0
2026-04-18 10:30:26 AM,KXATPCHALLENGERMATCH-26APR18DELPRA-DEL,62,400,61,3568,60,2898,59,791,58,402,64,228,65,1849,66,2476,67,799,68,436,63.0
2026-04-18 10:30:27 AM,KXATPCHALLENGERMATCH-26APR18DELPRA-DEL,62,400,61,3703,60,2898,59,791,58,402,64,228,65,1849,66,2476,67,799,68,436,63.0
2026-04-18 10:30:27 AM,KXATPCHALLENGERMATCH-26APR18DELPRA-DEL,62,400,61,3703,60,2898,59,1591,58,402,64,228,65,1849,66,2476,67,799,68,436,63.0
2026-04-18 10:30:27 AM,KXATPCHALLENGERMATCH-26APR18DELPRA-DEL,62,400,61,3703,60,3698,59,1591,58,402,64,228,65,1849,66,2476,67,799,68,436,63.0
2026-04-18 10:30:27 AM,KXATPCHALLENGERMATCH-26APR18DELPRA-DEL,62,1200,61,3703,60,3698,59,1591,58,402,64,228,65,1849,66,2476,67,799,68,436,63.0
2026-04-18 10:30:27 AM,KXATPCHALLENGERMATCH-26APR18DELPRA-DEL,62,1200,61,3703,60,3698,59,1591,58,402,64,228,65,2649,66,2476,67,799,68,436,63.0
2026-04-18 10:30:27 AM,KXATPCHALLENGERMATCH-26APR18DELPRA-DEL,62,1200,61,3703,60,3698,59,1591,58,402,64,228,65,2649,66,2476,67,799,68,1236,63.0
2026-04-18 10:30:27 AM,KXATPCHALLENGERMATCH-26APR18DELPRA-DEL,62,1200,61,3703,60,3698,59,1591,58,402,64,228,65,2649,66,2476,67,1599,68,1236,63.0
2026-04-18 10:30:27 AM,KXATPCHALLENGERMATCH-26APR18DELPRA-DEL,62,1200,61,3572,60,3698,59,1591,58,402,64,228,65,2649,66,2476,67,1599,68,1236,63.0
2026-04-18 10:30:27 AM,KXATPCHALLENGERMATCH-26APR18DELPRA-DEL,62,1200,61,3472,60,3698,59,1591,58,402,64,228,65,2649,66,2476,67,1599,68,1236,63.0
2026-04-18 10:30:27 AM,KXATPCHALLENGERMATCH-26APR18DELPRA-DEL,62,1200,61,3454,60,3698,59,1591,58,402,64,228,65,2649,66,2476,67,1599,68,1236,63.0
2026-04-18 10:30:27 AM,KXATPCHALLENGERMATCH-26APR18DELPRA-DEL,62,1200,61,3319,60,3698,59,1591,58,402,64,228,65,2649,66,2476,67,1599,68,1236,63.0
2026-04-18 10:30:27 AM,KXATPCHALLENGERMATCH-26APR18DELPRA-DEL,63,399,62,1200,61,3319,60,3698,59,1591,64,228,65,2649,66,2476,67,1599,68,1236,63.5
2026-04-18 10:30:27 AM,KXATPCHALLENGERMATCH-26APR18DELPRA-DEL,63,399,62,1213,61,3319,60,3698,59,1591,64,228,65,2649,66,2476,67,1599,68,1236,63.5
2026-04-18 10:30:28 AM,KXATPCHALLENGERMATCH-26APR18DELPRA-DEL,63,399,62,1213,61,3319,60,3698,59,1591,64,1,65,2649,66,2476,67,1599,68,1236,63.5
2026-04-18 10:30:28 AM,KXATPCHALLENGERMATCH-26APR18DELPRA-DEL,63,399,62,1213,61,3319,60,3698,59,1591,64,1,65,2634,66,2476,67,1599,68,1236,63.5
2026-04-18 10:30:28 AM,KXATPCHALLENGERMATCH-26APR18DELPRA-DEL,63,399,62,1213,61,3319,60,3698,59,1591,64,1,65,2634,66,2480,67,1599,68,1236,63.5
2026-04-18 10:30:28 AM,KXATPCHALLENGERMATCH-26APR18DELPRA-DEL,63,399,62,1213,61,3319,60,3698,59,1591,64,1,65,2634,66,2480,67,1610,68,1236,63.5
2026-04-18 10:30:28 AM,KXATPCHALLENGERMATCH-26APR18DELPRA-DEL,63,399,62,1213,61,3319,60,3698,59,1591,64,1,65,2234,66,2480,67,1610,68,1236,63.5
2026-04-18 10:30:28 AM,KXATPCHALLENGERMATCH-26APR18DELPRA-DEL,63,399,62,1213,61,3319,60,3698,59,1591,64,1,65,2134,66,2480,67,1610,68,1236,63.5
2026-04-18 10:30:28 AM,KXATPCHALLENGERMATCH-26APR18DELPRA-DEL,63,399,62,1213,61,3319,60,3698,59,1591,64,1,65,1835,66,2480,67,1610,68,1236,63.5
2026-04-18 10:30:28 AM,KXATPCHALLENGERMATCH-26APR18DELPRA-DEL,63,399,62,1213,61,3319,60,3698,59,1591,64,1,65,1835,66,3480,67,1610,68,1236,63.5
2026-04-18 10:30:33 AM,KXATPCHALLENGERMATCH-26APR18DELPRA-DEL,63,399,62,1213,61,3319,60,3698,59,1591,64,1,65,1835,66,3480,67,3610,68,1236,63.5
2026-04-18 10:30:33 AM,KXATPCHALLENGERMATCH-26APR18DELPRA-DEL,63,399,62,1213,61,3319,60,3698,59,1591,64,1,65,1835,66,3480,67,3610,68,3236,63.5
2026-04-18 10:30:59 AM,KXATPCHALLENGERMATCH-26APR18DELPRA-DEL,63,399,62,1213,61,3319,60,3698,59,1591,64,1,65,1879,66,3480,67,3610,68,3236,63.5
2026-04-18 10:31:43 AM,KXATPCHALLENGERMATCH-26APR18DELPRA-DEL,63,399,62,1213,61,3319,60,3698,59,1591,64,1,65,1835,66,3480,67,3610,68,3236,63.5
2026-04-18 10:32:16 AM,KXATPCHALLENGERMATCH-26APR18DELPRA-DEL,63,399,62,1213,61,3319,60,3698,59,1591,64,1,65,1833,66,3480,67,3610,68,3236,63.5
2026-04-18 10:32:17 AM,KXATPCHALLENGERMATCH-26APR18DELPRA-DEL,63,400,62,1213,61,3319,60,3698,59,1591,64,1,65,1833,66,3480,67,3610,68,3236,63.5
2026-04-18 10:32:17 AM,KXATPCHALLENGERMATCH-26APR18DELPRA-DEL,63,400,62,1214,61,3319,60,3698,59,1591,64,1,65,1833,66,3480,67,3610,68,3236,63.5
2026-04-18 10:33:16 AM,KXATPCHALLENGERMATCH-26APR18DELPRA-DEL,63,400,62,1214,61,3319,60,3698,59,1591,64,1,65,1781,66,3480,67,3610,68,3236,63.5
2026-04-18 10:33:17 AM,KXATPCHALLENGERMATCH-26APR18DELPRA-DEL,63,400,62,1214,61,3319,60,3698,59,1591,64,1,65,1833,66,3480,67,3610,68,3236,63.5
2026-04-18 10:33:18 AM,KXATPCHALLENGERMATCH-26APR18DELPRA-DEL,63,400,62,1214,61,3319,60,3698,59,1591,64,1,65,1781,66,3480,67,3610,68,3236,63.5
2026-04-18 10:33:19 AM,KXATPCHALLENGERMATCH-26APR18DELPRA-DEL,63,426,62,1214,61,3319,60,3698,59,1591,64,1,65,1781,66,3480,67,3610,68,3236,63.5
2026-04-18 10:33:19 AM,KXATPCHALLENGERMATCH-26APR18DELPRA-DEL,63,426,62,1240,61,3319,60,3698,59,1591,64,1,65,1781,66,3480,67,3610,68,3236,63.5
2026-04-18 10:33:19 AM,KXATPCHALLENGERMATCH-26APR18DELPRA-DEL,63,426,62,1240,61,3319,60,3698,59,1591,64,1,65,1808,66,3480,67,3610,68,3236,63.5
2026-04-18 10:33:19 AM,KXATPCHALLENGERMATCH-26APR18DELPRA-DEL,63,413,62,1240,61,3319,60,3698,59,1591,64,1,65,1808,66,3480,67,3610,68,3236,63.5
2026-04-18 10:33:19 AM,KXATPCHALLENGERMATCH-26APR18DELPRA-DEL,63,413,62,1227,61,3319,60,3698,59,1591,64,1,65,1808,66,3480,67,3610,68,3236,63.5
2026-04-18 10:34:30 AM,KXATPCHALLENGERMATCH-26APR18DELPRA-DEL,63,413,62,1227,61,3319,60,3698,59,1591,64,1,65,1764,66,3480,67,3610,68,3236,63.5
2026-04-18 10:34:32 AM,KXATPCHALLENGERMATCH-26APR18DELPRA-DEL,63,435,62,1227,61,3319,60,3698,59,1591,64,1,65,1764,66,3480,67,3610,68,3236,63.5
2026-04-18 10:34:32 AM,KXATPCHALLENGERMATCH-26APR18DELPRA-DEL,63,435,62,1249,61,3319,60,3698,59,1591,64,1,65,1764,66,3480,67,3610,68,3236,63.5
2026-04-18 10:34:56 AM,KXATPCHALLENGERMATCH-26APR18DELPRA-DEL,63,435,62,1249,61,3319,60,3698,59,1583,64,1,65,1764,66,3480,67,3610,68,3236,63.5
2026-04-18 10:34:56 AM,KXATPCHALLENGERMATCH-26APR18DELPRA-DEL,63,435,62,1249,61,3319,60,3706,59,1583,64,1,65,1764,66,3480,67,3610,68,3236,63.5
2026-04-18 10:37:36 AM,KXATPCHALLENGERMATCH-26APR18DELPRA-DEL,63,435,62,1249,61,3319,60,6006,59,1583,64,1,65,1764,66,3480,67,3610,68,3236,63.5
2026-04-18 10:40:23 AM,KXATPCHALLENGERMATCH-26APR18DELPRA-DEL,63,435,62,1249,61,3319,60,3706,59,1583,64,1,65,1764,66,3480,67,3610,68,3236,63.5
2026-04-18 10:41:14 AM,KXATPCHALLENGERMATCH-26APR18DELPRA-DEL,63,435,62,1249,61,3319,60,3698,59,1583,64,1,65,1764,66,3480,67,3610,68,3236,63.5
2026-04-18 10:41:14 AM,KXATPCHALLENGERMATCH-26APR18DELPRA-DEL,63,435,62,1249,61,3319,60,3706,59,1583,64,1,65,1764,66,3480,67,3610,68,3236,63.5
2026-04-18 10:44:05 AM,KXATPCHALLENGERMATCH-26APR18DELPRA-DEL,63,436,62,1249,61,3319,60,3706,59,1583,64,1,65,1764,66,3480,67,3610,68,3236,63.5
2026-04-18 10:47:28 AM,KXATPCHALLENGERMATCH-26APR18DELPRA-DEL,63,436,62,1249,61,3319,60,3698,59,1583,64,1,65,1764,66,3480,67,3610,68,3236,63.5
2026-04-18 10:47:28 AM,KXATPCHALLENGERMATCH-26APR18DELPRA-DEL,63,436,62,1249,61,3319,60,3706,59,1583,64,1,65,1764,66,3480,67,3610,68,3236,63.5
2026-04-18 10:50:33 AM,KXATPCHALLENGERMATCH-26APR18DELPRA-DEL,63,436,62,1234,61,3319,60,3706,59,1583,64,1,65,1764,66,3480,67,3610,68,3236,63.5
2026-04-18 10:50:33 AM,KXATPCHALLENGERMATCH-26APR18DELPRA-DEL,63,436,62,1234,61,3308,60,3706,59,1583,64,1,65,1764,66,3480,67,3610,68,3236,63.5
2026-04-18 10:50:33 AM,KXATPCHALLENGERMATCH-26APR18DELPRA-DEL,63,436,62,1234,61,3308,60,3706,59,1583,64,1,65,1764,66,3469,67,3610,68,3236,63.5
2026-04-18 10:50:33 AM,KXATPCHALLENGERMATCH-26APR18DELPRA-DEL,63,436,62,1234,61,3308,60,3706,59,1583,64,1,65,1764,66,3465,67,3610,68,3236,63.5
2026-04-18 10:50:33 AM,KXATPCHALLENGERMATCH-26APR18DELPRA-DEL,63,436,62,1234,61,3308,60,3706,59,1583,64,1,65,1764,66,3465,67,3599,68,3236,63.5
2026-04-18 10:50:33 AM,KXATPCHALLENGERMATCH-26APR18DELPRA-DEL,63,436,62,1249,61,3308,60,3706,59,1583,64,1,65,1764,66,3465,67,3599,68,3236,63.5
2026-04-18 10:50:33 AM,KXATPCHALLENGERMATCH-26APR18DELPRA-DEL,63,436,62,1249,61,3319,60,3706,59,1583,64,1,65,1764,66,3465,67,3599,68,3236,63.5
2026-04-18 10:50:33 AM,KXATPCHALLENGERMATCH-26APR18DELPRA-DEL,63,436,62,1249,61,3319,60,3706,59,1583,64,1,65,1764,66,3480,67,3599,68,3236,63.5
2026-04-18 10:50:33 AM,KXATPCHALLENGERMATCH-26APR18DELPRA-DEL,63,436,62,1249,61,3319,60,3706,59,1583,64,1,65,1764,66,3480,67,3610,68,3236,63.5
2026-04-18 10:53:04 AM,KXATPCHALLENGERMATCH-26APR18DELPRA-DEL,63,436,62,1249,61,3319,60,3706,59,1583,64,1,65,1755,66,3480,67,3610,68,3236,63.5
2026-04-18 10:53:04 AM,KXATPCHALLENGERMATCH-26APR18DELPRA-DEL,63,440,62,1249,61,3319,60,3706,59,1583,64,1,65,1755,66,3480,67,3610,68,3236,63.5
2026-04-18 10:53:04 AM,KXATPCHALLENGERMATCH-26APR18DELPRA-DEL,63,440,62,1253,61,3319,60,3706,59,1583,64,1,65,1755,66,3480,67,3610,68,3236,63.5
2026-04-18 10:53:49 AM,KXATPCHALLENGERMATCH-26APR18DELPRA-DEL,63,440,62,1253,61,3319,60,3698,59,1583,64,1,65,1755,66,3480,67,3610,68,3236,63.5
2026-04-18 10:53:49 AM,KXATPCHALLENGERMATCH-26APR18DELPRA-DEL,63,440,62,1253,61,3319,60,3706,59,1583,64,1,65,1755,66,3480,67,3610,68,3236,63.5
2026-04-18 10:56:10 AM,KXATPCHALLENGERMATCH-26APR18DELPRA-DEL,63,440,62,1253,61,3319,60,3706,59,1583,64,1,65,1780,66,3480,67,3610,68,3236,63.5
2026-04-18 10:56:10 AM,KXATPCHALLENGERMATCH-26APR18DELPRA-DEL,63,436,62,1253,61,3319,60,3706,59,1583,64,1,65,1780,66,3480,67,3610,68,3236,63.5
2026-04-18 10:56:10 AM,KXATPCHALLENGERMATCH-26APR18DELPRA-DEL,63,428,62,1253,61,3319,60,3706,59,1583,64,1,65,1780,66,3480,67,3610,68,3236,63.5
2026-04-18 10:56:10 AM,KXATPCHALLENGERMATCH-26APR18DELPRA-DEL,63,428,62,1249,61,3319,60,3706,59,1583,64,1,65,1780,66,3480,67,3610,68,3236,63.5
2026-04-18 10:56:10 AM,KXATPCHALLENGERMATCH-26APR18DELPRA-DEL,63,428,62,1241,61,3319,60,3706,59,1583,64,1,65,1780,66,3480,67,3610,68,3236,63.5
2026-04-18 11:00:26 AM,KXATPCHALLENGERMATCH-26APR18DELPRA-DEL,63,428,62,1241,61,3319,60,3698,59,1583,64,1,65,1780,66,3480,67,3610,68,3236,63.5
2026-04-18 11:00:27 AM,KXATPCHALLENGERMATCH-26APR18DELPRA-DEL,63,428,62,1241,61,3319,60,3706,59,1583,64,1,65,1780,66,3480,67,3610,68,3236,63.5
2026-04-18 11:01:26 AM,KXATPCHALLENGERMATCH-26APR18DELPRA-DEL,63,428,62,1241,61,3319,60,5006,59,1583,64,1,65,1780,66,3480,67,3610,68,3236,63.5
2026-04-18 11:02:59 AM,KXATPCHALLENGERMATCH-26APR18DELPRA-DEL,63,428,62,1241,61,3319,60,3706,59,1583,64,1,65,1780,66,3480,67,3610,68,3236,63.5
2026-04-18 11:03:37 AM,KXATPCHALLENGERMATCH-26APR18DELPRA-DEL,63,428,62,1241,61,3319,60,5006,59,1583,64,1,65,1780,66,3480,67,3610,68,3236,63.5
2026-04-18 11:06:01 AM,KXATPCHALLENGERMATCH-26APR18DELPRA-DEL,63,428,62,1241,61,3319,60,5006,59,1583,64,1,65,1779,66,3480,67,3610,68,3236,63.5
2026-04-18 11:06:02 AM,KXATPCHALLENGERMATCH-26APR18DELPRA-DEL,63,428,62,1241,61,3319,60,5006,59,1583,64,1,65,1780,66,3480,67,3610,68,3236,63.5
2026-04-18 11:06:03 AM,KXATPCHALLENGERMATCH-26APR18DELPRA-DEL,63,428,62,1241,61,3319,60,5006,59,1583,64,1,65,1779,66,3480,67,3610,68,3236,63.5
2026-04-18 11:06:24 AM,KXATPCHALLENGERMATCH-26APR18DELPRA-DEL,63,428,62,1241,61,3319,60,3706,59,1583,64,1,65,1779,66,3480,67,3610,68,3236,63.5
2026-04-18 11:06:50 AM,KXATPCHALLENGERMATCH-26APR18DELPRA-DEL,63,428,62,1241,61,3319,60,3698,59,1583,64,1,65,1779,66,3480,67,3610,68,3236,63.5
2026-04-18 11:06:50 AM,KXATPCHALLENGERMATCH-26APR18DELPRA-DEL,63,428,62,1241,61,3319,60,3706,59,1583,64,1,65,1779,66,3480,67,3610,68,3236,63.5
2026-04-18 11:07:48 AM,KXATPCHALLENGERMATCH-26APR18DELPRA-DEL,63,448,62,1241,61,3319,60,3706,59,1583,64,1,65,1779,66,3480,67,3610,68,3236,63.5
2026-04-18 11:10:28 AM,KXATPCHALLENGERMATCH-26APR18DELPRA-DEL,63,448,62,1241,61,3319,60,3706,59,1583,64,1,65,1779,66,3480,67,3610,68,3235,63.5
2026-04-18 11:10:35 AM,KXATPCHALLENGERMATCH-26APR18DELPRA-DEL,63,448,62,1241,61,3319,60,3706,59,1583,64,1,65,1749,66,3480,67,3610,68,3235,63.5
2026-04-18 11:10:35 AM,KXATPCHALLENGERMATCH-26APR18DELPRA-DEL,63,448,62,1241,61,3319,60,3706,59,1583,64,1,65,1779,66,3480,67,3610,68,3235,63.5
2026-04-18 11:10:37 AM,KXATPCHALLENGERMATCH-26APR18DELPRA-DEL,63,448,62,1241,61,3319,60,3706,59,1583,64,1,65,1754,66,3480,67,3610,68,3235,63.5
2026-04-18 11:10:37 AM,KXATPCHALLENGERMATCH-26APR18DELPRA-DEL,63,448,62,1241,61,3319,60,3706,59,1583,64,1,65,1724,66,3480,67,3610,68,3235,63.5
2026-04-18 11:10:37 AM,KXATPCHALLENGERMATCH-26APR18DELPRA-DEL,63,463,62,1241,61,3319,60,3706,59,1583,64,1,65,1724,66,3480,67,3610,68,3235,63.5
2026-04-18 11:10:37 AM,KXATPCHALLENGERMATCH-26APR18DELPRA-DEL,63,463,62,1256,61,3319,60,3706,59,1583,64,1,65,1724,66,3480,67,3610,68,3235,63.5
2026-04-18 11:10:38 AM,KXATPCHALLENGERMATCH-26APR18DELPRA-DEL,63,488,62,1256,61,3319,60,3706,59,1583,64,1,65,1724,66,3480,67,3610,68,3235,63.5
2026-04-18 11:10:38 AM,KXATPCHALLENGERMATCH-26APR18DELPRA-DEL,63,488,62,1281,61,3319,60,3706,59,1583,64,1,65,1724,66,3480,67,3610,68,3235,63.5
2026-04-18 11:11:27 AM,KXATPCHALLENGERMATCH-26APR18DELPRA-DEL,63,488,62,1266,61,3319,60,3706,59,1583,64,1,65,1724,66,3480,67,3610,68,3235,63.5
2026-04-18 11:11:27 AM,KXATPCHALLENGERMATCH-26APR18DELPRA-DEL,63,488,62,1266,61,3308,60,3706,59,1583,64,1,65,1724,66,3480,67,3610,68,3235,63.5
2026-04-18 11:11:27 AM,KXATPCHALLENGERMATCH-26APR18DELPRA-DEL,63,488,62,1266,61,3308,60,3706,59,1583,64,1,65,1724,66,3465,67,3610,68,3235,63.5
2026-04-18 11:11:27 AM,KXATPCHALLENGERMATCH-26APR18DELPRA-DEL,63,488,62,1266,61,3308,60,3706,59,1583,64,1,65,1724,66,3465,67,3599,68,3235,63.5
2026-04-18 11:11:27 AM,KXATPCHALLENGERMATCH-26APR18DELPRA-DEL,63,488,62,1281,61,3308,60,3706,59,1583,64,1,65,1724,66,3465,67,3599,68,3235,63.5
2026-04-18 11:11:27 AM,KXATPCHALLENGERMATCH-26APR18DELPRA-DEL,63,488,62,1281,61,3319,60,3706,59,1583,64,1,65,1724,66,3465,67,3599,68,3235,63.5
2026-04-18 11:11:27 AM,KXATPCHALLENGERMATCH-26APR18DELPRA-DEL,63,488,62,1281,61,3319,60,3706,59,1583,64,1,65,1724,66,3480,67,3599,68,3235,63.5
2026-04-18 11:11:27 AM,KXATPCHALLENGERMATCH-26APR18DELPRA-DEL,63,488,62,1281,61,3319,60,3706,59,1583,64,1,65,1724,66,3480,67,3610,68,3235,63.5
2026-04-18 11:13:09 AM,KXATPCHALLENGERMATCH-26APR18DELPRA-DEL,63,488,62,1281,61,3319,60,3698,59,1583,64,1,65,1724,66,3480,67,3610,68,3235,63.5
2026-04-18 11:13:09 AM,KXATPCHALLENGERMATCH-26APR18DELPRA-DEL,63,488,62,1281,61,3319,60,3706,59,1583,64,1,65,1724,66,3480,67,3610,68,3235,63.5
2026-04-18 11:16:41 AM,KXATPCHALLENGERMATCH-26APR18DELPRA-DEL,63,488,62,1281,61,3319,60,3706,59,1583,64,1,65,1724,66,3480,67,3610,68,3236,63.5
2026-04-18 11:18:54 AM,KXATPCHALLENGERMATCH-26APR18DELPRA-DEL,63,763,62,1281,61,3319,60,3706,59,1583,64,1,65,1724,66,3480,67,3610,68,3236,63.5
2026-04-18 11:18:54 AM,KXATPCHALLENGERMATCH-26APR18DELPRA-DEL,63,763,62,1281,61,3319,60,3706,59,1583,64,1,65,1999,66,3480,67,3610,68,3236,63.5
2026-04-18 11:18:55 AM,KXATPCHALLENGERMATCH-26APR18DELPRA-DEL,63,751,62,1281,61,3319,60,3706,59,1583,64,1,65,1999,66,3480,67,3610,68,3236,63.5
2026-04-18 11:18:55 AM,KXATPCHALLENGERMATCH-26APR18DELPRA-DEL,63,751,62,1269,61,3319,60,3706,59,1583,64,1,65,1999,66,3480,67,3610,68,3236,63.5
2026-04-18 11:19:29 AM,KXATPCHALLENGERMATCH-26APR18DELPRA-DEL,63,751,62,1269,61,3319,60,4206,59,1583,64,1,65,1999,66,3480,67,3610,68,3236,63.5
2026-04-18 11:19:29 AM,KXATPCHALLENGERMATCH-26APR18DELPRA-DEL,63,751,62,1269,61,3319,60,4198,59,1583,64,1,65,1999,66,3480,67,3610,68,3236,63.5
2026-04-18 11:19:30 AM,KXATPCHALLENGERMATCH-26APR18DELPRA-DEL,63,751,62,1269,61,3319,60,4206,59,1583,64,1,65,1999,66,3480,67,3610,68,3236,63.5
2026-04-18 11:20:33 AM,KXATPCHALLENGERMATCH-26APR18DELPRA-DEL,63,751,62,1254,61,3319,60,4206,59,1583,64,1,65,1999,66,3480,67,3610,68,3236,63.5
2026-04-18 11:20:33 AM,KXATPCHALLENGERMATCH-26APR18DELPRA-DEL,63,751,62,1254,61,3308,60,4206,59,1583,64,1,65,1999,66,3480,67,3610,68,3236,63.5
2026-04-18 11:20:33 AM,KXATPCHALLENGERMATCH-26APR18DELPRA-DEL,63,751,62,1254,61,3308,60,4206,59,1583,64,1,65,1999,66,3465,67,3610,68,3236,63.5
2026-04-18 11:20:33 AM,KXATPCHALLENGERMATCH-26APR18DELPRA-DEL,63,751,62,1254,61,3308,60,4206,59,1583,64,1,65,1999,66,3465,67,3599,68,3236,63.5
2026-04-18 11:20:33 AM,KXATPCHALLENGERMATCH-26APR18DELPRA-DEL,63,751,62,1269,61,3308,60,4206,59,1583,64,1,65,1999,66,3465,67,3599,68,3236,63.5
2026-04-18 11:20:33 AM,KXATPCHALLENGERMATCH-26APR18DELPRA-DEL,63,751,62,1269,61,3319,60,4206,59,1583,64,1,65,1999,66,3465,67,3599,68,3236,63.5
2026-04-18 11:20:33 AM,KXATPCHALLENGERMATCH-26APR18DELPRA-DEL,63,751,62,1269,61,3319,60,4206,59,1583,64,1,65,1999,66,3480,67,3599,68,3236,63.5
2026-04-18 11:20:33 AM,KXATPCHALLENGERMATCH-26APR18DELPRA-DEL,63,751,62,1269,61,3319,60,4206,59,1583,64,1,65,1999,66,3480,67,3610,68,3236,63.5
2026-04-18 11:21:56 AM,KXATPCHALLENGERMATCH-26APR18DELPRA-DEL,63,751,62,1269,61,3319,60,3706,59,1583,64,1,65,1999,66,3480,67,3610,68,3236,63.5
2026-04-18 11:22:13 AM,KXATPCHALLENGERMATCH-26APR18DELPRA-DEL,63,751,62,1269,61,3319,60,5506,59,1583,64,1,65,1999,66,3480,67,3610,68,3236,63.5
2026-04-18 11:22:27 AM,KXATPCHALLENGERMATCH-26APR18DELPRA-DEL,63,751,62,1269,61,3319,60,3706,59,1583,64,1,65,1999,66,3480,67,3610,68,3236,63.5
2026-04-18 11:25:01 AM,KXATPCHALLENGERMATCH-26APR18DELPRA-DEL,63,751,62,1269,61,3319,60,3706,59,1583,64,1,65,1994,66,3480,67,3610,68,3236,63.5
2026-04-18 11:25:02 AM,KXATPCHALLENGERMATCH-26APR18DELPRA-DEL,63,753,62,1269,61,3319,60,3706,59,1583,64,1,65,1994,66,3480,67,3610,68,3236,63.5
2026-04-18 11:25:03 AM,KXATPCHALLENGERMATCH-26APR18DELPRA-DEL,63,753,62,1271,61,3319,60,3706,59,1583,64,1,65,1994,66,3480,67,3610,68,3236,63.5
2026-04-18 11:25:20 AM,KXATPCHALLENGERMATCH-26APR18DELPRA-DEL,63,753,62,1271,61,3319,60,3706,59,1583,64,1,65,1993,66,3480,67,3610,68,3236,63.5
2026-04-18 11:25:28 AM,KXATPCHALLENGERMATCH-26APR18DELPRA-DEL,63,753,62,1271,61,3319,60,3706,59,1583,64,1,65,1962,66,3480,67,3610,68,3236,63.5
2026-04-18 11:25:28 AM,KXATPCHALLENGERMATCH-26APR18DELPRA-DEL,63,753,62,1271,61,3319,60,3706,59,1583,64,1,65,1894,66,3480,67,3610,68,3236,63.5
2026-04-18 11:25:28 AM,KXATPCHALLENGERMATCH-26APR18DELPRA-DEL,63,753,62,1271,61,3319,60,3706,59,1583,64,1,65,1925,66,3480,67,3610,68,3236,63.5
2026-04-18 11:25:29 AM,KXATPCHALLENGERMATCH-26APR18DELPRA-DEL,63,753,62,1271,61,3319,60,3706,59,1583,64,1,65,1894,66,3480,67,3610,68,3236,63.5
2026-04-18 11:25:29 AM,KXATPCHALLENGERMATCH-26APR18DELPRA-DEL,63,768,62,1271,61,3319,60,3706,59,1583,64,1,65,1894,66,3480,67,3610,68,3236,63.5
2026-04-18 11:25:29 AM,KXATPCHALLENGERMATCH-26APR18DELPRA-DEL,63,768,62,1286,61,3319,60,3706,59,1583,64,1,65,1894,66,3480,67,3610,68,3236,63.5
2026-04-18 11:26:01 AM,KXATPCHALLENGERMATCH-26APR18DELPRA-DEL,63,768,62,1286,61,3319,60,3698,59,1583,64,1,65,1894,66,3480,67,3610,68,3236,63.5
2026-04-18 11:26:02 AM,KXATPCHALLENGERMATCH-26APR18DELPRA-DEL,63,768,62,1286,61,3319,60,3706,59,1583,64,1,65,1894,66,3480,67,3610,68,3236,63.5
2026-04-18 11:26:23 AM,KXATPCHALLENGERMATCH-26APR18DELPRA-DEL,63,768,62,1286,61,3319,60,3706,59,1583,64,1,65,1893,66,3480,67,3610,68,3236,63.5
2026-04-18 11:26:35 AM,KXATPCHALLENGERMATCH-26APR18DELPRA-DEL,63,768,62,1271,61,3319,60,3706,59,1583,64,1,65,1893,66,3480,67,3610,68,3236,63.5
2026-04-18 11:26:35 AM,KXATPCHALLENGERMATCH-26APR18DELPRA-DEL,63,768,62,1271,61,3308,60,3706,59,1583,64,1,65,1893,66,3480,67,3610,68,3236,63.5
2026-04-18 11:26:35 AM,KXATPCHALLENGERMATCH-26APR18DELPRA-DEL,63,768,62,1271,61,3308,60,3706,59,1583,64,1,65,1893,66,3465,67,3610,68,3236,63.5
2026-04-18 11:26:35 AM,KXATPCHALLENGERMATCH-26APR18DELPRA-DEL,63,768,62,1271,61,3308,60,3706,59,1583,64,1,65,1893,66,3465,67,3599,68,3236,63.5
2026-04-18 11:26:35 AM,KXATPCHALLENGERMATCH-26APR18DELPRA-DEL,63,768,62,1286,61,3308,60,3706,59,1583,64,1,65,1893,66,3465,67,3599,68,3236,63.5
2026-04-18 11:26:35 AM,KXATPCHALLENGERMATCH-26APR18DELPRA-DEL,63,768,62,1286,61,3319,60,3706,59,1583,64,1,65,1893,66,3465,67,3599,68,3236,63.5
2026-04-18 11:26:35 AM,KXATPCHALLENGERMATCH-26APR18DELPRA-DEL,63,768,62,1286,61,3319,60,3706,59,1583,64,1,65,1893,66,3480,67,3599,68,3236,63.5
2026-04-18 11:26:35 AM,KXATPCHALLENGERMATCH-26APR18DELPRA-DEL,63,768,62,1286,61,3319,60,3706,59,1583,64,1,65,1893,66,3480,67,3610,68,3236,63.5
2026-04-18 11:28:49 AM,KXATPCHALLENGERMATCH-26APR18DELPRA-DEL,63,803,62,1286,61,3319,60,3706,59,1583,64,1,65,1893,66,3480,67,3610,68,3236,63.5
2026-04-18 11:30:35 AM,KXATPCHALLENGERMATCH-26APR18DELPRA-DEL,63,803,62,1286,61,3319,60,6506,59,1583,64,1,65,1893,66,3480,67,3610,68,3236,63.5
2026-04-18 11:31:55 AM,KXATPCHALLENGERMATCH-26APR18DELPRA-DEL,63,803,62,1286,61,3319,60,6498,59,1583,64,1,65,1893,66,3480,67,3610,68,3236,63.5
2026-04-18 11:31:55 AM,KXATPCHALLENGERMATCH-26APR18DELPRA-DEL,63,803,62,1286,61,3319,60,6506,59,1583,64,1,65,1893,66,3480,67,3610,68,3236,63.5
2026-04-18 11:32:41 AM,KXATPCHALLENGERMATCH-26APR18DELPRA-DEL,63,768,62,1286,61,3319,60,6506,59,1583,64,1,65,1893,66,3480,67,3610,68,3236,63.5
2026-04-18 11:33:28 AM,KXATPCHALLENGERMATCH-26APR18DELPRA-DEL,63,768,62,1286,61,3319,60,3706,59,1583,64,1,65,1893,66,3480,67,3610,68,3236,63.5
2026-04-18 11:34:28 AM,KXATPCHALLENGERMATCH-26APR18DELPRA-DEL,63,768,62,1271,61,3319,60,3706,59,1583,64,1,65,1893,66,3480,67,3610,68,3236,63.5
2026-04-18 11:34:28 AM,KXATPCHALLENGERMATCH-26APR18DELPRA-DEL,63,768,62,1271,61,3308,60,3706,59,1583,64,1,65,1893,66,3480,67,3610,68,3236,63.5
2026-04-18 11:34:28 AM,KXATPCHALLENGERMATCH-26APR18DELPRA-DEL,63,768,62,1271,61,3308,60,3706,59,1583,64,1,65,1893,66,3465,67,3610,68,3236,63.5
2026-04-18 11:34:28 AM,KXATPCHALLENGERMATCH-26APR18DELPRA-DEL,63,768,62,1271,61,3308,60,3706,59,1583,64,1,65,1893,66,3465,67,3599,68,3236,63.5
2026-04-18 11:34:48 AM,KXATPCHALLENGERMATCH-26APR18DELPRA-DEL,63,768,62,1271,61,3308,60,3706,59,1583,64,1,65,1889,66,3465,67,3599,68,3236,63.5
2026-04-18 11:34:48 AM,KXATPCHALLENGERMATCH-26APR18DELPRA-DEL,63,768,62,1286,61,3308,60,3706,59,1583,64,1,65,1889,66,3465,67,3599,68,3236,63.5
2026-04-18 11:34:48 AM,KXATPCHALLENGERMATCH-26APR18DELPRA-DEL,63,768,62,1286,61,3319,60,3706,59,1583,64,1,65,1889,66,3465,67,3599,68,3236,63.5
2026-04-18 11:34:48 AM,KXATPCHALLENGERMATCH-26APR18DELPRA-DEL,63,768,62,1286,61,3319,60,3706,59,1583,64,1,65,1889,66,3480,67,3599,68,3236,63.5
2026-04-18 11:35:31 AM,KXATPCHALLENGERMATCH-26APR18DELPRA-DEL,63,768,62,1286,61,3319,60,3706,59,1583,64,1,65,1889,66,3480,67,3610,68,3236,63.5
2026-04-18 11:38:14 AM,KXATPCHALLENGERMATCH-26APR18DELPRA-DEL,63,768,62,1286,61,3319,60,3698,59,1583,64,1,65,1889,66,3480,67,3610,68,3236,63.5
2026-04-18 11:38:14 AM,KXATPCHALLENGERMATCH-26APR18DELPRA-DEL,63,768,62,1286,61,3319,60,3706,59,1583,64,1,65,1889,66,3480,67,3610,68,3236,63.5
2026-04-18 11:41:44 AM,KXATPCHALLENGERMATCH-26APR18DELPRA-DEL,63,768,62,1286,61,3319,60,3706,59,1583,64,1,65,1686,66,3480,67,3610,68,3236,63.5
2026-04-18 11:42:55 AM,KXATPCHALLENGERMATCH-26APR18DELPRA-DEL,63,768,62,1286,61,3319,60,3706,59,1583,64,1,65,1687,66,3480,67,3610,68,3236,63.5
2026-04-18 11:43:17 AM,KXATPCHALLENGERMATCH-26APR18DELPRA-DEL,63,768,62,1286,61,3319,60,3706,59,1583,64,1,65,1686,66,3480,67,3610,68,3236,63.5
2026-04-18 11:44:35 AM,KXATPCHALLENGERMATCH-26APR18DELPRA-DEL,63,768,62,1286,61,3319,60,3698,59,1583,64,1,65,1686,66,3480,67,3610,68,3236,63.5
2026-04-18 11:45:37 AM,KXATPCHALLENGERMATCH-26APR18DELPRA-DEL,63,768,62,1286,61,3319,60,3698,59,1583,64,1,65,1473,66,3480,67,3610,68,3236,63.5
2026-04-18 11:45:37 AM,KXATPCHALLENGERMATCH-26APR18DELPRA-DEL,63,768,62,1286,61,3319,60,3698,59,1583,64,1,65,1130,66,3480,67,3610,68,3236,63.5
2026-04-18 11:45:37 AM,KXATPCHALLENGERMATCH-26APR18DELPRA-DEL,63,768,62,1286,61,3319,60,3698,59,1583,64,1,65,330,66,3480,67,3610,68,3236,63.5
2026-04-18 11:45:37 AM,KXATPCHALLENGERMATCH-26APR18DELPRA-DEL,63,768,62,1286,61,3319,60,3698,59,1583,64,1,65,303,66,3480,67,3610,68,3236,63.5
2026-04-18 11:45:37 AM,KXATPCHALLENGERMATCH-26APR18DELPRA-DEL,63,768,62,1286,61,3319,60,3698,59,1583,64,1,65,278,66,3480,67,3610,68,3236,63.5
2026-04-18 11:45:37 AM,KXATPCHALLENGERMATCH-26APR18DELPRA-DEL,63,768,62,1286,61,3319,60,3698,59,1583,64,1,65,3,66,3480,67,3610,68,3236,63.5
2026-04-18 11:45:37 AM,KXATPCHALLENGERMATCH-26APR18DELPRA-DEL,63,768,62,1286,61,3319,60,3698,59,783,64,1,65,3,66,3480,67,3610,68,3236,63.5
2026-04-18 11:45:37 AM,KXATPCHALLENGERMATCH-26APR18DELPRA-DEL,63,768,62,1286,61,3319,60,2898,59,783,64,1,65,3,66,3480,67,3610,68,3236,63.5
2026-04-18 11:45:37 AM,KXATPCHALLENGERMATCH-26APR18DELPRA-DEL,63,768,62,486,61,3319,60,2898,59,783,64,1,65,3,66,3480,67,3610,68,3236,63.5
2026-04-18 11:45:37 AM,KXATPCHALLENGERMATCH-26APR18DELPRA-DEL,63,768,62,486,61,3319,60,2898,59,783,64,1,65,3,66,3480,67,3610,68,2436,63.5
2026-04-18 11:45:37 AM,KXATPCHALLENGERMATCH-26APR18DELPRA-DEL,63,768,62,486,61,3319,60,2898,59,783,64,1,65,3,66,3480,67,2810,68,2436,63.5
2026-04-18 11:45:37 AM,KXATPCHALLENGERMATCH-26APR18DELPRA-DEL,63,768,62,486,61,3319,60,2898,59,783,64,1,65,160,66,3480,67,2810,68,2436,63.5
2026-04-18 11:45:37 AM,KXATPCHALLENGERMATCH-26APR18DELPRA-DEL,63,493,62,486,61,3319,60,2898,59,783,64,1,65,160,66,3480,67,2810,68,2436,63.5
2026-04-18 11:45:37 AM,KXATPCHALLENGERMATCH-26APR18DELPRA-DEL,64,275,63,493,62,486,61,3319,60,2898,64,1,65,160,66,3480,67,2810,68,2436,64.0
2026-04-18 11:45:37 AM,KXATPCHALLENGERMATCH-26APR18DELPRA-DEL,64,275,63,493,62,486,61,3319,60,2898,64,1,65,794,66,3480,67,2810,68,2436,64.0
2026-04-18 11:45:37 AM,KXATPCHALLENGERMATCH-26APR18DELPRA-DEL,64,275,63,508,62,486,61,3319,60,2898,64,1,65,794,66,3480,67,2810,68,2436,64.0
2026-04-18 11:45:37 AM,KXATPCHALLENGERMATCH-26APR18DELPRA-DEL,64,275,63,508,62,486,61,3308,60,2898,64,1,65,794,66,3480,67,2810,68,2436,64.0
2026-04-18 11:45:37 AM,KXATPCHALLENGERMATCH-26APR18DELPRA-DEL,64,275,63,508,62,486,61,3308,60,2898,64,1,65,794,66,3755,67,2810,68,2436,64.0
2026-04-18 11:45:38 AM,KXATPCHALLENGERMATCH-26APR18DELPRA-DEL,64,275,63,508,62,486,61,3308,60,2898,64,1,65,1208,66,3755,67,2810,68,2436,64.0
2026-04-18 11:45:38 AM,KXATPCHALLENGERMATCH-26APR18DELPRA-DEL,63,508,62,486,61,3308,60,2898,59,783,64,1,65,1208,66,3755,67,2810,68,2436,63.5
2026-04-18 11:45:38 AM,KXATPCHALLENGERMATCH-26APR18DELPRA-DEL,63,783,62,486,61,3308,60,2898,59,783,64,1,65,1208,66,3755,67,2810,68,2436,63.5
2026-04-18 11:45:38 AM,KXATPCHALLENGERMATCH-26APR18DELPRA-DEL,63,783,62,486,61,3308,60,2898,59,783,64,1,65,1208,66,3480,67,2810,68,2436,63.5
2026-04-18 11:45:38 AM,KXATPCHALLENGERMATCH-26APR18DELPRA-DEL,63,783,62,486,61,3319,60,2898,59,783,64,1,65,1208,66,3480,67,2810,68,2436,63.5
2026-04-18 11:45:38 AM,KXATPCHALLENGERMATCH-26APR18DELPRA-DEL,63,768,62,486,61,3319,60,2898,59,783,64,1,65,1208,66,3480,67,2810,68,2436,63.5
2026-04-18 11:45:38 AM,KXATPCHALLENGERMATCH-26APR18DELPRA-DEL,63,768,62,486,61,3319,60,2898,59,783,64,1,65,1483,66,3480,67,2810,68,2436,63.5
2026-04-18 11:45:38 AM,KXATPCHALLENGERMATCH-26APR18DELPRA-DEL,63,768,62,486,61,3319,60,2898,59,783,64,1,65,1518,66,3480,67,2810,68,2436,63.5
2026-04-18 11:45:39 AM,KXATPCHALLENGERMATCH-26APR18DELPRA-DEL,63,768,62,486,61,3319,60,2898,59,783,64,1,65,1518,66,2533,67,2810,68,2436,63.5
2026-04-18 11:45:39 AM,KXATPCHALLENGERMATCH-26APR18DELPRA-DEL,63,803,62,486,61,3319,60,2898,59,783,64,1,65,1518,66,2533,67,2810,68,2436,63.5
2026-04-18 11:45:39 AM,KXATPCHALLENGERMATCH-26APR18DELPRA-DEL,63,803,62,486,61,3319,60,2898,59,783,64,1,65,1518,66,2533,67,3810,68,2436,63.5
2026-04-18 11:45:39 AM,KXATPCHALLENGERMATCH-26APR18DELPRA-DEL,63,803,62,486,61,3319,60,3698,59,783,64,1,65,1518,66,2533,67,3810,68,2436,63.5
2026-04-18 11:45:39 AM,KXATPCHALLENGERMATCH-26APR18DELPRA-DEL,63,803,62,486,61,4119,60,3698,59,783,64,1,65,1518,66,2533,67,3810,68,2436,63.5
2026-04-18 11:45:39 AM,KXATPCHALLENGERMATCH-26APR18DELPRA-DEL,63,1603,62,486,61,4119,60,3698,59,783,64,1,65,1518,66,2533,67,3810,68,2436,63.5
2026-04-18 11:45:39 AM,KXATPCHALLENGERMATCH-26APR18DELPRA-DEL,63,1603,62,486,61,4119,60,3698,59,783,64,1,65,1518,66,3333,67,3810,68,2436,63.5
2026-04-18 11:45:39 AM,KXATPCHALLENGERMATCH-26APR18DELPRA-DEL,63,1603,62,486,61,4119,60,3698,59,783,64,1,65,1518,66,3333,67,3810,68,3236,63.5
2026-04-18 11:45:39 AM,KXATPCHALLENGERMATCH-26APR18DELPRA-DEL,63,1328,62,486,61,4119,60,3698,59,783,64,1,65,1518,66,3333,67,3810,68,3236,63.5
2026-04-18 11:45:39 AM,KXATPCHALLENGERMATCH-26APR18DELPRA-DEL,64,275,63,1328,62,486,61,4119,60,3698,64,1,65,1518,66,3333,67,3810,68,3236,64.0
2026-04-18 11:45:39 AM,KXATPCHALLENGERMATCH-26APR18DELPRA-DEL,64,275,63,1328,62,486,61,4119,60,3698,64,1,65,1243,66,3333,67,3810,68,3236,64.0
2026-04-18 11:45:39 AM,KXATPCHALLENGERMATCH-26APR18DELPRA-DEL,64,275,63,1328,62,486,61,4108,60,3698,64,1,65,1243,66,3333,67,3810,68,3236,64.0
2026-04-18 11:45:39 AM,KXATPCHALLENGERMATCH-26APR18DELPRA-DEL,64,275,63,1343,62,486,61,4108,60,3698,64,1,65,1243,66,3333,67,3810,68,3236,64.0
2026-04-18 11:45:39 AM,KXATPCHALLENGERMATCH-26APR18DELPRA-DEL,64,275,63,1343,62,486,61,4108,60,3698,64,1,65,1243,66,3608,67,3810,68,3236,64.0
2026-04-18 11:45:41 AM,KXATPCHALLENGERMATCH-26APR18DELPRA-DEL,64,275,63,1343,62,486,61,4108,60,3698,64,1,65,1243,66,3556,67,3810,68,3236,64.0
2026-04-18 11:45:41 AM,KXATPCHALLENGERMATCH-26APR18DELPRA-DEL,64,275,63,1369,62,486,61,4108,60,3698,64,1,65,1243,66,3556,67,3810,68,3236,64.0
2026-04-18 11:45:41 AM,KXATPCHALLENGERMATCH-26APR18DELPRA-DEL,64,275,63,1369,62,512,61,4108,60,3698,64,1,65,1243,66,3556,67,3810,68,3236,64.0
2026-04-18 11:45:42 AM,KXATPCHALLENGERMATCH-26APR18DELPRA-DEL,64,275,63,1369,62,512,61,4108,60,1698,64,1,65,1243,66,3556,67,3810,68,3236,64.0
2026-04-18 11:45:50 AM,KXATPCHALLENGERMATCH-26APR18DELPRA-DEL,64,275,63,1369,62,512,61,4108,60,1698,64,1,65,1086,66,3556,67,3810,68,3236,64.0
2026-04-18 11:45:50 AM,KXATPCHALLENGERMATCH-26APR18DELPRA-DEL,64,275,63,1369,62,512,61,4108,60,1698,64,1,65,497,66,3556,67,3810,68,3236,64.0
2026-04-18 11:45:50 AM,KXATPCHALLENGERMATCH-26APR18DELPRA-DEL,64,275,63,1334,62,512,61,4108,60,1698,64,1,65,497,66,3556,67,3810,68,3236,64.0
2026-04-18 11:45:50 AM,KXATPCHALLENGERMATCH-26APR18DELPRA-DEL,64,275,63,1334,62,512,61,4108,60,1698,64,1,65,462,66,3556,67,3810,68,3236,64.0
2026-04-18 11:45:50 AM,KXATPCHALLENGERMATCH-26APR18DELPRA-DEL,64,275,63,1334,62,1393,61,4108,60,1698,64,1,65,462,66,3556,67,3810,68,3236,64.0
2026-04-18 11:45:50 AM,KXATPCHALLENGERMATCH-26APR18DELPRA-DEL,64,275,63,1334,62,1393,61,4108,60,1698,64,1,65,462,66,3556,67,4491,68,3236,64.0
2026-04-18 11:46:26 AM,KXATPCHALLENGERMATCH-26APR18DELPRA-DEL,64,275,63,1334,62,1393,61,4108,60,1698,64,1,65,463,66,3556,67,4491,68,3236,64.0
2026-04-18 11:47:26 AM,KXATPCHALLENGERMATCH-26APR18DELPRA-DEL,64,275,63,1334,62,1393,61,4108,60,1698,64,1,65,462,66,3556,67,4491,68,3236,64.0
2026-04-18 11:48:07 AM,KXATPCHALLENGERMATCH-26APR18DELPRA-DEL,64,275,63,1334,62,1393,61,4108,60,3498,64,1,65,462,66,3556,67,4491,68,3236,64.0
2026-04-18 11:50:05 AM,KXATPCHALLENGERMATCH-26APR18DELPRA-DEL,64,275,63,1369,62,1393,61,4108,60,3498,64,1,65,462,66,3556,67,4491,68,3236,64.0
2026-04-18 11:50:15 AM,KXATPCHALLENGERMATCH-26APR18DELPRA-DEL,64,275,63,1369,62,1393,61,4108,60,1698,64,1,65,462,66,3556,67,4491,68,3236,64.0
2026-04-18 11:50:57 AM,KXATPCHALLENGERMATCH-26APR18DELPRA-DEL,64,275,63,1369,62,1393,61,4108,60,1698,64,1,65,497,66,3556,67,4491,68,3236,64.0
2026-04-18 11:50:57 AM,KXATPCHALLENGERMATCH-26APR18DELPRA-DEL,64,275,63,1369,62,1393,61,4108,60,3448,64,1,65,497,66,3556,67,4491,68,3236,64.0
2026-04-18 11:51:29 AM,KXATPCHALLENGERMATCH-26APR18DELPRA-DEL,64,275,63,1369,62,1393,61,4108,60,3448,64,1,65,452,66,3556,67,4491,68,3236,64.0
2026-04-18 11:51:29 AM,KXATPCHALLENGERMATCH-26APR18DELPRA-DEL,64,275,63,1369,62,1393,61,4108,60,3448,64,1,65,347,66,3556,67,4491,68,3236,64.0
2026-04-18 11:51:29 AM,KXATPCHALLENGERMATCH-26APR18DELPRA-DEL,64,275,63,1369,62,1393,61,4108,60,3448,64,1,65,312,66,3556,67,4491,68,3236,64.0
2026-04-18 11:51:29 AM,KXATPCHALLENGERMATCH-26APR18DELPRA-DEL,64,275,63,1334,62,1393,61,4108,60,3448,64,1,65,312,66,3556,67,4491,68,3236,64.0
2026-04-18 11:52:07 AM,KXATPCHALLENGERMATCH-26APR18DELPRA-DEL,64,275,63,1334,62,1393,61,4108,60,3448,64,1,65,313,66,3556,67,4491,68,3236,64.0
2026-04-18 11:53:02 AM,KXATPCHALLENGERMATCH-26APR18DELPRA-DEL,64,275,63,1334,62,1393,61,4108,60,3448,64,1,65,312,66,3556,67,4491,68,3236,64.0
2026-04-18 11:53:02 AM,KXATPCHALLENGERMATCH-26APR18DELPRA-DEL,64,275,63,1334,62,1393,61,4108,60,3448,64,1,65,347,66,3556,67,4491,68,3236,64.0
2026-04-18 11:53:02 AM,KXATPCHALLENGERMATCH-26APR18DELPRA-DEL,64,275,63,1369,62,1393,61,4108,60,3448,64,1,65,347,66,3556,67,4491,68,3236,64.0
2026-04-18 11:53:41 AM,KXATPCHALLENGERMATCH-26APR18DELPRA-DEL,64,275,63,1369,62,1393,61,4108,60,1698,64,1,65,347,66,3556,67,4491,68,3236,64.0
2026-04-18 11:54:22 AM,KXATPCHALLENGERMATCH-26APR18DELPRA-DEL,64,275,63,1369,62,1393,61,4108,60,1748,64,1,65,347,66,3556,67,4491,68,3236,64.0
2026-04-18 11:54:39 AM,KXATPCHALLENGERMATCH-26APR18DELPRA-DEL,64,275,63,1369,62,1393,61,4108,60,1748,64,1,65,247,66,3556,67,4491,68,3236,64.0
2026-04-18 11:54:39 AM,KXATPCHALLENGERMATCH-26APR18DELPRA-DEL,64,275,63,1334,62,1393,61,4108,60,1748,64,1,65,247,66,3556,67,4491,68,3236,64.0
2026-04-18 11:54:39 AM,KXATPCHALLENGERMATCH-26APR18DELPRA-DEL,64,310,63,1334,62,1393,61,4108,60,1748,64,1,65,247,66,3556,67,4491,68,3236,64.0
2026-04-18 11:54:39 AM,KXATPCHALLENGERMATCH-26APR18DELPRA-DEL,64,310,63,1334,62,1393,61,4108,60,1748,64,1,65,212,66,3556,67,4491,68,3236,64.0
2026-04-18 11:54:39 AM,KXATPCHALLENGERMATCH-26APR18DELPRA-DEL,64,310,63,1334,62,1985,61,4108,60,1748,64,1,65,212,66,3556,67,4491,68,3236,64.0
2026-04-18 11:55:13 AM,KXATPCHALLENGERMATCH-26APR18DELPRA-DEL,64,310,63,1334,62,1985,61,4108,60,1698,64,1,65,212,66,3556,67,4491,68,3236,64.0
2026-04-18 11:55:13 AM,KXATPCHALLENGERMATCH-26APR18DELPRA-DEL,64,275,63,1334,62,1985,61,4108,60,1698,64,1,65,212,66,3556,67,4491,68,3236,64.0
2026-04-18 11:55:13 AM,KXATPCHALLENGERMATCH-26APR18DELPRA-DEL,64,275,63,1369,62,1985,61,4108,60,1698,64,1,65,212,66,3556,67,4491,68,3236,64.0
2026-04-18 11:55:13 AM,KXATPCHALLENGERMATCH-26APR18DELPRA-DEL,64,275,63,1369,62,1985,61,4108,60,1698,64,1,65,247,66,3556,67,4491,68,3236,64.0
2026-04-18 11:55:33 AM,KXATPCHALLENGERMATCH-26APR18DELPRA-DEL,64,275,63,1369,62,1985,61,4108,60,3498,64,1,65,247,66,3556,67,4491,68,3236,64.0
2026-04-18 11:57:53 AM,KXATPCHALLENGERMATCH-26APR18DELPRA-DEL,64,275,63,1369,62,1985,61,4108,60,3498,64,1,65,212,66,3556,67,4491,68,3236,64.0
2026-04-18 11:57:53 AM,KXATPCHALLENGERMATCH-26APR18DELPRA-DEL,64,275,63,1334,62,1985,61,4108,60,3498,64,1,65,212,66,3556,67,4491,68,3236,64.0
2026-04-18 11:58:24 AM,KXATPCHALLENGERMATCH-26APR18DELPRA-DEL,64,275,63,1334,62,1985,61,4108,60,1698,64,1,65,212,66,3556,67,4491,68,3236,64.0
2026-04-18 11:58:36 AM,KXATPCHALLENGERMATCH-26APR18DELPRA-DEL,64,275,63,1334,62,1985,61,4108,60,1698,64,1,65,183,66,3556,67,4491,68,3236,64.0
2026-04-18 11:59:04 AM,KXATPCHALLENGERMATCH-26APR18DELPRA-DEL,64,275,63,1334,62,1985,61,4108,60,1698,64,1,65,4,66,3556,67,4491,68,3236,64.0
2026-04-18 11:59:25 AM,KXATPCHALLENGERMATCH-26APR18DELPRA-DEL,64,275,63,1334,62,1985,61,4108,60,1698,64,1,65,4,66,3557,67,4491,68,3236,64.0
2026-04-18 12:00:22 PM,KXATPCHALLENGERMATCH-26APR18DELPRA-DEL,64,275,63,1334,62,1985,61,4108,60,1698,64,1,65,4,66,3424,67,4491,68,3236,64.0
2026-04-18 12:00:28 PM,KXATPCHALLENGERMATCH-26APR18DELPRA-DEL,64,275,63,1334,62,1985,61,4108,60,1698,64,1,65,4,66,3404,67,4491,68,3236,64.0
2026-04-18 12:00:34 PM,KXATPCHALLENGERMATCH-26APR18DELPRA-DEL,64,275,63,1334,62,1985,61,4108,60,1698,64,1,65,4,66,3228,67,4491,68,3236,64.0
2026-04-18 12:00:34 PM,KXATPCHALLENGERMATCH-26APR18DELPRA-DEL,65,33,64,275,63,1334,62,1985,61,4108,64,1,65,4,66,3228,67,4491,68,3236,64.5
2026-04-18 12:00:34 PM,KXATPCHALLENGERMATCH-26APR18DELPRA-DEL,65,33,64,305,63,1334,62,1985,61,4108,64,1,65,4,66,3228,67,4491,68,3236,64.5
2026-04-18 12:00:34 PM,KXATPCHALLENGERMATCH-26APR18DELPRA-DEL,65,33,64,305,63,1334,62,1970,61,4108,64,1,65,4,66,3228,67,4491,68,3236,64.5
2026-04-18 12:00:34 PM,KXATPCHALLENGERMATCH-26APR18DELPRA-DEL,65,33,64,305,63,1319,62,1970,61,4108,64,1,65,4,66,3228,67,4491,68,3236,64.5
2026-04-18 12:00:34 PM,KXATPCHALLENGERMATCH-26APR18DELPRA-DEL,65,33,64,305,63,1319,62,1970,61,4108,64,1,65,4,66,3213,67,4491,68,3236,64.5
2026-04-18 12:00:34 PM,KXATPCHALLENGERMATCH-26APR18DELPRA-DEL,65,33,64,305,63,1319,62,1970,61,4108,64,1,65,4,66,3213,67,4480,68,3236,64.5
2026-04-18 12:00:35 PM,KXATPCHALLENGERMATCH-26APR18DELPRA-DEL,65,33,64,305,63,1319,62,1970,61,4108,64,1,65,4,66,3213,67,3480,68,3236,64.5
2026-04-18 12:00:35 PM,KXATPCHALLENGERMATCH-26APR18DELPRA-DEL,65,33,64,305,63,1319,62,1970,61,4108,64,1,65,4,66,3213,67,3480,68,4236,64.5
2026-04-18 12:00:42 PM,KXATPCHALLENGERMATCH-26APR18DELPRA-DEL,65,33,64,305,63,1319,62,1970,61,2108,64,1,65,4,66,3213,67,3480,68,4236,64.5
2026-04-18 12:00:53 PM,KXATPCHALLENGERMATCH-26APR18DELPRA-DEL,65,33,64,305,63,1319,62,1970,61,2108,64,1,65,4,66,3212,67,3480,68,4236,64.5
2026-04-18 12:01:16 PM,KXATPCHALLENGERMATCH-26APR18DELPRA-DEL,65,33,64,305,63,1319,62,1970,61,2108,64,1,65,4,66,3211,67,3480,68,4236,64.5
2026-04-18 12:01:46 PM,KXATPCHALLENGERMATCH-26APR18DELPRA-DEL,65,33,64,305,63,1319,62,1970,61,2108,64,1,65,4,66,3201,67,3480,68,4236,64.5
2026-04-18 12:01:50 PM,KXATPCHALLENGERMATCH-26APR18DELPRA-DEL,65,33,64,305,63,1319,62,1970,61,2108,64,1,65,4,66,3186,67,3480,68,4236,64.5
2026-04-18 12:02:09 PM,KXATPCHALLENGERMATCH-26APR18DELPRA-DEL,65,33,64,340,63,1319,62,1970,61,2108,64,1,65,4,66,3186,67,3480,68,4236,64.5
2026-04-18 12:02:31 PM,KXATPCHALLENGERMATCH-26APR18DELPRA-DEL,65,33,64,340,63,1319,62,1970,61,2108,64,1,65,4,66,3176,67,3480,68,4236,64.5
2026-04-18 12:04:29 PM,KXATPCHALLENGERMATCH-26APR18DELPRA-DEL,65,33,64,340,63,1319,62,1970,61,2108,64,1,65,4,66,3175,67,3480,68,4236,64.5
2026-04-18 12:04:53 PM,KXATPCHALLENGERMATCH-26APR18DELPRA-DEL,65,33,64,340,63,1319,62,1970,61,2108,64,1,65,4,66,3102,67,3480,68,4236,64.5
2026-04-18 12:05:26 PM,KXATPCHALLENGERMATCH-26APR18DELPRA-DEL,65,33,64,340,63,1319,62,1970,61,2108,64,1,65,4,66,3137,67,3480,68,4236,64.5
2026-04-18 12:05:30 PM,KXATPCHALLENGERMATCH-26APR18DELPRA-DEL,65,33,64,340,63,1319,62,1970,61,2108,64,1,65,4,66,2472,67,3480,68,4236,64.5
2026-04-18 12:05:30 PM,KXATPCHALLENGERMATCH-26APR18DELPRA-DEL,65,33,64,340,63,1319,62,1970,61,2108,64,1,65,4,66,2398,67,3480,68,4236,64.5
2026-04-18 12:05:30 PM,KXATPCHALLENGERMATCH-26APR18DELPRA-DEL,65,33,64,305,63,1319,62,1970,61,2108,64,1,65,4,66,2398,67,3480,68,4236,64.5
2026-04-18 12:05:30 PM,KXATPCHALLENGERMATCH-26APR18DELPRA-DEL,65,33,64,305,63,1319,62,1970,61,2108,64,1,65,4,66,2363,67,3480,68,4236,64.5
2026-04-18 12:05:30 PM,KXATPCHALLENGERMATCH-26APR18DELPRA-DEL,65,110,64,305,63,1319,62,1970,61,2108,64,1,65,4,66,2363,67,3480,68,4236,64.5
2026-04-18 12:05:30 PM,KXATPCHALLENGERMATCH-26APR18DELPRA-DEL,65,110,64,376,63,1319,62,1970,61,2108,64,1,65,4,66,2363,67,3480,68,4236,64.5
2026-04-18 12:05:30 PM,KXATPCHALLENGERMATCH-26APR18DELPRA-DEL,65,110,64,101,63,1319,62,1970,61,2108,64,1,65,4,66,2363,67,3480,68,4236,64.5
2026-04-18 12:05:30 PM,KXATPCHALLENGERMATCH-26APR18DELPRA-DEL,65,385,64,101,63,1319,62,1970,61,2108,64,1,65,4,66,2363,67,3480,68,4236,64.5
2026-04-18 12:05:30 PM,KXATPCHALLENGERMATCH-26APR18DELPRA-DEL,65,385,64,136,63,1319,62,1970,61,2108,64,1,65,4,66,2363,67,3480,68,4236,64.5
2026-04-18 12:05:30 PM,KXATPCHALLENGERMATCH-26APR18DELPRA-DEL,65,385,64,136,63,1319,62,1970,61,2108,64,1,65,4,66,2088,67,3480,68,4236,64.5
2026-04-18 12:05:30 PM,KXATPCHALLENGERMATCH-26APR18DELPRA-DEL,65,385,64,136,63,1319,62,1970,61,2108,64,1,65,4,66,2088,67,3755,68,4236,64.5
2026-04-18 12:05:47 PM,KXATPCHALLENGERMATCH-26APR18DELPRA-DEL,65,385,64,136,63,1319,62,1970,61,2108,64,1,65,4,66,2074,67,3755,68,4236,64.5
2026-04-18 12:06:09 PM,KXATPCHALLENGERMATCH-26APR18DELPRA-DEL,65,385,64,136,63,1319,62,1970,61,2108,64,1,65,4,66,2075,67,3755,68,4236,64.5
2026-04-18 12:06:09 PM,KXATPCHALLENGERMATCH-26APR18DELPRA-DEL,65,385,64,136,63,1319,62,1970,61,2108,64,1,65,4,66,2110,67,3755,68,4236,64.5
2026-04-18 12:06:37 PM,KXATPCHALLENGERMATCH-26APR18DELPRA-DEL,65,385,64,136,63,1319,62,1970,61,2108,64,1,65,4,66,2103,67,3755,68,4236,64.5
2026-04-18 12:06:37 PM,KXATPCHALLENGERMATCH-26APR18DELPRA-DEL,65,385,64,136,63,1319,62,1970,61,2108,64,1,65,4,66,2068,67,3755,68,4236,64.5
2026-04-18 12:07:00 PM,KXATPCHALLENGERMATCH-26APR18DELPRA-DEL,65,385,64,136,63,1334,62,1970,61,2108,64,1,65,4,66,2068,67,3755,68,4236,64.5
2026-04-18 12:07:00 PM,KXATPCHALLENGERMATCH-26APR18DELPRA-DEL,65,385,64,136,63,1334,62,1981,61,2108,64,1,65,4,66,2068,67,3755,68,4236,64.5
2026-04-18 12:07:16 PM,KXATPCHALLENGERMATCH-26APR18DELPRA-DEL,65,385,64,136,63,1334,62,1981,61,2108,64,1,65,4,66,2067,67,3755,68,4236,64.5
2026-04-18 12:07:50 PM,KXATPCHALLENGERMATCH-26APR18DELPRA-DEL,65,385,64,136,63,1334,62,1981,61,2108,64,1,65,4,66,2082,67,3755,68,4236,64.5
2026-04-18 12:07:50 PM,KXATPCHALLENGERMATCH-26APR18DELPRA-DEL,65,385,64,136,63,1334,62,1981,61,2108,64,1,65,4,66,2082,67,3766,68,4236,64.5
2026-04-18 12:07:54 PM,KXATPCHALLENGERMATCH-26APR18DELPRA-DEL,65,385,64,136,63,1334,62,1981,61,2108,64,1,65,4,66,2081,67,3766,68,4236,64.5
2026-04-18 12:08:14 PM,KXATPCHALLENGERMATCH-26APR18DELPRA-DEL,65,385,64,136,63,1334,62,1981,61,2108,64,1,65,4,66,2052,67,3766,68,4236,64.5
2026-04-18 12:08:57 PM,KXATPCHALLENGERMATCH-26APR18DELPRA-DEL,65,385,64,136,63,1334,62,1981,61,2108,64,1,65,4,66,1408,67,3766,68,4236,64.5
2026-04-18 12:08:57 PM,KXATPCHALLENGERMATCH-26APR18DELPRA-DEL,65,385,64,136,63,1334,62,1981,61,2108,64,1,65,4,66,871,67,3766,68,4236,64.5
2026-04-18 12:08:57 PM,KXATPCHALLENGERMATCH-26APR18DELPRA-DEL,65,385,64,136,63,1334,62,1981,61,2108,64,1,65,4,66,839,67,3766,68,4236,64.5
2026-04-18 12:08:57 PM,KXATPCHALLENGERMATCH-26APR18DELPRA-DEL,65,385,64,136,63,1334,62,1981,61,2108,64,1,65,4,66,829,67,3766,68,4236,64.5
2026-04-18 12:08:57 PM,KXATPCHALLENGERMATCH-26APR18DELPRA-DEL,65,385,64,136,63,1334,62,1981,61,2108,64,1,65,4,66,819,67,3766,68,4236,64.5
2026-04-18 12:08:57 PM,KXATPCHALLENGERMATCH-26APR18DELPRA-DEL,65,385,64,136,63,1334,62,1981,61,2108,64,1,65,4,66,19,67,3766,68,4236,64.5
2026-04-18 12:08:57 PM,KXATPCHALLENGERMATCH-26APR18DELPRA-DEL,65,385,64,136,63,1334,62,1981,61,2108,64,1,65,4,66,4,67,3766,68,4236,64.5
2026-04-18 12:08:57 PM,KXATPCHALLENGERMATCH-26APR18DELPRA-DEL,65,385,64,136,63,1334,62,1981,61,1308,64,1,65,4,66,4,67,3766,68,4236,64.5
2026-04-18 12:08:57 PM,KXATPCHALLENGERMATCH-26APR18DELPRA-DEL,65,385,64,136,63,534,62,1981,61,1308,64,1,65,4,66,4,67,3766,68,4236,64.5
2026-04-18 12:08:57 PM,KXATPCHALLENGERMATCH-26APR18DELPRA-DEL,65,385,64,136,63,534,62,1981,61,1308,64,1,65,4,66,4,67,3766,68,3436,64.5
2026-04-18 12:08:57 PM,KXATPCHALLENGERMATCH-26APR18DELPRA-DEL,65,385,64,136,63,534,62,1981,61,1308,64,1,65,4,66,4,67,3781,68,3436,64.5
2026-04-18 12:08:57 PM,KXATPCHALLENGERMATCH-26APR18DELPRA-DEL,65,385,64,136,63,534,62,1981,61,1308,64,1,65,4,66,4,67,3781,68,3447,64.5
2026-04-18 12:08:57 PM,KXATPCHALLENGERMATCH-26APR18DELPRA-DEL,65,385,64,136,63,534,62,1981,61,1308,64,1,65,4,66,39,67,3781,68,3447,64.5
2026-04-18 12:08:57 PM,KXATPCHALLENGERMATCH-26APR18DELPRA-DEL,65,385,64,136,63,534,62,1981,61,1308,64,1,65,4,66,4,67,3781,68,3447,64.5
2026-04-18 12:08:57 PM,KXATPCHALLENGERMATCH-26APR18DELPRA-DEL,65,385,64,136,63,534,62,1981,61,1308,64,1,65,4,66,122,67,3781,68,3447,64.5
2026-04-18 12:08:57 PM,KXATPCHALLENGERMATCH-26APR18DELPRA-DEL,65,385,64,136,63,1153,62,1981,61,1308,64,1,65,4,66,122,67,3781,68,3447,64.5
2026-04-18 12:08:57 PM,KXATPCHALLENGERMATCH-26APR18DELPRA-DEL,65,385,64,136,63,1153,62,1981,61,1308,64,1,65,4,66,1133,67,3781,68,3447,64.5
2026-04-18 12:08:57 PM,KXATPCHALLENGERMATCH-26APR18DELPRA-DEL,65,385,64,136,63,1153,62,1981,61,1308,64,1,65,4,66,1806,67,3781,68,3447,64.5
2026-04-18 12:08:57 PM,KXATPCHALLENGERMATCH-26APR18DELPRA-DEL,65,385,64,136,63,1153,62,1981,61,1308,64,1,65,4,66,1688,67,3781,68,3447,64.5
2026-04-18 12:08:57 PM,KXATPCHALLENGERMATCH-26APR18DELPRA-DEL,65,385,64,136,63,1153,62,1981,61,1308,64,1,65,4,66,1688,67,3782,68,3447,64.5
2026-04-18 12:08:57 PM,KXATPCHALLENGERMATCH-26APR18DELPRA-DEL,65,385,64,136,63,1153,62,1981,61,1308,64,1,65,4,66,1688,67,3781,68,3447,64.5
2026-04-18 12:08:57 PM,KXATPCHALLENGERMATCH-26APR18DELPRA-DEL,65,385,64,136,63,1153,62,1970,61,1308,64,1,65,4,66,1688,67,3781,68,3447,64.5
2026-04-18 12:08:57 PM,KXATPCHALLENGERMATCH-26APR18DELPRA-DEL,65,385,64,136,63,1153,62,1970,61,1308,64,1,65,4,66,1688,67,3781,68,3436,64.5
2026-04-18 12:08:57 PM,KXATPCHALLENGERMATCH-26APR18DELPRA-DEL,65,385,64,136,63,1153,62,1970,61,1308,64,1,65,4,66,1688,67,3770,68,3436,64.5
2026-04-18 12:08:57 PM,KXATPCHALLENGERMATCH-26APR18DELPRA-DEL,65,385,64,147,63,1153,62,1970,61,1308,64,1,65,4,66,1688,67,3770,68,3436,64.5
2026-04-18 12:08:57 PM,KXATPCHALLENGERMATCH-26APR18DELPRA-DEL,65,385,64,147,63,1153,62,1970,61,1308,64,1,65,4,66,1697,67,3770,68,3436,64.5
2026-04-18 12:08:58 PM,KXATPCHALLENGERMATCH-26APR18DELPRA-DEL,65,385,64,147,63,1153,62,1970,61,1308,64,1,65,4,66,1698,67,3770,68,3436,64.5
2026-04-18 12:08:59 PM,KXATPCHALLENGERMATCH-26APR18DELPRA-DEL,65,385,64,147,63,1153,62,1970,61,1308,64,1,65,4,66,1661,67,3770,68,3436,64.5
2026-04-18 12:08:59 PM,KXATPCHALLENGERMATCH-26APR18DELPRA-DEL,65,385,64,147,63,1153,62,1970,61,2108,64,1,65,4,66,1661,67,3770,68,3436,64.5
2026-04-18 12:08:59 PM,KXATPCHALLENGERMATCH-26APR18DELPRA-DEL,65,385,64,147,63,1153,62,2770,61,2108,64,1,65,4,66,1661,67,3770,68,3436,64.5
2026-04-18 12:08:59 PM,KXATPCHALLENGERMATCH-26APR18DELPRA-DEL,65,385,64,947,63,1153,62,2770,61,2108,64,1,65,4,66,1661,67,3770,68,3436,64.5
2026-04-18 12:08:59 PM,KXATPCHALLENGERMATCH-26APR18DELPRA-DEL,65,385,64,947,63,1153,62,2770,61,2108,64,1,65,4,66,1661,67,4570,68,3436,64.5
2026-04-18 12:09:13 PM,KXATPCHALLENGERMATCH-26APR18DELPRA-DEL,65,385,64,947,63,1153,62,2770,61,2108,64,1,65,4,66,687,67,4570,68,3436,64.5
2026-04-18 12:09:13 PM,KXATPCHALLENGERMATCH-26APR18DELPRA-DEL,65,385,64,947,63,1153,62,2770,61,2108,64,1,65,4,66,14,67,4570,68,3436,64.5
2026-04-18 12:09:13 PM,KXATPCHALLENGERMATCH-26APR18DELPRA-DEL,65,385,64,947,63,1153,62,2770,61,2108,64,1,65,4,66,5,67,4570,68,3436,64.5
2026-04-18 12:09:13 PM,KXATPCHALLENGERMATCH-26APR18DELPRA-DEL,65,385,64,947,63,1153,62,2770,61,2108,64,1,65,4,66,4,67,4570,68,3436,64.5
2026-04-18 12:09:13 PM,KXATPCHALLENGERMATCH-26APR18DELPRA-DEL,65,385,64,947,63,1153,62,2770,61,2108,64,1,65,4,66,4,67,4570,68,3447,64.5
2026-04-18 12:09:13 PM,KXATPCHALLENGERMATCH-26APR18DELPRA-DEL,65,385,64,947,63,1153,62,2770,61,2108,64,1,65,4,66,4,67,4570,68,4183,64.5
2026-04-18 12:09:13 PM,KXATPCHALLENGERMATCH-26APR18DELPRA-DEL,65,385,64,947,63,1579,62,2770,61,2108,64,1,65,4,66,4,67,4570,68,4183,64.5
2026-04-18 12:09:14 PM,KXATPCHALLENGERMATCH-26APR18DELPRA-DEL,65,385,64,947,63,1579,62,2770,61,2108,64,1,65,4,66,4,67,4570,68,4649,64.5
2026-04-18 12:09:24 PM,KXATPCHALLENGERMATCH-26APR18DELPRA-DEL,65,385,64,947,63,1579,62,2770,61,2108,64,1,65,4,66,4,67,4541,68,4649,64.5
2026-04-18 12:09:25 PM,KXATPCHALLENGERMATCH-26APR18DELPRA-DEL,65,385,64,936,63,1579,62,2770,61,2108,64,1,65,4,66,4,67,4541,68,4649,64.5
2026-04-18 12:09:25 PM,KXATPCHALLENGERMATCH-26APR18DELPRA-DEL,65,385,64,936,63,1579,62,2781,61,2108,64,1,65,4,66,4,67,4541,68,4649,64.5
2026-04-18 12:10:05 PM,KXATPCHALLENGERMATCH-26APR18DELPRA-DEL,65,385,64,936,63,1579,62,2781,61,2108,64,1,65,4,66,4,67,4505,68,4649,64.5
2026-04-18 12:10:10 PM,KXATPCHALLENGERMATCH-26APR18DELPRA-DEL,65,385,64,936,63,1579,62,2781,61,2108,64,1,65,4,66,4,67,4369,68,4649,64.5
2026-04-18 12:10:10 PM,KXATPCHALLENGERMATCH-26APR18DELPRA-DEL,65,385,64,976,63,1579,62,2781,61,2108,64,1,65,4,66,4,67,4369,68,4649,64.5
2026-04-18 12:10:21 PM,KXATPCHALLENGERMATCH-26APR18DELPRA-DEL,65,385,64,976,63,1579,62,2781,61,2108,64,1,65,4,66,4,67,4355,68,4649,64.5
