ts_et,ticker,bid_1,bid_1_sz,bid_2,bid_2_sz,bid_3,bid_3_sz,bid_4,bid_4_sz,bid_5,bid_5_sz,ask_1,ask_1_sz,ask_2,ask_2_sz,ask_3,ask_3_sz,ask_4,ask_4_sz,ask_5,ask_5_sz,mid
2026-04-18 02:14:10 PM,KXATPCHALLENGERMATCH-26APR19SUNTUL-TUL,6,116,5,194,4,823,3,540,2,900,94,365,95,25,96,543,97,82,98,123,50.0
2026-04-18 02:15:53 PM,KXATPCHALLENGERMATCH-26APR19SUNTUL-TUL,6,116,5,204,4,823,3,540,2,900,94,365,95,25,96,543,97,82,98,123,50.0
2026-04-18 02:15:53 PM,KXATPCHALLENGERMATCH-26APR19SUNTUL-TUL,6,116,5,204,4,823,3,540,2,900,94,365,95,35,96,543,97,82,98,123,50.0
2026-04-18 02:16:21 PM,KXATPCHALLENGERMATCH-26APR19SUNTUL-TUL,6,116,5,204,4,823,3,540,2,900,94,365,95,35,96,543,97,84,98,123,50.0
2026-04-18 02:21:21 PM,KXATPCHALLENGERMATCH-26APR19SUNTUL-TUL,6,116,5,204,4,823,3,540,2,900,93,500,94,365,95,35,96,543,97,84,49.5
2026-04-18 02:21:21 PM,KXATPCHALLENGERMATCH-26APR19SUNTUL-TUL,6,116,5,204,4,823,3,540,2,900,93,500,94,1365,95,35,96,543,97,84,49.5
2026-04-18 02:21:21 PM,KXATPCHALLENGERMATCH-26APR19SUNTUL-TUL,7,250,6,116,5,204,4,823,3,540,93,500,94,1365,95,35,96,543,97,84,50.0
2026-04-18 02:21:22 PM,KXATPCHALLENGERMATCH-26APR19SUNTUL-TUL,7,250,6,366,5,204,4,823,3,540,93,500,94,1365,95,35,96,543,97,84,50.0
2026-04-18 02:21:22 PM,KXATPCHALLENGERMATCH-26APR19SUNTUL-TUL,7,250,6,366,5,204,4,823,3,540,93,500,94,365,95,35,96,543,97,84,50.0
2026-04-18 02:21:22 PM,KXATPCHALLENGERMATCH-26APR19SUNTUL-TUL,7,250,6,366,5,204,4,823,3,540,92,500,93,500,94,365,95,35,96,543,49.5
2026-04-18 02:21:22 PM,KXATPCHALLENGERMATCH-26APR19SUNTUL-TUL,7,250,6,366,5,204,4,823,3,540,92,500,93,1000,94,365,95,35,96,543,49.5
2026-04-18 02:21:22 PM,KXATPCHALLENGERMATCH-26APR19SUNTUL-TUL,7,250,6,116,5,204,4,823,3,540,92,500,93,1000,94,365,95,35,96,543,49.5
2026-04-18 02:21:23 PM,KXATPCHALLENGERMATCH-26APR19SUNTUL-TUL,8,250,7,250,6,116,5,204,4,823,92,500,93,1000,94,365,95,35,96,543,50.0
2026-04-18 02:21:23 PM,KXATPCHALLENGERMATCH-26APR19SUNTUL-TUL,8,250,7,250,6,116,5,204,4,823,92,500,93,500,94,365,95,35,96,543,50.0
2026-04-18 02:21:23 PM,KXATPCHALLENGERMATCH-26APR19SUNTUL-TUL,8,250,7,250,6,116,5,204,4,823,92,500,94,365,95,35,96,543,97,84,50.0
2026-04-18 02:21:23 PM,KXATPCHALLENGERMATCH-26APR19SUNTUL-TUL,8,250,7,250,6,116,5,204,4,823,91,500,92,500,94,365,95,35,96,543,49.5
2026-04-18 02:21:23 PM,KXATPCHALLENGERMATCH-26APR19SUNTUL-TUL,8,250,7,250,6,116,5,204,4,823,91,500,92,1000,94,365,95,35,96,543,49.5
2026-04-18 02:21:24 PM,KXATPCHALLENGERMATCH-26APR19SUNTUL-TUL,8,250,6,116,5,204,4,823,3,540,91,500,92,1000,94,365,95,35,96,543,49.5
2026-04-18 02:21:24 PM,KXATPCHALLENGERMATCH-26APR19SUNTUL-TUL,9,250,8,250,6,116,5,204,4,823,91,500,92,1000,94,365,95,35,96,543,50.0
2026-04-18 02:21:24 PM,KXATPCHALLENGERMATCH-26APR19SUNTUL-TUL,9,250,8,250,6,116,5,204,4,823,91,500,92,500,94,365,95,35,96,543,50.0
2026-04-18 02:21:24 PM,KXATPCHALLENGERMATCH-26APR19SUNTUL-TUL,9,250,8,250,6,116,5,204,4,823,91,500,94,365,95,35,96,543,97,84,50.0
2026-04-18 02:21:24 PM,KXATPCHALLENGERMATCH-26APR19SUNTUL-TUL,9,250,8,250,6,116,5,204,4,823,90,500,91,500,94,365,95,35,96,543,49.5
2026-04-18 02:21:25 PM,KXATPCHALLENGERMATCH-26APR19SUNTUL-TUL,9,250,8,250,6,116,5,204,4,823,90,500,91,1000,94,365,95,35,96,543,49.5
2026-04-18 02:21:25 PM,KXATPCHALLENGERMATCH-26APR19SUNTUL-TUL,9,250,6,116,5,204,4,823,3,540,90,500,91,1000,94,365,95,35,96,543,49.5
2026-04-18 02:21:25 PM,KXATPCHALLENGERMATCH-26APR19SUNTUL-TUL,10,250,9,250,6,116,5,204,4,823,90,500,91,1000,94,365,95,35,96,543,50.0
2026-04-18 02:21:25 PM,KXATPCHALLENGERMATCH-26APR19SUNTUL-TUL,10,250,9,250,6,116,5,204,4,823,90,500,91,500,94,365,95,35,96,543,50.0
2026-04-18 02:21:25 PM,KXATPCHALLENGERMATCH-26APR19SUNTUL-TUL,10,250,9,250,6,116,5,204,4,823,90,500,94,365,95,35,96,543,97,84,50.0
2026-04-18 02:21:26 PM,KXATPCHALLENGERMATCH-26APR19SUNTUL-TUL,10,250,9,250,6,116,5,204,4,823,89,500,90,500,94,365,95,35,96,543,49.5
2026-04-18 02:21:26 PM,KXATPCHALLENGERMATCH-26APR19SUNTUL-TUL,10,250,9,250,6,116,5,204,4,823,89,500,90,1000,94,365,95,35,96,543,49.5
2026-04-18 02:21:26 PM,KXATPCHALLENGERMATCH-26APR19SUNTUL-TUL,10,250,6,116,5,204,4,823,3,540,89,500,90,1000,94,365,95,35,96,543,49.5
2026-04-18 02:21:26 PM,KXATPCHALLENGERMATCH-26APR19SUNTUL-TUL,11,250,10,250,6,116,5,204,4,823,89,500,90,1000,94,365,95,35,96,543,50.0
2026-04-18 02:21:27 PM,KXATPCHALLENGERMATCH-26APR19SUNTUL-TUL,11,250,10,250,6,116,5,204,4,823,89,500,90,500,94,365,95,35,96,543,50.0
2026-04-18 02:21:27 PM,KXATPCHALLENGERMATCH-26APR19SUNTUL-TUL,11,250,10,250,6,116,5,204,4,823,89,500,94,365,95,35,96,543,97,84,50.0
2026-04-18 02:21:27 PM,KXATPCHALLENGERMATCH-26APR19SUNTUL-TUL,11,250,10,250,6,116,5,204,4,823,88,500,89,500,94,365,95,35,96,543,49.5
2026-04-18 02:21:27 PM,KXATPCHALLENGERMATCH-26APR19SUNTUL-TUL,11,250,10,250,6,116,5,204,4,823,88,500,89,1000,94,365,95,35,96,543,49.5
2026-04-18 02:21:27 PM,KXATPCHALLENGERMATCH-26APR19SUNTUL-TUL,11,250,6,116,5,204,4,823,3,540,88,500,89,1000,94,365,95,35,96,543,49.5
2026-04-18 02:21:27 PM,KXATPCHALLENGERMATCH-26APR19SUNTUL-TUL,12,250,11,250,6,116,5,204,4,823,88,500,89,1000,94,365,95,35,96,543,50.0
2026-04-18 02:21:28 PM,KXATPCHALLENGERMATCH-26APR19SUNTUL-TUL,12,250,11,250,6,116,5,204,4,823,88,500,89,500,94,365,95,35,96,543,50.0
2026-04-18 02:21:28 PM,KXATPCHALLENGERMATCH-26APR19SUNTUL-TUL,12,250,11,250,6,116,5,204,4,823,88,500,94,365,95,35,96,543,97,84,50.0
2026-04-18 02:21:28 PM,KXATPCHALLENGERMATCH-26APR19SUNTUL-TUL,12,250,11,250,6,116,5,204,4,823,87,500,88,500,94,365,95,35,96,543,49.5
2026-04-18 02:21:28 PM,KXATPCHALLENGERMATCH-26APR19SUNTUL-TUL,12,250,11,250,6,116,5,204,4,823,87,500,88,1000,94,365,95,35,96,543,49.5
2026-04-18 02:21:28 PM,KXATPCHALLENGERMATCH-26APR19SUNTUL-TUL,12,250,6,116,5,204,4,823,3,540,87,500,88,1000,94,365,95,35,96,543,49.5
2026-04-18 02:21:28 PM,KXATPCHALLENGERMATCH-26APR19SUNTUL-TUL,13,250,12,250,6,116,5,204,4,823,87,500,88,1000,94,365,95,35,96,543,50.0
2026-04-18 02:21:29 PM,KXATPCHALLENGERMATCH-26APR19SUNTUL-TUL,13,250,12,250,6,116,5,204,4,823,87,500,88,500,94,365,95,35,96,543,50.0
2026-04-18 02:21:29 PM,KXATPCHALLENGERMATCH-26APR19SUNTUL-TUL,13,250,12,250,6,116,5,204,4,823,87,500,94,365,95,35,96,543,97,84,50.0
2026-04-18 02:21:29 PM,KXATPCHALLENGERMATCH-26APR19SUNTUL-TUL,13,250,12,250,6,116,5,204,4,823,86,500,87,500,94,365,95,35,96,543,49.5
2026-04-18 02:21:29 PM,KXATPCHALLENGERMATCH-26APR19SUNTUL-TUL,13,250,12,250,6,116,5,204,4,823,86,500,87,1000,94,365,95,35,96,543,49.5
2026-04-18 02:21:29 PM,KXATPCHALLENGERMATCH-26APR19SUNTUL-TUL,13,250,6,116,5,204,4,823,3,540,86,500,87,1000,94,365,95,35,96,543,49.5
2026-04-18 02:21:29 PM,KXATPCHALLENGERMATCH-26APR19SUNTUL-TUL,14,250,13,250,6,116,5,204,4,823,86,500,87,1000,94,365,95,35,96,543,50.0
2026-04-18 02:21:30 PM,KXATPCHALLENGERMATCH-26APR19SUNTUL-TUL,14,250,13,250,6,116,5,204,4,823,86,500,87,500,94,365,95,35,96,543,50.0
2026-04-18 02:21:30 PM,KXATPCHALLENGERMATCH-26APR19SUNTUL-TUL,14,250,13,250,6,116,5,204,4,823,86,500,94,365,95,35,96,543,97,84,50.0
2026-04-18 02:21:30 PM,KXATPCHALLENGERMATCH-26APR19SUNTUL-TUL,14,250,13,250,6,116,5,204,4,823,85,500,86,500,94,365,95,35,96,543,49.5
2026-04-18 02:21:30 PM,KXATPCHALLENGERMATCH-26APR19SUNTUL-TUL,14,250,13,250,6,116,5,204,4,823,85,500,86,1000,94,365,95,35,96,543,49.5
2026-04-18 02:21:30 PM,KXATPCHALLENGERMATCH-26APR19SUNTUL-TUL,14,250,6,116,5,204,4,823,3,540,85,500,86,1000,94,365,95,35,96,543,49.5
2026-04-18 02:21:30 PM,KXATPCHALLENGERMATCH-26APR19SUNTUL-TUL,15,250,14,250,6,116,5,204,4,823,85,500,86,1000,94,365,95,35,96,543,50.0
2026-04-18 02:21:31 PM,KXATPCHALLENGERMATCH-26APR19SUNTUL-TUL,15,250,14,250,6,116,5,204,4,823,85,500,86,500,94,365,95,35,96,543,50.0
2026-04-18 02:21:31 PM,KXATPCHALLENGERMATCH-26APR19SUNTUL-TUL,15,250,14,250,6,116,5,204,4,823,85,500,94,365,95,35,96,543,97,84,50.0
2026-04-18 02:21:31 PM,KXATPCHALLENGERMATCH-26APR19SUNTUL-TUL,15,250,14,250,6,116,5,204,4,823,84,500,85,500,94,365,95,35,96,543,49.5
2026-04-18 02:21:31 PM,KXATPCHALLENGERMATCH-26APR19SUNTUL-TUL,15,250,14,250,6,116,5,204,4,823,84,500,85,1000,94,365,95,35,96,543,49.5
2026-04-18 02:21:31 PM,KXATPCHALLENGERMATCH-26APR19SUNTUL-TUL,15,250,6,116,5,204,4,823,3,540,84,500,85,1000,94,365,95,35,96,543,49.5
2026-04-18 02:21:31 PM,KXATPCHALLENGERMATCH-26APR19SUNTUL-TUL,16,250,15,250,6,116,5,204,4,823,84,500,85,1000,94,365,95,35,96,543,50.0
2026-04-18 02:21:32 PM,KXATPCHALLENGERMATCH-26APR19SUNTUL-TUL,16,250,15,250,6,116,5,204,4,823,84,500,85,500,94,365,95,35,96,543,50.0
2026-04-18 02:21:32 PM,KXATPCHALLENGERMATCH-26APR19SUNTUL-TUL,16,250,15,250,6,116,5,204,4,823,84,500,94,365,95,35,96,543,97,84,50.0
2026-04-18 02:21:32 PM,KXATPCHALLENGERMATCH-26APR19SUNTUL-TUL,16,250,15,250,6,116,5,204,4,823,83,500,84,500,94,365,95,35,96,543,49.5
2026-04-18 02:21:32 PM,KXATPCHALLENGERMATCH-26APR19SUNTUL-TUL,16,250,15,250,6,116,5,204,4,823,83,500,84,1000,94,365,95,35,96,543,49.5
2026-04-18 02:21:32 PM,KXATPCHALLENGERMATCH-26APR19SUNTUL-TUL,16,250,6,116,5,204,4,823,3,540,83,500,84,1000,94,365,95,35,96,543,49.5
2026-04-18 02:21:32 PM,KXATPCHALLENGERMATCH-26APR19SUNTUL-TUL,17,250,16,250,6,116,5,204,4,823,83,500,84,1000,94,365,95,35,96,543,50.0
2026-04-18 02:21:33 PM,KXATPCHALLENGERMATCH-26APR19SUNTUL-TUL,17,250,16,250,6,116,5,204,4,823,83,500,84,500,94,365,95,35,96,543,50.0
2026-04-18 02:21:33 PM,KXATPCHALLENGERMATCH-26APR19SUNTUL-TUL,17,250,16,250,6,116,5,204,4,823,83,500,94,365,95,35,96,543,97,84,50.0
2026-04-18 02:21:33 PM,KXATPCHALLENGERMATCH-26APR19SUNTUL-TUL,17,250,16,250,6,116,5,204,4,823,82,500,83,500,94,365,95,35,96,543,49.5
2026-04-18 02:21:33 PM,KXATPCHALLENGERMATCH-26APR19SUNTUL-TUL,17,250,16,250,6,116,5,204,4,823,82,500,83,1000,94,365,95,35,96,543,49.5
2026-04-18 02:21:33 PM,KXATPCHALLENGERMATCH-26APR19SUNTUL-TUL,17,250,6,116,5,204,4,823,3,540,82,500,83,1000,94,365,95,35,96,543,49.5
2026-04-18 02:21:33 PM,KXATPCHALLENGERMATCH-26APR19SUNTUL-TUL,18,250,17,250,6,116,5,204,4,823,82,500,83,1000,94,365,95,35,96,543,50.0
2026-04-18 02:21:34 PM,KXATPCHALLENGERMATCH-26APR19SUNTUL-TUL,18,250,17,250,6,116,5,204,4,823,82,500,83,500,94,365,95,35,96,543,50.0
2026-04-18 02:21:34 PM,KXATPCHALLENGERMATCH-26APR19SUNTUL-TUL,18,250,17,250,6,116,5,204,4,823,82,500,94,365,95,35,96,543,97,84,50.0
2026-04-18 02:21:34 PM,KXATPCHALLENGERMATCH-26APR19SUNTUL-TUL,18,250,17,250,6,116,5,204,4,823,81,500,82,500,94,365,95,35,96,543,49.5
2026-04-18 02:21:34 PM,KXATPCHALLENGERMATCH-26APR19SUNTUL-TUL,18,250,17,250,6,116,5,204,4,823,81,500,82,1000,94,365,95,35,96,543,49.5
2026-04-18 02:21:34 PM,KXATPCHALLENGERMATCH-26APR19SUNTUL-TUL,18,250,6,116,5,204,4,823,3,540,81,500,82,1000,94,365,95,35,96,543,49.5
2026-04-18 02:21:35 PM,KXATPCHALLENGERMATCH-26APR19SUNTUL-TUL,19,250,18,250,6,116,5,204,4,823,81,500,82,1000,94,365,95,35,96,543,50.0
2026-04-18 02:21:35 PM,KXATPCHALLENGERMATCH-26APR19SUNTUL-TUL,19,250,18,250,6,116,5,204,4,823,81,500,82,500,94,365,95,35,96,543,50.0
2026-04-18 02:21:35 PM,KXATPCHALLENGERMATCH-26APR19SUNTUL-TUL,19,250,18,250,6,116,5,204,4,823,81,500,94,365,95,35,96,543,97,84,50.0
2026-04-18 02:21:35 PM,KXATPCHALLENGERMATCH-26APR19SUNTUL-TUL,19,250,18,250,6,116,5,204,4,823,80,500,81,500,94,365,95,35,96,543,49.5
2026-04-18 02:21:35 PM,KXATPCHALLENGERMATCH-26APR19SUNTUL-TUL,19,250,18,250,6,116,5,204,4,823,80,500,81,1000,94,365,95,35,96,543,49.5
2026-04-18 02:21:36 PM,KXATPCHALLENGERMATCH-26APR19SUNTUL-TUL,19,250,6,116,5,204,4,823,3,540,80,500,81,1000,94,365,95,35,96,543,49.5
2026-04-18 02:21:36 PM,KXATPCHALLENGERMATCH-26APR19SUNTUL-TUL,20,250,19,250,6,116,5,204,4,823,80,500,81,1000,94,365,95,35,96,543,50.0
2026-04-18 02:21:36 PM,KXATPCHALLENGERMATCH-26APR19SUNTUL-TUL,20,250,19,250,6,116,5,204,4,823,80,500,81,500,94,365,95,35,96,543,50.0
2026-04-18 02:21:36 PM,KXATPCHALLENGERMATCH-26APR19SUNTUL-TUL,20,250,19,250,6,116,5,204,4,823,80,500,94,365,95,35,96,543,97,84,50.0
2026-04-18 02:21:36 PM,KXATPCHALLENGERMATCH-26APR19SUNTUL-TUL,20,250,19,250,6,116,5,204,4,823,79,500,80,500,94,365,95,35,96,543,49.5
2026-04-18 02:21:37 PM,KXATPCHALLENGERMATCH-26APR19SUNTUL-TUL,20,250,19,250,6,116,5,204,4,823,79,500,80,1000,94,365,95,35,96,543,49.5
2026-04-18 02:21:37 PM,KXATPCHALLENGERMATCH-26APR19SUNTUL-TUL,20,250,6,116,5,204,4,823,3,540,79,500,80,1000,94,365,95,35,96,543,49.5
2026-04-18 02:21:37 PM,KXATPCHALLENGERMATCH-26APR19SUNTUL-TUL,21,250,20,250,6,116,5,204,4,823,79,500,80,1000,94,365,95,35,96,543,50.0
2026-04-18 02:21:37 PM,KXATPCHALLENGERMATCH-26APR19SUNTUL-TUL,21,250,20,250,6,116,5,204,4,823,79,500,80,500,94,365,95,35,96,543,50.0
2026-04-18 02:21:37 PM,KXATPCHALLENGERMATCH-26APR19SUNTUL-TUL,21,250,20,250,6,116,5,204,4,823,79,500,94,365,95,35,96,543,97,84,50.0
2026-04-18 02:21:37 PM,KXATPCHALLENGERMATCH-26APR19SUNTUL-TUL,21,250,20,250,6,116,5,204,4,823,78,500,79,500,94,365,95,35,96,543,49.5
2026-04-18 02:21:38 PM,KXATPCHALLENGERMATCH-26APR19SUNTUL-TUL,21,250,20,250,6,116,5,204,4,823,78,500,79,1000,94,365,95,35,96,543,49.5
2026-04-18 02:21:38 PM,KXATPCHALLENGERMATCH-26APR19SUNTUL-TUL,21,250,6,116,5,204,4,823,3,540,78,500,79,1000,94,365,95,35,96,543,49.5
2026-04-18 02:21:38 PM,KXATPCHALLENGERMATCH-26APR19SUNTUL-TUL,22,250,21,250,6,116,5,204,4,823,78,500,79,1000,94,365,95,35,96,543,50.0
2026-04-18 02:21:38 PM,KXATPCHALLENGERMATCH-26APR19SUNTUL-TUL,22,250,21,250,6,116,5,204,4,823,78,500,79,500,94,365,95,35,96,543,50.0
2026-04-18 02:21:38 PM,KXATPCHALLENGERMATCH-26APR19SUNTUL-TUL,22,250,21,250,6,116,5,204,4,823,78,500,94,365,95,35,96,543,97,84,50.0
2026-04-18 02:21:39 PM,KXATPCHALLENGERMATCH-26APR19SUNTUL-TUL,22,250,21,250,6,116,5,204,4,823,77,500,78,500,94,365,95,35,96,543,49.5
2026-04-18 02:21:39 PM,KXATPCHALLENGERMATCH-26APR19SUNTUL-TUL,22,250,21,250,6,116,5,204,4,823,77,500,78,1000,94,365,95,35,96,543,49.5
2026-04-18 02:21:39 PM,KXATPCHALLENGERMATCH-26APR19SUNTUL-TUL,22,250,6,116,5,204,4,823,3,540,77,500,78,1000,94,365,95,35,96,543,49.5
2026-04-18 02:21:39 PM,KXATPCHALLENGERMATCH-26APR19SUNTUL-TUL,23,250,22,250,6,116,5,204,4,823,77,500,78,1000,94,365,95,35,96,543,50.0
2026-04-18 02:21:40 PM,KXATPCHALLENGERMATCH-26APR19SUNTUL-TUL,23,250,22,250,6,116,5,204,4,823,77,500,78,500,94,365,95,35,96,543,50.0
2026-04-18 02:21:40 PM,KXATPCHALLENGERMATCH-26APR19SUNTUL-TUL,23,250,22,250,6,116,5,204,4,823,77,500,94,365,95,35,96,543,97,84,50.0
2026-04-18 02:21:40 PM,KXATPCHALLENGERMATCH-26APR19SUNTUL-TUL,23,250,22,250,6,116,5,204,4,823,76,500,77,500,94,365,95,35,96,543,49.5
2026-04-18 02:21:40 PM,KXATPCHALLENGERMATCH-26APR19SUNTUL-TUL,23,250,22,250,6,116,5,204,4,823,76,500,77,1000,94,365,95,35,96,543,49.5
2026-04-18 02:21:40 PM,KXATPCHALLENGERMATCH-26APR19SUNTUL-TUL,23,250,6,116,5,204,4,823,3,540,76,500,77,1000,94,365,95,35,96,543,49.5
2026-04-18 02:21:40 PM,KXATPCHALLENGERMATCH-26APR19SUNTUL-TUL,24,250,23,250,6,116,5,204,4,823,76,500,77,1000,94,365,95,35,96,543,50.0
2026-04-18 02:21:41 PM,KXATPCHALLENGERMATCH-26APR19SUNTUL-TUL,24,250,23,250,6,116,5,204,4,823,76,500,77,500,94,365,95,35,96,543,50.0
2026-04-18 02:21:41 PM,KXATPCHALLENGERMATCH-26APR19SUNTUL-TUL,24,250,23,250,6,116,5,204,4,823,76,500,94,365,95,35,96,543,97,84,50.0
2026-04-18 02:21:41 PM,KXATPCHALLENGERMATCH-26APR19SUNTUL-TUL,24,250,23,250,6,116,5,204,4,823,75,500,76,500,94,365,95,35,96,543,49.5
2026-04-18 02:21:41 PM,KXATPCHALLENGERMATCH-26APR19SUNTUL-TUL,24,250,23,250,6,116,5,204,4,823,75,500,76,1000,94,365,95,35,96,543,49.5
2026-04-18 02:21:41 PM,KXATPCHALLENGERMATCH-26APR19SUNTUL-TUL,24,250,6,116,5,204,4,823,3,540,75,500,76,1000,94,365,95,35,96,543,49.5
2026-04-18 02:21:41 PM,KXATPCHALLENGERMATCH-26APR19SUNTUL-TUL,25,250,24,250,6,116,5,204,4,823,75,500,76,1000,94,365,95,35,96,543,50.0
2026-04-18 02:21:42 PM,KXATPCHALLENGERMATCH-26APR19SUNTUL-TUL,25,250,24,250,6,116,5,204,4,823,75,500,76,500,94,365,95,35,96,543,50.0
2026-04-18 02:21:42 PM,KXATPCHALLENGERMATCH-26APR19SUNTUL-TUL,25,250,24,250,6,116,5,204,4,823,75,500,94,365,95,35,96,543,97,84,50.0
2026-04-18 02:21:42 PM,KXATPCHALLENGERMATCH-26APR19SUNTUL-TUL,25,250,24,250,6,116,5,204,4,823,74,500,75,500,94,365,95,35,96,543,49.5
2026-04-18 02:21:42 PM,KXATPCHALLENGERMATCH-26APR19SUNTUL-TUL,25,250,24,250,6,116,5,204,4,823,74,500,75,1000,94,365,95,35,96,543,49.5
2026-04-18 02:21:42 PM,KXATPCHALLENGERMATCH-26APR19SUNTUL-TUL,25,250,6,116,5,204,4,823,3,540,74,500,75,1000,94,365,95,35,96,543,49.5
2026-04-18 02:21:42 PM,KXATPCHALLENGERMATCH-26APR19SUNTUL-TUL,26,250,25,250,6,116,5,204,4,823,74,500,75,1000,94,365,95,35,96,543,50.0
2026-04-18 02:21:43 PM,KXATPCHALLENGERMATCH-26APR19SUNTUL-TUL,26,250,25,250,6,116,5,204,4,823,74,500,75,500,94,365,95,35,96,543,50.0
2026-04-18 02:21:43 PM,KXATPCHALLENGERMATCH-26APR19SUNTUL-TUL,26,250,25,250,6,116,5,204,4,823,74,500,94,365,95,35,96,543,97,84,50.0
2026-04-18 02:21:43 PM,KXATPCHALLENGERMATCH-26APR19SUNTUL-TUL,26,250,25,250,6,116,5,204,4,823,73,500,74,500,94,365,95,35,96,543,49.5
2026-04-18 02:21:43 PM,KXATPCHALLENGERMATCH-26APR19SUNTUL-TUL,26,250,25,250,6,116,5,204,4,823,73,500,74,1000,94,365,95,35,96,543,49.5
2026-04-18 02:21:43 PM,KXATPCHALLENGERMATCH-26APR19SUNTUL-TUL,26,250,6,116,5,204,4,823,3,540,73,500,74,1000,94,365,95,35,96,543,49.5
2026-04-18 02:21:43 PM,KXATPCHALLENGERMATCH-26APR19SUNTUL-TUL,27,250,26,250,6,116,5,204,4,823,73,500,74,1000,94,365,95,35,96,543,50.0
2026-04-18 02:21:44 PM,KXATPCHALLENGERMATCH-26APR19SUNTUL-TUL,27,250,26,250,6,116,5,204,4,823,73,500,74,500,94,365,95,35,96,543,50.0
2026-04-18 02:21:44 PM,KXATPCHALLENGERMATCH-26APR19SUNTUL-TUL,27,250,26,250,6,116,5,204,4,823,73,500,94,365,95,35,96,543,97,84,50.0
2026-04-18 02:21:44 PM,KXATPCHALLENGERMATCH-26APR19SUNTUL-TUL,27,250,26,250,6,116,5,204,4,823,72,500,73,500,94,365,95,35,96,543,49.5
2026-04-18 02:21:44 PM,KXATPCHALLENGERMATCH-26APR19SUNTUL-TUL,27,250,26,250,6,116,5,204,4,823,72,500,73,1000,94,365,95,35,96,543,49.5
2026-04-18 02:21:44 PM,KXATPCHALLENGERMATCH-26APR19SUNTUL-TUL,27,250,6,116,5,204,4,823,3,540,72,500,73,1000,94,365,95,35,96,543,49.5
2026-04-18 02:21:44 PM,KXATPCHALLENGERMATCH-26APR19SUNTUL-TUL,28,250,27,250,6,116,5,204,4,823,72,500,73,1000,94,365,95,35,96,543,50.0
2026-04-18 02:21:45 PM,KXATPCHALLENGERMATCH-26APR19SUNTUL-TUL,28,250,27,250,6,116,5,204,4,823,72,500,73,500,94,365,95,35,96,543,50.0
2026-04-18 02:21:45 PM,KXATPCHALLENGERMATCH-26APR19SUNTUL-TUL,28,250,27,250,6,116,5,204,4,823,72,500,94,365,95,35,96,543,97,84,50.0
2026-04-18 02:21:45 PM,KXATPCHALLENGERMATCH-26APR19SUNTUL-TUL,28,250,27,250,6,116,5,204,4,823,71,500,72,500,94,365,95,35,96,543,49.5
2026-04-18 02:21:45 PM,KXATPCHALLENGERMATCH-26APR19SUNTUL-TUL,28,250,27,250,6,116,5,204,4,823,71,500,72,1000,94,365,95,35,96,543,49.5
2026-04-18 02:21:45 PM,KXATPCHALLENGERMATCH-26APR19SUNTUL-TUL,28,250,6,116,5,204,4,823,3,540,71,500,72,1000,94,365,95,35,96,543,49.5
2026-04-18 02:21:45 PM,KXATPCHALLENGERMATCH-26APR19SUNTUL-TUL,29,250,28,250,6,116,5,204,4,823,71,500,72,1000,94,365,95,35,96,543,50.0
2026-04-18 02:21:46 PM,KXATPCHALLENGERMATCH-26APR19SUNTUL-TUL,29,250,28,250,6,116,5,204,4,823,71,500,72,500,94,365,95,35,96,543,50.0
2026-04-18 02:21:46 PM,KXATPCHALLENGERMATCH-26APR19SUNTUL-TUL,29,250,28,250,6,116,5,204,4,823,71,500,94,365,95,35,96,543,97,84,50.0
2026-04-18 02:21:46 PM,KXATPCHALLENGERMATCH-26APR19SUNTUL-TUL,29,250,28,250,6,116,5,204,4,823,70,500,71,500,94,365,95,35,96,543,49.5
2026-04-18 02:21:46 PM,KXATPCHALLENGERMATCH-26APR19SUNTUL-TUL,29,250,28,250,6,116,5,204,4,823,70,500,71,1000,94,365,95,35,96,543,49.5
2026-04-18 02:21:46 PM,KXATPCHALLENGERMATCH-26APR19SUNTUL-TUL,29,250,6,116,5,204,4,823,3,540,70,500,71,1000,94,365,95,35,96,543,49.5
2026-04-18 02:21:46 PM,KXATPCHALLENGERMATCH-26APR19SUNTUL-TUL,30,250,29,250,6,116,5,204,4,823,70,500,71,1000,94,365,95,35,96,543,50.0
2026-04-18 02:21:47 PM,KXATPCHALLENGERMATCH-26APR19SUNTUL-TUL,30,250,29,250,6,116,5,204,4,823,70,500,71,500,94,365,95,35,96,543,50.0
2026-04-18 02:21:47 PM,KXATPCHALLENGERMATCH-26APR19SUNTUL-TUL,30,250,29,250,6,116,5,204,4,823,70,500,94,365,95,35,96,543,97,84,50.0
2026-04-18 02:21:47 PM,KXATPCHALLENGERMATCH-26APR19SUNTUL-TUL,30,250,29,250,6,116,5,204,4,823,69,500,70,500,94,365,95,35,96,543,49.5
2026-04-18 02:21:47 PM,KXATPCHALLENGERMATCH-26APR19SUNTUL-TUL,30,250,29,250,6,116,5,204,4,823,69,500,70,1000,94,365,95,35,96,543,49.5
2026-04-18 02:21:47 PM,KXATPCHALLENGERMATCH-26APR19SUNTUL-TUL,30,250,6,116,5,204,4,823,3,540,69,500,70,1000,94,365,95,35,96,543,49.5
2026-04-18 02:21:48 PM,KXATPCHALLENGERMATCH-26APR19SUNTUL-TUL,31,250,30,250,6,116,5,204,4,823,69,500,70,1000,94,365,95,35,96,543,50.0
2026-04-18 02:21:48 PM,KXATPCHALLENGERMATCH-26APR19SUNTUL-TUL,31,250,30,250,6,116,5,204,4,823,69,500,70,500,94,365,95,35,96,543,50.0
2026-04-18 02:21:48 PM,KXATPCHALLENGERMATCH-26APR19SUNTUL-TUL,31,250,30,250,6,116,5,204,4,823,69,500,94,365,95,35,96,543,97,84,50.0
2026-04-18 02:21:48 PM,KXATPCHALLENGERMATCH-26APR19SUNTUL-TUL,31,250,30,250,6,116,5,204,4,823,68,500,69,500,94,365,95,35,96,543,49.5
2026-04-18 02:21:48 PM,KXATPCHALLENGERMATCH-26APR19SUNTUL-TUL,31,250,30,250,6,116,5,204,4,823,68,500,69,1000,94,365,95,35,96,543,49.5
2026-04-18 02:21:49 PM,KXATPCHALLENGERMATCH-26APR19SUNTUL-TUL,31,250,6,116,5,204,4,823,3,540,68,500,69,1000,94,365,95,35,96,543,49.5
2026-04-18 02:21:49 PM,KXATPCHALLENGERMATCH-26APR19SUNTUL-TUL,32,250,31,250,6,116,5,204,4,823,68,500,69,1000,94,365,95,35,96,543,50.0
2026-04-18 02:21:49 PM,KXATPCHALLENGERMATCH-26APR19SUNTUL-TUL,32,250,31,250,6,116,5,204,4,823,68,500,69,500,94,365,95,35,96,543,50.0
2026-04-18 02:21:49 PM,KXATPCHALLENGERMATCH-26APR19SUNTUL-TUL,32,250,31,250,6,116,5,204,4,823,68,500,94,365,95,35,96,543,97,84,50.0
2026-04-18 02:21:49 PM,KXATPCHALLENGERMATCH-26APR19SUNTUL-TUL,32,250,31,250,6,116,5,204,4,823,67,500,68,500,94,365,95,35,96,543,49.5
2026-04-18 02:21:50 PM,KXATPCHALLENGERMATCH-26APR19SUNTUL-TUL,32,250,31,250,6,116,5,204,4,823,67,500,68,1000,94,365,95,35,96,543,49.5
2026-04-18 02:21:50 PM,KXATPCHALLENGERMATCH-26APR19SUNTUL-TUL,32,250,6,116,5,204,4,823,3,540,67,500,68,1000,94,365,95,35,96,543,49.5
2026-04-18 02:21:50 PM,KXATPCHALLENGERMATCH-26APR19SUNTUL-TUL,33,250,32,250,6,116,5,204,4,823,67,500,68,1000,94,365,95,35,96,543,50.0
2026-04-18 02:21:50 PM,KXATPCHALLENGERMATCH-26APR19SUNTUL-TUL,33,250,32,250,6,116,5,204,4,823,67,500,68,500,94,365,95,35,96,543,50.0
2026-04-18 02:21:50 PM,KXATPCHALLENGERMATCH-26APR19SUNTUL-TUL,33,250,32,250,6,116,5,204,4,823,67,500,94,365,95,35,96,543,97,84,50.0
2026-04-18 02:21:50 PM,KXATPCHALLENGERMATCH-26APR19SUNTUL-TUL,33,250,32,250,6,116,5,204,4,823,66,500,67,500,94,365,95,35,96,543,49.5
2026-04-18 02:21:51 PM,KXATPCHALLENGERMATCH-26APR19SUNTUL-TUL,33,250,32,250,6,116,5,204,4,823,66,500,67,1000,94,365,95,35,96,543,49.5
2026-04-18 02:21:51 PM,KXATPCHALLENGERMATCH-26APR19SUNTUL-TUL,33,250,6,116,5,204,4,823,3,540,66,500,67,1000,94,365,95,35,96,543,49.5
2026-04-18 02:21:51 PM,KXATPCHALLENGERMATCH-26APR19SUNTUL-TUL,34,250,33,250,6,116,5,204,4,823,66,500,67,1000,94,365,95,35,96,543,50.0
2026-04-18 02:21:51 PM,KXATPCHALLENGERMATCH-26APR19SUNTUL-TUL,34,250,33,250,6,116,5,204,4,823,66,500,67,500,94,365,95,35,96,543,50.0
2026-04-18 02:21:51 PM,KXATPCHALLENGERMATCH-26APR19SUNTUL-TUL,34,250,33,250,6,116,5,204,4,823,66,500,94,365,95,35,96,543,97,84,50.0
2026-04-18 02:21:52 PM,KXATPCHALLENGERMATCH-26APR19SUNTUL-TUL,34,250,33,250,6,116,5,204,4,823,65,500,66,500,94,365,95,35,96,543,49.5
2026-04-18 02:21:52 PM,KXATPCHALLENGERMATCH-26APR19SUNTUL-TUL,34,250,33,250,6,116,5,204,4,823,65,500,66,1000,94,365,95,35,96,543,49.5
2026-04-18 02:21:52 PM,KXATPCHALLENGERMATCH-26APR19SUNTUL-TUL,34,250,6,116,5,204,4,823,3,540,65,500,66,1000,94,365,95,35,96,543,49.5
2026-04-18 02:21:52 PM,KXATPCHALLENGERMATCH-26APR19SUNTUL-TUL,35,250,34,250,6,116,5,204,4,823,65,500,66,1000,94,365,95,35,96,543,50.0
2026-04-18 02:21:52 PM,KXATPCHALLENGERMATCH-26APR19SUNTUL-TUL,35,250,34,250,24,8,6,116,5,204,65,500,66,1000,94,365,95,35,96,543,50.0
2026-04-18 02:21:52 PM,KXATPCHALLENGERMATCH-26APR19SUNTUL-TUL,35,250,34,250,24,8,6,116,5,204,65,500,66,1000,76,8,94,365,95,35,50.0
2026-04-18 02:21:53 PM,KXATPCHALLENGERMATCH-26APR19SUNTUL-TUL,35,250,34,250,24,8,6,116,5,204,65,500,66,500,76,8,94,365,95,35,50.0
2026-04-18 02:21:53 PM,KXATPCHALLENGERMATCH-26APR19SUNTUL-TUL,35,250,34,250,24,8,6,116,5,204,65,500,76,8,94,365,95,35,96,543,50.0
2026-04-18 02:21:53 PM,KXATPCHALLENGERMATCH-26APR19SUNTUL-TUL,35,250,34,250,24,8,6,116,5,204,64,500,65,500,76,8,94,365,95,35,49.5
2026-04-18 02:21:53 PM,KXATPCHALLENGERMATCH-26APR19SUNTUL-TUL,35,250,34,250,24,8,6,116,5,204,64,500,65,1000,76,8,94,365,95,35,49.5
2026-04-18 02:21:53 PM,KXATPCHALLENGERMATCH-26APR19SUNTUL-TUL,34,250,24,8,6,116,5,204,4,823,64,500,65,1000,76,8,94,365,95,35,49.0
2026-04-18 02:21:53 PM,KXATPCHALLENGERMATCH-26APR19SUNTUL-TUL,24,8,6,116,5,204,4,823,3,540,64,500,65,1000,76,8,94,365,95,35,44.0
2026-04-18 02:21:53 PM,KXATPCHALLENGERMATCH-26APR19SUNTUL-TUL,26,250,24,8,6,116,5,204,4,823,64,500,65,1000,76,8,94,365,95,35,45.0
2026-04-18 02:21:53 PM,KXATPCHALLENGERMATCH-26APR19SUNTUL-TUL,26,250,25,250,24,8,6,116,5,204,64,500,65,1000,76,8,94,365,95,35,45.0
2026-04-18 02:21:54 PM,KXATPCHALLENGERMATCH-26APR19SUNTUL-TUL,26,250,25,250,24,8,6,116,5,204,64,500,65,500,76,8,94,365,95,35,45.0
2026-04-18 02:21:54 PM,KXATPCHALLENGERMATCH-26APR19SUNTUL-TUL,26,250,25,250,24,8,6,116,5,204,64,500,76,8,94,365,95,35,96,543,45.0
2026-04-18 02:21:54 PM,KXATPCHALLENGERMATCH-26APR19SUNTUL-TUL,26,250,25,250,24,8,6,116,5,204,63,500,64,500,76,8,94,365,95,35,44.5
2026-04-18 02:21:54 PM,KXATPCHALLENGERMATCH-26APR19SUNTUL-TUL,26,250,25,250,24,8,6,116,5,204,63,500,64,1000,76,8,94,365,95,35,44.5
2026-04-18 02:21:54 PM,KXATPCHALLENGERMATCH-26APR19SUNTUL-TUL,26,250,25,250,24,8,6,116,5,204,63,500,64,500,76,8,94,365,95,35,44.5
2026-04-18 02:21:54 PM,KXATPCHALLENGERMATCH-26APR19SUNTUL-TUL,26,250,25,250,24,8,6,116,5,204,63,500,76,8,94,365,95,35,96,543,44.5
2026-04-18 02:21:54 PM,KXATPCHALLENGERMATCH-26APR19SUNTUL-TUL,26,250,25,250,24,8,6,116,5,204,62,500,63,500,76,8,94,365,95,35,44.0
2026-04-18 02:21:54 PM,KXATPCHALLENGERMATCH-26APR19SUNTUL-TUL,26,250,25,250,24,8,6,116,5,204,62,500,63,1000,76,8,94,365,95,35,44.0
2026-04-18 02:21:55 PM,KXATPCHALLENGERMATCH-26APR19SUNTUL-TUL,26,250,24,8,6,116,5,204,4,823,62,500,63,1000,76,8,94,365,95,35,44.0
2026-04-18 02:21:55 PM,KXATPCHALLENGERMATCH-26APR19SUNTUL-TUL,27,250,26,250,24,8,6,116,5,204,62,500,63,1000,76,8,94,365,95,35,44.5
2026-04-18 02:21:55 PM,KXATPCHALLENGERMATCH-26APR19SUNTUL-TUL,27,250,26,250,24,8,6,116,5,204,62,500,63,500,76,8,94,365,95,35,44.5
2026-04-18 02:21:55 PM,KXATPCHALLENGERMATCH-26APR19SUNTUL-TUL,27,250,26,250,24,8,6,116,5,204,62,500,76,8,94,365,95,35,96,543,44.5
2026-04-18 02:21:55 PM,KXATPCHALLENGERMATCH-26APR19SUNTUL-TUL,27,250,26,250,24,8,6,116,5,204,61,500,62,500,76,8,94,365,95,35,44.0
2026-04-18 02:21:56 PM,KXATPCHALLENGERMATCH-26APR19SUNTUL-TUL,27,250,26,250,24,8,6,116,5,204,61,500,62,1000,76,8,94,365,95,35,44.0
2026-04-18 02:21:56 PM,KXATPCHALLENGERMATCH-26APR19SUNTUL-TUL,26,250,24,8,6,116,5,204,4,823,61,500,62,1000,76,8,94,365,95,35,43.5
2026-04-18 02:21:56 PM,KXATPCHALLENGERMATCH-26APR19SUNTUL-TUL,24,8,6,116,5,204,4,823,3,540,61,500,62,1000,76,8,94,365,95,35,42.5
2026-04-18 02:21:56 PM,KXATPCHALLENGERMATCH-26APR19SUNTUL-TUL,25,250,24,8,6,116,5,204,4,823,61,500,62,1000,76,8,94,365,95,35,43.0
2026-04-18 02:21:56 PM,KXATPCHALLENGERMATCH-26APR19SUNTUL-TUL,25,250,24,258,6,116,5,204,4,823,61,500,62,1000,76,8,94,365,95,35,43.0
2026-04-18 02:21:57 PM,KXATPCHALLENGERMATCH-26APR19SUNTUL-TUL,25,250,24,258,6,116,5,204,4,823,61,500,62,500,76,8,94,365,95,35,43.0
2026-04-18 02:21:57 PM,KXATPCHALLENGERMATCH-26APR19SUNTUL-TUL,25,250,24,258,6,116,5,204,4,823,61,500,76,8,94,365,95,35,96,543,43.0
2026-04-18 02:21:57 PM,KXATPCHALLENGERMATCH-26APR19SUNTUL-TUL,25,250,24,258,6,116,5,204,4,823,60,500,61,500,76,8,94,365,95,35,42.5
2026-04-18 02:21:57 PM,KXATPCHALLENGERMATCH-26APR19SUNTUL-TUL,25,250,24,258,6,116,5,204,4,823,60,500,61,1000,76,8,94,365,95,35,42.5
2026-04-18 02:21:57 PM,KXATPCHALLENGERMATCH-26APR19SUNTUL-TUL,25,250,24,258,6,116,5,204,4,823,60,500,61,500,76,8,94,365,95,35,42.5
2026-04-18 02:21:57 PM,KXATPCHALLENGERMATCH-26APR19SUNTUL-TUL,25,250,24,258,6,116,5,204,4,823,60,500,76,8,94,365,95,35,96,543,42.5
2026-04-18 02:21:57 PM,KXATPCHALLENGERMATCH-26APR19SUNTUL-TUL,25,250,24,258,6,116,5,204,4,823,59,500,60,500,76,8,94,365,95,35,42.0
2026-04-18 02:21:57 PM,KXATPCHALLENGERMATCH-26APR19SUNTUL-TUL,25,250,24,258,6,116,5,204,4,823,59,500,60,1000,76,8,94,365,95,35,42.0
2026-04-18 02:21:57 PM,KXATPCHALLENGERMATCH-26APR19SUNTUL-TUL,25,250,24,8,6,116,5,204,4,823,59,500,60,1000,76,8,94,365,95,35,42.0
2026-04-18 02:21:57 PM,KXATPCHALLENGERMATCH-26APR19SUNTUL-TUL,26,250,25,250,24,8,6,116,5,204,59,500,60,1000,76,8,94,365,95,35,42.5
2026-04-18 02:21:58 PM,KXATPCHALLENGERMATCH-26APR19SUNTUL-TUL,25,250,24,8,6,116,5,204,4,823,59,500,60,1000,76,8,94,365,95,35,42.0
2026-04-18 02:21:58 PM,KXATPCHALLENGERMATCH-26APR19SUNTUL-TUL,25,250,24,258,6,116,5,204,4,823,59,500,60,1000,76,8,94,365,95,35,42.0
2026-04-18 02:21:59 PM,KXATPCHALLENGERMATCH-26APR19SUNTUL-TUL,25,250,24,8,6,116,5,204,4,823,59,500,60,1000,76,8,94,365,95,35,42.0
2026-04-18 02:21:59 PM,KXATPCHALLENGERMATCH-26APR19SUNTUL-TUL,26,250,25,250,24,8,6,116,5,204,59,500,60,1000,76,8,94,365,95,35,42.5
2026-04-18 02:21:59 PM,KXATPCHALLENGERMATCH-26APR19SUNTUL-TUL,26,250,24,8,6,116,5,204,4,823,59,500,60,1000,76,8,94,365,95,35,42.5
2026-04-18 02:22:00 PM,KXATPCHALLENGERMATCH-26APR19SUNTUL-TUL,27,250,26,250,24,8,6,116,5,204,59,500,60,1000,76,8,94,365,95,35,43.0
2026-04-18 02:22:00 PM,KXATPCHALLENGERMATCH-26APR19SUNTUL-TUL,27,250,24,8,6,116,5,204,4,823,59,500,60,1000,76,8,94,365,95,35,43.0
2026-04-18 02:22:00 PM,KXATPCHALLENGERMATCH-26APR19SUNTUL-TUL,28,250,27,250,24,8,6,116,5,204,59,500,60,1000,76,8,94,365,95,35,43.5
2026-04-18 02:22:01 PM,KXATPCHALLENGERMATCH-26APR19SUNTUL-TUL,28,250,24,8,6,116,5,204,4,823,59,500,60,1000,76,8,94,365,95,35,43.5
2026-04-18 02:22:01 PM,KXATPCHALLENGERMATCH-26APR19SUNTUL-TUL,29,250,28,250,24,8,6,116,5,204,59,500,60,1000,76,8,94,365,95,35,44.0
2026-04-18 02:22:01 PM,KXATPCHALLENGERMATCH-26APR19SUNTUL-TUL,29,250,24,8,6,116,5,204,4,823,59,500,60,1000,76,8,94,365,95,35,44.0
2026-04-18 02:22:01 PM,KXATPCHALLENGERMATCH-26APR19SUNTUL-TUL,30,250,29,250,24,8,6,116,5,204,59,500,60,1000,76,8,94,365,95,35,44.5
2026-04-18 02:22:02 PM,KXATPCHALLENGERMATCH-26APR19SUNTUL-TUL,30,250,24,8,6,116,5,204,4,823,59,500,60,1000,76,8,94,365,95,35,44.5
2026-04-18 02:22:02 PM,KXATPCHALLENGERMATCH-26APR19SUNTUL-TUL,31,250,30,250,24,8,6,116,5,204,59,500,60,1000,76,8,94,365,95,35,45.0
2026-04-18 02:22:02 PM,KXATPCHALLENGERMATCH-26APR19SUNTUL-TUL,31,250,24,8,6,116,5,204,4,823,59,500,60,1000,76,8,94,365,95,35,45.0
2026-04-18 02:22:02 PM,KXATPCHALLENGERMATCH-26APR19SUNTUL-TUL,32,250,31,250,24,8,6,116,5,204,59,500,60,1000,76,8,94,365,95,35,45.5
2026-04-18 02:22:03 PM,KXATPCHALLENGERMATCH-26APR19SUNTUL-TUL,32,250,24,8,6,116,5,204,4,823,59,500,60,1000,76,8,94,365,95,35,45.5
2026-04-18 02:22:03 PM,KXATPCHALLENGERMATCH-26APR19SUNTUL-TUL,33,250,32,250,24,8,6,116,5,204,59,500,60,1000,76,8,94,365,95,35,46.0
2026-04-18 02:22:03 PM,KXATPCHALLENGERMATCH-26APR19SUNTUL-TUL,33,250,24,8,6,116,5,204,4,823,59,500,60,1000,76,8,94,365,95,35,46.0
2026-04-18 02:22:03 PM,KXATPCHALLENGERMATCH-26APR19SUNTUL-TUL,34,250,33,250,24,8,6,116,5,204,59,500,60,1000,76,8,94,365,95,35,46.5
2026-04-18 02:22:04 PM,KXATPCHALLENGERMATCH-26APR19SUNTUL-TUL,34,250,24,8,6,116,5,204,4,823,59,500,60,1000,76,8,94,365,95,35,46.5
2026-04-18 02:22:04 PM,KXATPCHALLENGERMATCH-26APR19SUNTUL-TUL,35,250,34,250,24,8,6,116,5,204,59,500,60,1000,76,8,94,365,95,35,47.0
2026-04-18 02:22:04 PM,KXATPCHALLENGERMATCH-26APR19SUNTUL-TUL,35,250,24,8,6,116,5,204,4,823,59,500,60,1000,76,8,94,365,95,35,47.0
2026-04-18 02:22:04 PM,KXATPCHALLENGERMATCH-26APR19SUNTUL-TUL,36,250,35,250,24,8,6,116,5,204,59,500,60,1000,76,8,94,365,95,35,47.5
2026-04-18 02:22:05 PM,KXATPCHALLENGERMATCH-26APR19SUNTUL-TUL,36,250,24,8,6,116,5,204,4,823,59,500,60,1000,76,8,94,365,95,35,47.5
2026-04-18 02:22:05 PM,KXATPCHALLENGERMATCH-26APR19SUNTUL-TUL,37,250,36,250,24,8,6,116,5,204,59,500,60,1000,76,8,94,365,95,35,48.0
2026-04-18 02:22:05 PM,KXATPCHALLENGERMATCH-26APR19SUNTUL-TUL,37,250,24,8,6,116,5,204,4,823,59,500,60,1000,76,8,94,365,95,35,48.0
2026-04-18 02:22:06 PM,KXATPCHALLENGERMATCH-26APR19SUNTUL-TUL,38,250,37,250,24,8,6,116,5,204,59,500,60,1000,76,8,94,365,95,35,48.5
2026-04-18 02:22:06 PM,KXATPCHALLENGERMATCH-26APR19SUNTUL-TUL,38,250,24,8,6,116,5,204,4,823,59,500,60,1000,76,8,94,365,95,35,48.5
2026-04-18 02:22:06 PM,KXATPCHALLENGERMATCH-26APR19SUNTUL-TUL,39,250,38,250,24,8,6,116,5,204,59,500,60,1000,76,8,94,365,95,35,49.0
2026-04-18 02:22:07 PM,KXATPCHALLENGERMATCH-26APR19SUNTUL-TUL,39,250,24,8,6,116,5,204,4,823,59,500,60,1000,76,8,94,365,95,35,49.0
2026-04-18 02:22:07 PM,KXATPCHALLENGERMATCH-26APR19SUNTUL-TUL,40,250,39,250,24,8,6,116,5,204,59,500,60,1000,76,8,94,365,95,35,49.5
2026-04-18 02:22:07 PM,KXATPCHALLENGERMATCH-26APR19SUNTUL-TUL,40,250,24,8,6,116,5,204,4,823,59,500,60,1000,76,8,94,365,95,35,49.5
2026-04-18 02:22:07 PM,KXATPCHALLENGERMATCH-26APR19SUNTUL-TUL,41,250,40,250,24,8,6,116,5,204,59,500,60,1000,76,8,94,365,95,35,50.0
2026-04-18 02:22:35 PM,KXATPCHALLENGERMATCH-26APR19SUNTUL-TUL,41,250,40,250,24,8,6,116,5,204,59,501,60,1000,76,8,94,365,95,35,50.0
2026-04-18 02:22:35 PM,KXATPCHALLENGERMATCH-26APR19SUNTUL-TUL,41,250,40,250,24,8,6,116,5,204,59,500,60,1000,76,8,94,365,95,35,50.0
2026-04-18 02:22:36 PM,KXATPCHALLENGERMATCH-26APR19SUNTUL-TUL,41,1,40,250,24,8,6,116,5,204,59,500,60,1000,76,8,94,365,95,35,50.0
2026-04-18 02:22:36 PM,KXATPCHALLENGERMATCH-26APR19SUNTUL-TUL,41,1,40,250,39,250,24,8,6,116,59,500,60,1000,76,8,94,365,95,35,50.0
2026-04-18 02:22:38 PM,KXATPCHALLENGERMATCH-26APR19SUNTUL-TUL,41,1,40,250,39,250,24,8,6,116,59,1,60,1000,76,8,94,365,95,35,50.0
2026-04-18 02:22:38 PM,KXATPCHALLENGERMATCH-26APR19SUNTUL-TUL,41,1,40,250,39,250,24,8,6,116,60,1000,76,8,94,365,95,35,96,543,50.5
2026-04-18 02:22:38 PM,KXATPCHALLENGERMATCH-26APR19SUNTUL-TUL,41,1,40,250,39,250,24,8,6,116,60,500,76,8,94,365,95,35,96,543,50.5
2026-04-18 02:22:38 PM,KXATPCHALLENGERMATCH-26APR19SUNTUL-TUL,41,1,40,250,39,250,24,8,6,116,76,8,94,365,95,35,96,543,97,84,58.5
2026-04-18 02:22:38 PM,KXATPCHALLENGERMATCH-26APR19SUNTUL-TUL,41,1,40,250,39,250,24,8,6,116,61,500,76,8,94,365,95,35,96,543,51.0
2026-04-18 02:22:38 PM,KXATPCHALLENGERMATCH-26APR19SUNTUL-TUL,41,1,40,250,39,250,24,8,6,116,61,500,62,1000,76,8,94,365,95,35,51.0
2026-04-18 02:22:38 PM,KXATPCHALLENGERMATCH-26APR19SUNTUL-TUL,41,1,40,1,39,250,24,8,6,116,61,500,62,1000,76,8,94,365,95,35,51.0
2026-04-18 02:22:38 PM,KXATPCHALLENGERMATCH-26APR19SUNTUL-TUL,41,1,40,1,24,8,6,116,5,204,61,500,62,1000,76,8,94,365,95,35,51.0
2026-04-18 02:22:38 PM,KXATPCHALLENGERMATCH-26APR19SUNTUL-TUL,42,250,41,1,40,1,24,8,6,116,61,500,62,1000,76,8,94,365,95,35,51.5
2026-04-18 02:22:38 PM,KXATPCHALLENGERMATCH-26APR19SUNTUL-TUL,42,250,41,251,40,1,24,8,6,116,61,500,62,1000,76,8,94,365,95,35,51.5
2026-04-18 02:22:39 PM,KXATPCHALLENGERMATCH-26APR19SUNTUL-TUL,42,250,41,251,40,1,24,8,6,116,62,1000,76,8,94,365,95,35,96,543,52.0
2026-04-18 02:22:39 PM,KXATPCHALLENGERMATCH-26APR19SUNTUL-TUL,42,250,41,251,40,1,24,8,6,116,76,8,94,365,95,35,96,543,97,84,59.0
2026-04-18 02:22:39 PM,KXATPCHALLENGERMATCH-26APR19SUNTUL-TUL,42,250,41,251,40,1,24,8,6,116,59,500,76,8,94,365,95,35,96,543,50.5
2026-04-18 02:22:39 PM,KXATPCHALLENGERMATCH-26APR19SUNTUL-TUL,42,250,41,251,40,1,24,8,6,116,59,500,60,1000,76,8,94,365,95,35,50.5
2026-04-18 02:22:40 PM,KXATPCHALLENGERMATCH-26APR19SUNTUL-TUL,41,251,40,1,24,8,6,116,5,204,59,500,60,1000,76,8,94,365,95,35,50.0
2026-04-18 02:22:40 PM,KXATPCHALLENGERMATCH-26APR19SUNTUL-TUL,41,1,40,1,24,8,6,116,5,204,59,500,60,1000,76,8,94,365,95,35,50.0
2026-04-18 02:22:40 PM,KXATPCHALLENGERMATCH-26APR19SUNTUL-TUL,41,1,40,1,25,250,24,8,6,116,59,500,60,1000,76,8,94,365,95,35,50.0
2026-04-18 02:22:40 PM,KXATPCHALLENGERMATCH-26APR19SUNTUL-TUL,41,1,40,1,25,250,24,258,6,116,59,500,60,1000,76,8,94,365,95,35,50.0
2026-04-18 02:22:41 PM,KXATPCHALLENGERMATCH-26APR19SUNTUL-TUL,41,1,40,1,25,250,24,8,6,116,59,500,60,1000,76,8,94,365,95,35,50.0
2026-04-18 02:22:41 PM,KXATPCHALLENGERMATCH-26APR19SUNTUL-TUL,41,1,40,1,26,250,25,250,24,8,59,500,60,1000,76,8,94,365,95,35,50.0
2026-04-18 02:22:41 PM,KXATPCHALLENGERMATCH-26APR19SUNTUL-TUL,41,1,40,1,26,250,24,8,6,116,59,500,60,1000,76,8,94,365,95,35,50.0
2026-04-18 02:22:41 PM,KXATPCHALLENGERMATCH-26APR19SUNTUL-TUL,41,1,40,1,27,250,26,250,24,8,59,500,60,1000,76,8,94,365,95,35,50.0
2026-04-18 02:22:42 PM,KXATPCHALLENGERMATCH-26APR19SUNTUL-TUL,41,1,40,1,27,250,24,8,6,116,59,500,60,1000,76,8,94,365,95,35,50.0
2026-04-18 02:22:42 PM,KXATPCHALLENGERMATCH-26APR19SUNTUL-TUL,41,1,40,1,28,250,27,250,24,8,59,500,60,1000,76,8,94,365,95,35,50.0
2026-04-18 02:22:42 PM,KXATPCHALLENGERMATCH-26APR19SUNTUL-TUL,41,1,40,1,28,250,24,8,6,116,59,500,60,1000,76,8,94,365,95,35,50.0
2026-04-18 02:22:43 PM,KXATPCHALLENGERMATCH-26APR19SUNTUL-TUL,41,1,40,1,29,250,28,250,24,8,59,500,60,1000,76,8,94,365,95,35,50.0
2026-04-18 02:22:43 PM,KXATPCHALLENGERMATCH-26APR19SUNTUL-TUL,41,1,40,1,29,250,24,8,6,116,59,500,60,1000,76,8,94,365,95,35,50.0
2026-04-18 02:22:43 PM,KXATPCHALLENGERMATCH-26APR19SUNTUL-TUL,41,1,40,1,30,250,29,250,24,8,59,500,60,1000,76,8,94,365,95,35,50.0
2026-04-18 02:22:44 PM,KXATPCHALLENGERMATCH-26APR19SUNTUL-TUL,41,1,40,1,30,250,24,8,6,116,59,500,60,1000,76,8,94,365,95,35,50.0
2026-04-18 02:22:44 PM,KXATPCHALLENGERMATCH-26APR19SUNTUL-TUL,41,1,40,1,31,250,30,250,24,8,59,500,60,1000,76,8,94,365,95,35,50.0
2026-04-18 02:22:44 PM,KXATPCHALLENGERMATCH-26APR19SUNTUL-TUL,41,1,40,1,31,250,24,8,6,116,59,500,60,1000,76,8,94,365,95,35,50.0
2026-04-18 02:22:44 PM,KXATPCHALLENGERMATCH-26APR19SUNTUL-TUL,41,1,40,1,32,250,31,250,24,8,59,500,60,1000,76,8,94,365,95,35,50.0
2026-04-18 02:22:45 PM,KXATPCHALLENGERMATCH-26APR19SUNTUL-TUL,41,1,40,1,32,250,24,8,6,116,59,500,60,1000,76,8,94,365,95,35,50.0
2026-04-18 02:22:45 PM,KXATPCHALLENGERMATCH-26APR19SUNTUL-TUL,41,1,40,1,33,250,32,250,24,8,59,500,60,1000,76,8,94,365,95,35,50.0
2026-04-18 02:22:45 PM,KXATPCHALLENGERMATCH-26APR19SUNTUL-TUL,41,1,40,1,33,250,24,8,6,116,59,500,60,1000,76,8,94,365,95,35,50.0
2026-04-18 02:22:45 PM,KXATPCHALLENGERMATCH-26APR19SUNTUL-TUL,41,1,40,1,34,250,33,250,24,8,59,500,60,1000,76,8,94,365,95,35,50.0
2026-04-18 02:22:46 PM,KXATPCHALLENGERMATCH-26APR19SUNTUL-TUL,41,1,40,1,34,250,24,8,6,116,59,500,60,1000,76,8,94,365,95,35,50.0
2026-04-18 02:22:46 PM,KXATPCHALLENGERMATCH-26APR19SUNTUL-TUL,41,1,40,1,35,250,34,250,24,8,59,500,60,1000,76,8,94,365,95,35,50.0
2026-04-18 02:22:46 PM,KXATPCHALLENGERMATCH-26APR19SUNTUL-TUL,41,1,40,1,35,250,24,8,6,116,59,500,60,1000,76,8,94,365,95,35,50.0
2026-04-18 02:22:46 PM,KXATPCHALLENGERMATCH-26APR19SUNTUL-TUL,41,1,40,1,36,250,35,250,24,8,59,500,60,1000,76,8,94,365,95,35,50.0
2026-04-18 02:22:47 PM,KXATPCHALLENGERMATCH-26APR19SUNTUL-TUL,41,1,40,1,36,250,24,8,6,116,59,500,60,1000,76,8,94,365,95,35,50.0
2026-04-18 02:22:47 PM,KXATPCHALLENGERMATCH-26APR19SUNTUL-TUL,41,1,40,1,37,250,36,250,24,8,59,500,60,1000,76,8,94,365,95,35,50.0
2026-04-18 02:22:47 PM,KXATPCHALLENGERMATCH-26APR19SUNTUL-TUL,41,1,40,1,37,250,24,8,6,116,59,500,60,1000,76,8,94,365,95,35,50.0
2026-04-18 02:22:47 PM,KXATPCHALLENGERMATCH-26APR19SUNTUL-TUL,41,1,40,1,38,250,37,250,24,8,59,500,60,1000,76,8,94,365,95,35,50.0
2026-04-18 02:22:48 PM,KXATPCHALLENGERMATCH-26APR19SUNTUL-TUL,41,1,40,1,38,250,24,8,6,116,59,500,60,1000,76,8,94,365,95,35,50.0
2026-04-18 02:22:48 PM,KXATPCHALLENGERMATCH-26APR19SUNTUL-TUL,41,1,40,1,39,250,38,250,24,8,59,500,60,1000,76,8,94,365,95,35,50.0
2026-04-18 02:22:48 PM,KXATPCHALLENGERMATCH-26APR19SUNTUL-TUL,41,1,40,1,39,250,24,8,6,116,59,500,60,1000,76,8,94,365,95,35,50.0
2026-04-18 02:22:49 PM,KXATPCHALLENGERMATCH-26APR19SUNTUL-TUL,41,1,40,251,39,250,24,8,6,116,59,500,60,1000,76,8,94,365,95,35,50.0
2026-04-18 02:22:49 PM,KXATPCHALLENGERMATCH-26APR19SUNTUL-TUL,41,1,40,251,24,8,6,116,5,204,59,500,60,1000,76,8,94,365,95,35,50.0
2026-04-18 02:22:49 PM,KXATPCHALLENGERMATCH-26APR19SUNTUL-TUL,41,251,40,251,24,8,6,116,5,204,59,500,60,1000,76,8,94,365,95,35,50.0
2026-04-18 02:22:53 PM,KXATPCHALLENGERMATCH-26APR19SUNTUL-TUL,44,800,41,251,40,251,24,8,6,116,59,500,60,1000,76,8,94,365,95,35,51.5
2026-04-18 02:22:53 PM,KXATPCHALLENGERMATCH-26APR19SUNTUL-TUL,45,800,44,800,41,251,40,251,24,8,59,500,60,1000,76,8,94,365,95,35,52.0
2026-04-18 02:22:53 PM,KXATPCHALLENGERMATCH-26APR19SUNTUL-TUL,47,800,45,800,44,800,41,251,40,251,59,500,60,1000,76,8,94,365,95,35,53.0
2026-04-18 02:22:53 PM,KXATPCHALLENGERMATCH-26APR19SUNTUL-TUL,47,800,45,800,44,800,41,251,40,251,59,500,60,1800,76,8,94,365,95,35,53.0
2026-04-18 02:22:53 PM,KXATPCHALLENGERMATCH-26APR19SUNTUL-TUL,47,800,45,800,44,800,41,251,40,251,59,500,60,1800,63,800,76,8,94,365,53.0
2026-04-18 02:22:53 PM,KXATPCHALLENGERMATCH-26APR19SUNTUL-TUL,47,800,45,800,44,800,41,251,40,251,59,500,60,1800,62,800,63,800,76,8,53.0
2026-04-18 02:22:53 PM,KXATPCHALLENGERMATCH-26APR19SUNTUL-TUL,47,800,45,800,44,800,41,251,40,1,59,500,60,1800,62,800,63,800,76,8,53.0
2026-04-18 02:22:53 PM,KXATPCHALLENGERMATCH-26APR19SUNTUL-TUL,47,800,45,800,44,800,42,250,41,251,59,500,60,1800,62,800,63,800,76,8,53.0
2026-04-18 02:22:53 PM,KXATPCHALLENGERMATCH-26APR19SUNTUL-TUL,47,800,45,800,44,800,41,251,40,1,59,500,60,1800,62,800,63,800,76,8,53.0
2026-04-18 02:22:53 PM,KXATPCHALLENGERMATCH-26APR19SUNTUL-TUL,47,800,45,800,44,800,41,1,40,1,59,500,60,1800,62,800,63,800,76,8,53.0
2026-04-18 02:22:53 PM,KXATPCHALLENGERMATCH-26APR19SUNTUL-TUL,48,250,47,800,45,800,44,800,41,1,59,500,60,1800,62,800,63,800,76,8,53.5
2026-04-18 02:22:53 PM,KXATPCHALLENGERMATCH-26APR19SUNTUL-TUL,48,250,47,1050,45,800,44,800,41,1,59,500,60,1800,62,800,63,800,76,8,53.5
2026-04-18 02:22:54 PM,KXATPCHALLENGERMATCH-26APR19SUNTUL-TUL,48,250,47,800,45,800,44,800,41,1,59,500,60,1800,62,800,63,800,76,8,53.5
2026-04-18 02:22:54 PM,KXATPCHALLENGERMATCH-26APR19SUNTUL-TUL,49,250,48,250,47,800,45,800,44,800,59,500,60,1800,62,800,63,800,76,8,54.0
2026-04-18 02:22:54 PM,KXATPCHALLENGERMATCH-26APR19SUNTUL-TUL,49,250,47,800,45,800,44,800,41,1,59,500,60,1800,62,800,63,800,76,8,54.0
2026-04-18 02:22:55 PM,KXATPCHALLENGERMATCH-26APR19SUNTUL-TUL,50,250,49,250,47,800,45,800,44,800,59,500,60,1800,62,800,63,800,76,8,54.5
2026-04-18 02:22:55 PM,KXATPCHALLENGERMATCH-26APR19SUNTUL-TUL,50,250,47,800,45,800,44,800,41,1,59,500,60,1800,62,800,63,800,76,8,54.5
2026-04-18 02:22:55 PM,KXATPCHALLENGERMATCH-26APR19SUNTUL-TUL,51,250,50,250,47,800,45,800,44,800,59,500,60,1800,62,800,63,800,76,8,55.0
2026-04-18 02:22:56 PM,KXATPCHALLENGERMATCH-26APR19SUNTUL-TUL,51,250,47,800,45,800,44,800,41,1,59,500,60,1800,62,800,63,800,76,8,55.0
2026-04-18 02:22:56 PM,KXATPCHALLENGERMATCH-26APR19SUNTUL-TUL,52,250,51,250,47,800,45,800,44,800,59,500,60,1800,62,800,63,800,76,8,55.5
2026-04-18 02:22:56 PM,KXATPCHALLENGERMATCH-26APR19SUNTUL-TUL,52,250,47,800,45,800,44,800,41,1,59,500,60,1800,62,800,63,800,76,8,55.5
2026-04-18 02:22:56 PM,KXATPCHALLENGERMATCH-26APR19SUNTUL-TUL,53,250,52,250,47,800,45,800,44,800,59,500,60,1800,62,800,63,800,76,8,56.0
2026-04-18 02:27:53 PM,KXATPCHALLENGERMATCH-26APR19SUNTUL-TUL,53,250,52,250,45,800,44,800,41,1,59,500,60,1800,62,800,63,800,76,8,56.0
2026-04-18 02:27:53 PM,KXATPCHALLENGERMATCH-26APR19SUNTUL-TUL,53,250,52,250,44,800,41,1,40,1,59,500,60,1800,62,800,63,800,76,8,56.0
2026-04-18 02:27:53 PM,KXATPCHALLENGERMATCH-26APR19SUNTUL-TUL,53,250,52,250,41,1,40,1,24,8,59,500,60,1800,62,800,63,800,76,8,56.0
2026-04-18 02:27:53 PM,KXATPCHALLENGERMATCH-26APR19SUNTUL-TUL,53,1050,52,250,41,1,40,1,24,8,59,500,60,1800,62,800,63,800,76,8,56.0
2026-04-18 02:27:53 PM,KXATPCHALLENGERMATCH-26APR19SUNTUL-TUL,53,1050,52,1050,41,1,40,1,24,8,59,500,60,1800,62,800,63,800,76,8,56.0
2026-04-18 02:27:53 PM,KXATPCHALLENGERMATCH-26APR19SUNTUL-TUL,54,800,53,1050,52,1050,41,1,40,1,59,500,60,1800,62,800,63,800,76,8,56.5
2026-04-18 02:27:53 PM,KXATPCHALLENGERMATCH-26APR19SUNTUL-TUL,54,800,53,800,52,1050,41,1,40,1,59,500,60,1800,62,800,63,800,76,8,56.5
2026-04-18 02:27:53 PM,KXATPCHALLENGERMATCH-26APR19SUNTUL-TUL,54,800,53,800,52,800,41,1,40,1,59,500,60,1800,62,800,63,800,76,8,56.5
2026-04-18 02:27:53 PM,KXATPCHALLENGERMATCH-26APR19SUNTUL-TUL,55,250,54,800,53,800,52,800,41,1,59,500,60,1800,62,800,63,800,76,8,57.0
2026-04-18 02:27:53 PM,KXATPCHALLENGERMATCH-26APR19SUNTUL-TUL,55,250,54,1050,53,800,52,800,41,1,59,500,60,1800,62,800,63,800,76,8,57.0
2026-04-18 02:27:53 PM,KXATPCHALLENGERMATCH-26APR19SUNTUL-TUL,55,250,54,800,53,800,52,800,41,1,59,500,60,1800,62,800,63,800,76,8,57.0
2026-04-18 02:27:53 PM,KXATPCHALLENGERMATCH-26APR19SUNTUL-TUL,56,250,55,250,54,800,53,800,52,800,59,500,60,1800,62,800,63,800,76,8,57.5
2026-04-18 02:27:53 PM,KXATPCHALLENGERMATCH-26APR19SUNTUL-TUL,55,250,54,800,53,800,52,800,41,1,59,500,60,1800,62,800,63,800,76,8,57.0
2026-04-18 02:27:53 PM,KXATPCHALLENGERMATCH-26APR19SUNTUL-TUL,55,250,54,1050,53,800,52,800,41,1,59,500,60,1800,62,800,63,800,76,8,57.0
2026-04-18 02:27:54 PM,KXATPCHALLENGERMATCH-26APR19SUNTUL-TUL,55,250,54,800,53,800,52,800,41,1,59,500,60,1800,62,800,63,800,76,8,57.0
2026-04-18 02:27:54 PM,KXATPCHALLENGERMATCH-26APR19SUNTUL-TUL,56,250,55,250,54,800,53,800,52,800,59,500,60,1800,62,800,63,800,76,8,57.5
2026-04-18 02:27:54 PM,KXATPCHALLENGERMATCH-26APR19SUNTUL-TUL,55,250,54,800,53,800,52,800,41,1,59,500,60,1800,62,800,63,800,76,8,57.0
2026-04-18 02:27:54 PM,KXATPCHALLENGERMATCH-26APR19SUNTUL-TUL,55,250,54,1050,53,800,52,800,41,1,59,500,60,1800,62,800,63,800,76,8,57.0
2026-04-18 02:27:54 PM,KXATPCHALLENGERMATCH-26APR19SUNTUL-TUL,55,250,54,800,53,800,52,800,41,1,59,500,60,1800,62,800,63,800,76,8,57.0
2026-04-18 02:27:54 PM,KXATPCHALLENGERMATCH-26APR19SUNTUL-TUL,56,250,55,250,54,800,53,800,52,800,59,500,60,1800,62,800,63,800,76,8,57.5
2026-04-18 02:27:55 PM,KXATPCHALLENGERMATCH-26APR19SUNTUL-TUL,55,250,54,800,53,800,52,800,41,1,59,500,60,1800,62,800,63,800,76,8,57.0
2026-04-18 02:27:55 PM,KXATPCHALLENGERMATCH-26APR19SUNTUL-TUL,55,250,54,1050,53,800,52,800,41,1,59,500,60,1800,62,800,63,800,76,8,57.0
2026-04-18 02:27:55 PM,KXATPCHALLENGERMATCH-26APR19SUNTUL-TUL,55,250,54,800,53,800,52,800,41,1,59,500,60,1800,62,800,63,800,76,8,57.0
2026-04-18 02:27:55 PM,KXATPCHALLENGERMATCH-26APR19SUNTUL-TUL,56,250,55,250,54,800,53,800,52,800,59,500,60,1800,62,800,63,800,76,8,57.5
2026-04-18 02:27:55 PM,KXATPCHALLENGERMATCH-26APR19SUNTUL-TUL,55,250,54,800,53,800,52,800,41,1,59,500,60,1800,62,800,63,800,76,8,57.0
2026-04-18 02:27:55 PM,KXATPCHALLENGERMATCH-26APR19SUNTUL-TUL,55,250,54,1050,53,800,52,800,41,1,59,500,60,1800,62,800,63,800,76,8,57.0
2026-04-18 02:27:55 PM,KXATPCHALLENGERMATCH-26APR19SUNTUL-TUL,55,250,54,800,53,800,52,800,41,1,59,500,60,1800,62,800,63,800,76,8,57.0
2026-04-18 02:27:55 PM,KXATPCHALLENGERMATCH-26APR19SUNTUL-TUL,56,250,55,250,54,800,53,800,52,800,59,500,60,1800,62,800,63,800,76,8,57.5
2026-04-18 02:27:56 PM,KXATPCHALLENGERMATCH-26APR19SUNTUL-TUL,55,250,54,800,53,800,52,800,41,1,59,500,60,1800,62,800,63,800,76,8,57.0
2026-04-18 02:27:56 PM,KXATPCHALLENGERMATCH-26APR19SUNTUL-TUL,55,250,54,1050,53,800,52,800,41,1,59,500,60,1800,62,800,63,800,76,8,57.0
2026-04-18 02:27:56 PM,KXATPCHALLENGERMATCH-26APR19SUNTUL-TUL,55,250,54,800,53,800,52,800,41,1,59,500,60,1800,62,800,63,800,76,8,57.0
2026-04-18 02:27:56 PM,KXATPCHALLENGERMATCH-26APR19SUNTUL-TUL,56,250,55,250,54,800,53,800,52,800,59,500,60,1800,62,800,63,800,76,8,57.5
2026-04-18 02:27:56 PM,KXATPCHALLENGERMATCH-26APR19SUNTUL-TUL,55,250,54,800,53,800,52,800,41,1,59,500,60,1800,62,800,63,800,76,8,57.0
2026-04-18 02:27:56 PM,KXATPCHALLENGERMATCH-26APR19SUNTUL-TUL,55,250,54,1050,53,800,52,800,41,1,59,500,60,1800,62,800,63,800,76,8,57.0
2026-04-18 02:27:57 PM,KXATPCHALLENGERMATCH-26APR19SUNTUL-TUL,55,250,54,800,53,800,52,800,41,1,59,500,60,1800,62,800,63,800,76,8,57.0
2026-04-18 02:27:57 PM,KXATPCHALLENGERMATCH-26APR19SUNTUL-TUL,56,250,55,250,54,800,53,800,52,800,59,500,60,1800,62,800,63,800,76,8,57.5
2026-04-18 02:27:57 PM,KXATPCHALLENGERMATCH-26APR19SUNTUL-TUL,55,250,54,800,53,800,52,800,41,1,59,500,60,1800,62,800,63,800,76,8,57.0
2026-04-18 02:27:57 PM,KXATPCHALLENGERMATCH-26APR19SUNTUL-TUL,55,250,54,1050,53,800,52,800,41,1,59,500,60,1800,62,800,63,800,76,8,57.0
2026-04-18 02:27:57 PM,KXATPCHALLENGERMATCH-26APR19SUNTUL-TUL,55,250,54,800,53,800,52,800,41,1,59,500,60,1800,62,800,63,800,76,8,57.0
2026-04-18 02:27:57 PM,KXATPCHALLENGERMATCH-26APR19SUNTUL-TUL,56,250,55,250,54,800,53,800,52,800,59,500,60,1800,62,800,63,800,76,8,57.5
2026-04-18 02:27:57 PM,KXATPCHALLENGERMATCH-26APR19SUNTUL-TUL,55,250,54,800,53,800,52,800,41,1,59,500,60,1800,62,800,63,800,76,8,57.0
2026-04-18 02:27:57 PM,KXATPCHALLENGERMATCH-26APR19SUNTUL-TUL,55,250,54,1050,53,800,52,800,41,1,59,500,60,1800,62,800,63,800,76,8,57.0
2026-04-18 02:27:58 PM,KXATPCHALLENGERMATCH-26APR19SUNTUL-TUL,55,250,54,800,53,800,52,800,41,1,59,500,60,1800,62,800,63,800,76,8,57.0
2026-04-18 02:27:58 PM,KXATPCHALLENGERMATCH-26APR19SUNTUL-TUL,56,250,55,250,54,800,53,800,52,800,59,500,60,1800,62,800,63,800,76,8,57.5
2026-04-18 02:27:58 PM,KXATPCHALLENGERMATCH-26APR19SUNTUL-TUL,55,250,54,800,53,800,52,800,41,1,59,500,60,1800,62,800,63,800,76,8,57.0
2026-04-18 02:27:58 PM,KXATPCHALLENGERMATCH-26APR19SUNTUL-TUL,55,250,54,1050,53,800,52,800,41,1,59,500,60,1800,62,800,63,800,76,8,57.0
2026-04-18 02:27:58 PM,KXATPCHALLENGERMATCH-26APR19SUNTUL-TUL,55,250,54,800,53,800,52,800,41,1,59,500,60,1800,62,800,63,800,76,8,57.0
2026-04-18 02:27:58 PM,KXATPCHALLENGERMATCH-26APR19SUNTUL-TUL,56,250,55,250,54,800,53,800,52,800,59,500,60,1800,62,800,63,800,76,8,57.5
2026-04-18 02:27:58 PM,KXATPCHALLENGERMATCH-26APR19SUNTUL-TUL,55,250,54,800,53,800,52,800,41,1,59,500,60,1800,62,800,63,800,76,8,57.0
2026-04-18 02:27:59 PM,KXATPCHALLENGERMATCH-26APR19SUNTUL-TUL,55,250,54,1050,53,800,52,800,41,1,59,500,60,1800,62,800,63,800,76,8,57.0
2026-04-18 02:28:00 PM,KXATPCHALLENGERMATCH-26APR19SUNTUL-TUL,55,250,54,800,53,800,52,800,41,1,59,500,60,1800,62,800,63,800,76,8,57.0
2026-04-18 02:28:00 PM,KXATPCHALLENGERMATCH-26APR19SUNTUL-TUL,56,250,55,250,54,800,53,800,52,800,59,500,60,1800,62,800,63,800,76,8,57.5
2026-04-18 02:28:00 PM,KXATPCHALLENGERMATCH-26APR19SUNTUL-TUL,55,250,54,800,53,800,52,800,41,1,59,500,60,1800,62,800,63,800,76,8,57.0
2026-04-18 02:28:00 PM,KXATPCHALLENGERMATCH-26APR19SUNTUL-TUL,55,250,54,1050,53,800,52,800,41,1,59,500,60,1800,62,800,63,800,76,8,57.0
2026-04-18 02:28:01 PM,KXATPCHALLENGERMATCH-26APR19SUNTUL-TUL,56,177,55,250,54,1050,53,800,52,800,59,500,60,1800,62,800,63,800,76,8,57.5
2026-04-18 02:28:01 PM,KXATPCHALLENGERMATCH-26APR19SUNTUL-TUL,56,177,55,399,54,1050,53,800,52,800,59,500,60,1800,62,800,63,800,76,8,57.5
2026-04-18 02:28:01 PM,KXATPCHALLENGERMATCH-26APR19SUNTUL-TUL,56,177,55,399,54,1143,53,800,52,800,59,500,60,1800,62,800,63,800,76,8,57.5
2026-04-18 02:28:01 PM,KXATPCHALLENGERMATCH-26APR19SUNTUL-TUL,56,177,55,399,54,893,53,800,52,800,59,500,60,1800,62,800,63,800,76,8,57.5
2026-04-18 02:28:01 PM,KXATPCHALLENGERMATCH-26APR19SUNTUL-TUL,56,427,55,399,54,893,53,800,52,800,59,500,60,1800,62,800,63,800,76,8,57.5
2026-04-18 02:28:01 PM,KXATPCHALLENGERMATCH-26APR19SUNTUL-TUL,56,427,55,399,54,893,53,800,52,800,59,500,60,1800,61,1015,62,800,63,800,57.5
2026-04-18 02:28:01 PM,KXATPCHALLENGERMATCH-26APR19SUNTUL-TUL,56,427,55,399,54,893,53,800,52,800,59,500,60,1800,61,1015,62,1346,63,800,57.5
2026-04-18 02:28:01 PM,KXATPCHALLENGERMATCH-26APR19SUNTUL-TUL,56,427,55,399,54,893,53,800,52,800,59,500,60,1800,61,1015,62,1346,63,1203,57.5
2026-04-18 02:28:44 PM,KXATPCHALLENGERMATCH-26APR19SUNTUL-TUL,56,427,55,399,54,893,53,800,52,800,59,499,60,1800,61,1015,62,1346,63,1203,57.5
2026-04-18 02:28:45 PM,KXATPCHALLENGERMATCH-26APR19SUNTUL-TUL,56,427,55,399,54,893,52,800,42,238,59,499,60,1800,61,1015,62,1346,63,1203,57.5
2026-04-18 02:28:45 PM,KXATPCHALLENGERMATCH-26APR19SUNTUL-TUL,56,427,55,399,54,893,42,238,41,1,59,499,60,1800,61,1015,62,1346,63,1203,57.5
2026-04-18 02:28:45 PM,KXATPCHALLENGERMATCH-26APR19SUNTUL-TUL,57,800,56,427,55,399,54,893,42,238,59,499,60,1800,61,1015,62,1346,63,1203,58.0
2026-04-18 02:28:45 PM,KXATPCHALLENGERMATCH-26APR19SUNTUL-TUL,57,800,56,427,55,1199,54,893,42,238,59,499,60,1800,61,1015,62,1346,63,1203,58.0
2026-04-18 02:28:45 PM,KXATPCHALLENGERMATCH-26APR19SUNTUL-TUL,57,800,56,427,55,949,54,893,42,238,59,499,60,1800,61,1015,62,1346,63,1203,58.0
2026-04-18 02:28:46 PM,KXATPCHALLENGERMATCH-26APR19SUNTUL-TUL,57,1050,56,427,55,949,54,893,42,238,59,499,60,1800,61,1015,62,1346,63,1203,58.0
2026-04-18 02:29:24 PM,KXATPCHALLENGERMATCH-26APR19SUNTUL-TUL,57,1050,56,427,55,1360,54,893,42,238,59,499,60,1800,61,1015,62,1346,63,1203,58.0
2026-04-18 02:29:24 PM,KXATPCHALLENGERMATCH-26APR19SUNTUL-TUL,57,1050,56,427,55,1360,54,893,42,238,59,499,60,2273,61,1015,62,1346,63,1203,58.0
2026-04-18 02:29:24 PM,KXATPCHALLENGERMATCH-26APR19SUNTUL-TUL,57,1050,56,427,55,1360,54,893,42,238,59,499,60,2273,61,1505,62,1346,63,1203,58.0
2026-04-18 02:29:24 PM,KXATPCHALLENGERMATCH-26APR19SUNTUL-TUL,57,1050,56,427,55,1360,54,893,42,238,59,499,60,2577,61,1505,62,1346,63,1203,58.0
2026-04-18 02:29:24 PM,KXATPCHALLENGERMATCH-26APR19SUNTUL-TUL,57,1050,56,832,55,1360,54,893,42,238,59,499,60,2577,61,1505,62,1346,63,1203,58.0
2026-04-18 02:29:24 PM,KXATPCHALLENGERMATCH-26APR19SUNTUL-TUL,57,1050,56,1099,55,1360,54,893,42,238,59,499,60,2577,61,1505,62,1346,63,1203,58.0
2026-04-18 02:29:24 PM,KXATPCHALLENGERMATCH-26APR19SUNTUL-TUL,57,1050,56,1099,55,1360,54,893,42,238,59,499,60,2577,61,1818,62,1346,63,1203,58.0
2026-04-18 02:29:24 PM,KXATPCHALLENGERMATCH-26APR19SUNTUL-TUL,57,1050,56,1099,55,1626,54,893,42,238,59,499,60,2577,61,1818,62,1346,63,1203,58.0
2026-04-18 02:30:45 PM,KXATPCHALLENGERMATCH-26APR19SUNTUL-TUL,57,1050,56,1099,55,1626,54,1067,42,238,59,499,60,2577,61,1818,62,1346,63,1203,58.0
2026-04-18 02:30:45 PM,KXATPCHALLENGERMATCH-26APR19SUNTUL-TUL,57,1050,56,1099,55,1626,54,1067,42,238,59,499,60,2577,61,1818,62,1593,63,1203,58.0
2026-04-18 02:30:45 PM,KXATPCHALLENGERMATCH-26APR19SUNTUL-TUL,57,1050,56,1099,55,1626,54,1067,53,177,59,499,60,2577,61,1818,62,1593,63,1203,58.0
2026-04-18 02:30:45 PM,KXATPCHALLENGERMATCH-26APR19SUNTUL-TUL,57,1050,56,1099,55,1626,54,1067,53,177,59,499,60,2577,61,1818,62,1593,63,1457,58.0
2026-04-18 02:33:54 PM,KXATPCHALLENGERMATCH-26APR19SUNTUL-TUL,57,1050,56,1099,55,1626,54,1067,53,177,59,467,60,2577,61,1818,62,1593,63,1457,58.0
2026-04-18 02:33:55 PM,KXATPCHALLENGERMATCH-26APR19SUNTUL-TUL,57,1066,56,1099,55,1626,54,1067,53,177,59,467,60,2577,61,1818,62,1593,63,1457,58.0
2026-04-18 02:33:56 PM,KXATPCHALLENGERMATCH-26APR19SUNTUL-TUL,57,1066,56,1115,55,1626,54,1067,53,177,59,467,60,2577,61,1818,62,1593,63,1457,58.0
2026-04-18 02:36:33 PM,KXATPCHALLENGERMATCH-26APR19SUNTUL-TUL,57,1066,56,1115,55,1626,54,1067,53,677,59,467,60,2577,61,1818,62,1593,63,1457,58.0
2026-04-18 02:40:22 PM,KXATPCHALLENGERMATCH-26APR19SUNTUL-TUL,57,1084,56,1115,55,1626,54,1067,53,677,59,467,60,2577,61,1818,62,1593,63,1457,58.0
2026-04-18 02:42:19 PM,KXATPCHALLENGERMATCH-26APR19SUNTUL-TUL,57,1066,56,1115,55,1626,54,1067,53,677,59,467,60,2577,61,1818,62,1593,63,1457,58.0
2026-04-18 02:42:35 PM,KXATPCHALLENGERMATCH-26APR19SUNTUL-TUL,57,1084,56,1115,55,1626,54,1067,53,677,59,467,60,2577,61,1818,62,1593,63,1457,58.0
2026-04-18 02:46:23 PM,KXATPCHALLENGERMATCH-26APR19SUNTUL-TUL,57,1066,56,1115,55,1626,54,1067,53,677,59,467,60,2577,61,1818,62,1593,63,1457,58.0
2026-04-18 02:50:39 PM,KXATPCHALLENGERMATCH-26APR19SUNTUL-TUL,57,1084,56,1115,55,1626,54,1067,53,677,59,467,60,2577,61,1818,62,1593,63,1457,58.0
2026-04-18 02:52:32 PM,KXATPCHALLENGERMATCH-26APR19SUNTUL-TUL,57,1084,56,1115,55,1626,54,1067,53,677,59,463,60,2577,61,1818,62,1593,63,1457,58.0
2026-04-18 02:52:32 PM,KXATPCHALLENGERMATCH-26APR19SUNTUL-TUL,57,1086,56,1115,55,1626,54,1067,53,677,59,463,60,2577,61,1818,62,1593,63,1457,58.0
2026-04-18 02:52:32 PM,KXATPCHALLENGERMATCH-26APR19SUNTUL-TUL,57,1086,56,1117,55,1626,54,1067,53,677,59,463,60,2577,61,1818,62,1593,63,1457,58.0
2026-04-18 02:52:38 PM,KXATPCHALLENGERMATCH-26APR19SUNTUL-TUL,57,1068,56,1117,55,1626,54,1067,53,677,59,463,60,2577,61,1818,62,1593,63,1457,58.0
2026-04-18 02:53:30 PM,KXATPCHALLENGERMATCH-26APR19SUNTUL-TUL,57,1086,56,1117,55,1626,54,1067,53,677,59,463,60,2577,61,1818,62,1593,63,1457,58.0
2026-04-18 02:55:30 PM,KXATPCHALLENGERMATCH-26APR19SUNTUL-TUL,57,1068,56,1117,55,1626,54,1067,53,677,59,463,60,2577,61,1818,62,1593,63,1457,58.0
2026-04-18 03:00:18 PM,KXATPCHALLENGERMATCH-26APR19SUNTUL-TUL,57,1168,56,1117,55,1626,54,1067,53,677,59,463,60,2577,61,1818,62,1593,63,1457,58.0
2026-04-18 03:00:18 PM,KXATPCHALLENGERMATCH-26APR19SUNTUL-TUL,57,1168,56,1117,55,1626,54,1067,53,677,59,963,60,2577,61,1818,62,1593,63,1457,58.0
2026-04-18 03:00:18 PM,KXATPCHALLENGERMATCH-26APR19SUNTUL-TUL,57,1168,56,1117,55,1626,54,1067,53,677,59,501,60,2577,61,1818,62,1593,63,1457,58.0
2026-04-18 03:00:18 PM,KXATPCHALLENGERMATCH-26APR19SUNTUL-TUL,57,1168,56,1117,55,1626,54,1067,53,677,59,1,60,2577,61,1818,62,1593,63,1457,58.0
2026-04-18 03:00:18 PM,KXATPCHALLENGERMATCH-26APR19SUNTUL-TUL,57,1168,56,1117,55,1626,54,1067,53,677,59,1,60,3077,61,1818,62,1593,63,1457,58.0
2026-04-18 03:00:18 PM,KXATPCHALLENGERMATCH-26APR19SUNTUL-TUL,57,1168,56,1117,55,1626,54,1067,53,677,59,1,60,2540,61,1818,62,1593,63,1457,58.0
2026-04-18 03:00:19 PM,KXATPCHALLENGERMATCH-26APR19SUNTUL-TUL,57,1168,56,1117,55,1626,54,1067,53,677,59,1,60,2540,61,2818,62,1593,63,1457,58.0
2026-04-18 03:00:19 PM,KXATPCHALLENGERMATCH-26APR19SUNTUL-TUL,57,1068,56,1117,55,1626,54,1067,53,677,59,1,60,2540,61,2818,62,1593,63,1457,58.0
2026-04-18 03:00:19 PM,KXATPCHALLENGERMATCH-26APR19SUNTUL-TUL,57,1068,56,1117,55,1626,54,1067,53,677,59,1,60,2040,61,2818,62,1593,63,1457,58.0
2026-04-18 03:01:08 PM,KXATPCHALLENGERMATCH-26APR19SUNTUL-TUL,57,1086,56,1117,55,1626,54,1067,53,677,59,1,60,2040,61,2818,62,1593,63,1457,58.0
2026-04-18 03:04:12 PM,KXATPCHALLENGERMATCH-26APR19SUNTUL-TUL,57,1086,56,1117,55,1626,54,1067,53,677,60,2039,61,2818,62,1593,63,1457,75,1600,58.5
2026-04-18 03:04:13 PM,KXATPCHALLENGERMATCH-26APR19SUNTUL-TUL,57,1068,56,1117,55,1626,54,1067,53,677,60,2039,61,2818,62,1593,63,1457,75,1600,58.5
2026-04-18 03:05:14 PM,KXATPCHALLENGERMATCH-26APR19SUNTUL-TUL,57,1086,56,1117,55,1626,54,1067,53,677,60,2039,61,2818,62,1593,63,1457,75,1600,58.5
2026-04-18 03:08:25 PM,KXATPCHALLENGERMATCH-26APR19SUNTUL-TUL,57,1068,56,1117,55,1626,54,1067,53,677,60,2039,61,2818,62,1593,63,1457,75,1600,58.5
2026-04-18 03:15:00 PM,KXATPCHALLENGERMATCH-26APR19SUNTUL-TUL,58,14,57,1068,56,1117,55,1626,54,1067,60,2039,61,2818,62,1593,63,1457,75,1600,59.0
2026-04-18 03:16:01 PM,KXATPCHALLENGERMATCH-26APR19SUNTUL-TUL,58,14,57,1086,56,1117,55,1626,54,1067,60,2039,61,2818,62,1593,63,1457,75,1600,59.0
2026-04-18 03:18:05 PM,KXATPCHALLENGERMATCH-26APR19SUNTUL-TUL,58,14,57,1068,56,1117,55,1626,54,1067,60,2039,61,2818,62,1593,63,1457,75,1600,59.0
2026-04-18 03:19:18 PM,KXATPCHALLENGERMATCH-26APR19SUNTUL-TUL,58,14,57,1086,56,1117,55,1626,54,1067,60,2039,61,2818,62,1593,63,1457,75,1600,59.0
2026-04-18 03:23:15 PM,KXATPCHALLENGERMATCH-26APR19SUNTUL-TUL,58,14,57,1068,56,1117,55,1626,54,1067,60,2039,61,2818,62,1593,63,1457,75,1600,59.0
2026-04-18 03:23:43 PM,KXATPCHALLENGERMATCH-26APR19SUNTUL-TUL,58,14,57,1086,56,1117,55,1626,54,1067,60,2039,61,2818,62,1593,63,1457,75,1600,59.0
2026-04-18 03:28:10 PM,KXATPCHALLENGERMATCH-26APR19SUNTUL-TUL,58,14,57,1068,56,1117,55,1626,54,1067,60,2039,61,2818,62,1593,63,1457,75,1600,59.0
2026-04-18 03:30:03 PM,KXATPCHALLENGERMATCH-26APR19SUNTUL-TUL,58,14,57,1086,56,1117,55,1626,54,1067,60,2039,61,2818,62,1593,63,1457,75,1600,59.0
2026-04-18 03:32:03 PM,KXATPCHALLENGERMATCH-26APR19SUNTUL-TUL,58,14,57,1068,56,1117,55,1626,54,1067,60,2039,61,2818,62,1593,63,1457,75,1600,59.0
2026-04-18 03:32:19 PM,KXATPCHALLENGERMATCH-26APR19SUNTUL-TUL,58,14,57,1068,56,1117,55,1626,54,893,60,2039,61,2818,62,1593,63,1457,75,1600,59.0
2026-04-18 03:32:19 PM,KXATPCHALLENGERMATCH-26APR19SUNTUL-TUL,58,14,57,1068,56,1117,55,1626,54,893,60,2039,61,2818,62,1346,63,1457,75,1600,59.0
2026-04-18 03:32:19 PM,KXATPCHALLENGERMATCH-26APR19SUNTUL-TUL,58,14,57,1068,56,1117,55,1626,54,893,60,2039,61,2818,62,1346,63,1203,75,1600,59.0
2026-04-18 03:32:21 PM,KXATPCHALLENGERMATCH-26APR19SUNTUL-TUL,58,14,57,1086,56,1117,55,1626,54,893,60,2039,61,2818,62,1346,63,1203,75,1600,59.0
2026-04-18 03:33:36 PM,KXATPCHALLENGERMATCH-26APR19SUNTUL-TUL,58,14,57,1086,56,1117,55,1626,54,893,60,1851,61,2818,62,1346,63,1203,75,1600,59.0
2026-04-18 03:33:38 PM,KXATPCHALLENGERMATCH-26APR19SUNTUL-TUL,58,14,57,1180,56,1117,55,1626,54,893,60,1851,61,2818,62,1346,63,1203,75,1600,59.0
2026-04-18 03:33:38 PM,KXATPCHALLENGERMATCH-26APR19SUNTUL-TUL,58,14,57,1180,56,1211,55,1626,54,893,60,1851,61,2818,62,1346,63,1203,75,1600,59.0
2026-04-18 03:34:35 PM,KXATPCHALLENGERMATCH-26APR19SUNTUL-TUL,58,14,57,1162,56,1211,55,1626,54,893,60,1851,61,2818,62,1346,63,1203,75,1600,59.0
2026-04-18 03:37:28 PM,KXATPCHALLENGERMATCH-26APR19SUNTUL-TUL,58,14,57,1162,56,1211,55,1626,54,893,60,1851,61,2818,62,1346,63,1203,75,1600,59.0,4906,8818,0.357
2026-04-18 03:37:47 PM,KXATPCHALLENGERMATCH-26APR19SUNTUL-TUL,58,14,57,1162,56,1211,55,1626,54,902,60,1851,61,2818,62,1346,63,1203,75,1600,59.0,4915,8818,0.358
2026-04-18 03:37:47 PM,KXATPCHALLENGERMATCH-26APR19SUNTUL-TUL,58,14,57,1162,56,1211,55,1626,54,902,60,1851,61,2818,62,1359,63,1203,75,1600,59.0,4915,8831,0.358
2026-04-18 03:40:34 PM,KXATPCHALLENGERMATCH-26APR19SUNTUL-TUL,58,14,57,1180,56,1211,55,1626,54,902,60,1851,61,2818,62,1359,63,1203,75,1600,59.0,4933,8831,0.358
2026-04-18 03:41:20 PM,KXATPCHALLENGERMATCH-26APR19SUNTUL-TUL,58,14,57,1180,56,1211,55,1626,54,902,60,1851,61,2818,62,1359,63,1216,75,1600,59.0,4933,8844,0.358
2026-04-18 03:42:51 PM,KXATPCHALLENGERMATCH-26APR19SUNTUL-TUL,58,14,57,1162,56,1211,55,1626,54,902,60,1851,61,2818,62,1359,63,1216,75,1600,59.0,4915,8844,0.357
2026-04-18 03:43:14 PM,KXATPCHALLENGERMATCH-26APR19SUNTUL-TUL,58,14,57,1180,56,1211,55,1626,54,902,60,1851,61,2818,62,1359,63,1216,75,1600,59.0,4933,8844,0.358
2026-04-18 03:44:05 PM,KXATPCHALLENGERMATCH-26APR19SUNTUL-TUL,58,14,57,1180,56,1211,55,1626,54,902,60,1891,61,2818,62,1359,63,1216,75,1600,59.0,4933,8884,0.357
2026-04-18 03:44:14 PM,KXATPCHALLENGERMATCH-26APR19SUNTUL-TUL,58,14,57,1162,56,1211,55,1626,54,902,60,1891,61,2818,62,1359,63,1216,75,1600,59.0,4915,8884,0.356
2026-04-18 03:44:54 PM,KXATPCHALLENGERMATCH-26APR19SUNTUL-TUL,58,14,57,1180,56,1211,55,1626,54,902,60,1891,61,2818,62,1359,63,1216,75,1600,59.0,4933,8884,0.357
2026-04-18 03:47:20 PM,KXATPCHALLENGERMATCH-26APR19SUNTUL-TUL,58,14,57,1162,56,1211,55,1626,54,902,60,1891,61,2818,62,1359,63,1216,75,1600,59.0,4915,8884,0.356
2026-04-18 03:47:23 PM,KXATPCHALLENGERMATCH-26APR19SUNTUL-TUL,58,14,57,1180,56,1211,55,1626,54,902,60,1891,61,2818,62,1359,63,1216,75,1600,59.0,4933,8884,0.357
2026-04-18 03:48:41 PM,KXATPCHALLENGERMATCH-26APR19SUNTUL-TUL,58,14,57,1180,56,1211,55,1626,54,893,60,1891,61,2818,62,1359,63,1216,75,1600,59.0,4924,8884,0.357
2026-04-18 03:48:41 PM,KXATPCHALLENGERMATCH-26APR19SUNTUL-TUL,58,14,57,1180,56,1211,55,1626,54,893,60,1891,61,2818,62,1346,63,1216,75,1600,59.0,4924,8871,0.357
2026-04-18 03:48:41 PM,KXATPCHALLENGERMATCH-26APR19SUNTUL-TUL,58,14,57,1180,56,1211,55,1626,54,893,60,1891,61,2818,62,1346,63,1203,75,1600,59.0,4924,8858,0.357
2026-04-18 03:49:01 PM,KXATPCHALLENGERMATCH-26APR19SUNTUL-TUL,58,14,57,1180,56,1211,55,1626,54,893,60,1730,61,2818,62,1346,63,1203,75,1600,59.0,4924,8697,0.362
2026-04-18 03:49:02 PM,KXATPCHALLENGERMATCH-26APR19SUNTUL-TUL,58,14,57,1180,56,961,55,1626,54,893,60,1730,61,2818,62,1346,63,1203,75,1600,59.0,4674,8697,0.350
2026-04-18 03:49:02 PM,KXATPCHALLENGERMATCH-26APR19SUNTUL-TUL,58,14,57,1180,56,945,55,1626,54,893,60,1730,61,2818,62,1346,63,1203,75,1600,59.0,4658,8697,0.349
2026-04-18 03:49:02 PM,KXATPCHALLENGERMATCH-26APR19SUNTUL-TUL,58,14,57,1180,56,943,55,1626,54,893,60,1730,61,2818,62,1346,63,1203,75,1600,59.0,4656,8697,0.349
2026-04-18 03:49:02 PM,KXATPCHALLENGERMATCH-26APR19SUNTUL-TUL,58,14,57,1180,56,849,55,1626,54,893,60,1730,61,2818,62,1346,63,1203,75,1600,59.0,4562,8697,0.344
2026-04-18 03:49:02 PM,KXATPCHALLENGERMATCH-26APR19SUNTUL-TUL,58,457,57,1180,56,849,55,1626,54,893,60,1730,61,2818,62,1346,63,1203,75,1600,59.0,5005,8697,0.365
2026-04-18 03:49:02 PM,KXATPCHALLENGERMATCH-26APR19SUNTUL-TUL,58,457,57,1260,56,849,55,1626,54,893,60,1730,61,2818,62,1346,63,1203,75,1600,59.0,5085,8697,0.369
2026-04-18 03:49:36 PM,KXATPCHALLENGERMATCH-26APR19SUNTUL-TUL,58,457,57,1242,56,849,55,1626,54,893,60,1730,61,2818,62,1346,63,1203,75,1600,59.0,5067,8697,0.368
2026-04-18 03:56:55 PM,KXATPCHALLENGERMATCH-26APR19SUNTUL-TUL,58,457,57,1243,56,849,55,1626,54,893,60,1730,61,2818,62,1346,63,1203,75,1600,59.0,5068,8697,0.368
2026-04-18 03:57:40 PM,KXATPCHALLENGERMATCH-26APR19SUNTUL-TUL,58,457,57,1243,56,849,55,1626,54,893,60,1730,61,2818,62,1346,63,1203,75,1600,59.0,5068,8697,0.368
2026-04-18 04:04:03 PM,KXATPCHALLENGERMATCH-26APR19SUNTUL-TUL,58,457,57,1243,56,849,55,1626,54,893,60,1722,61,2818,62,1346,63,1203,75,1600,59.0,5068,8689,0.368
2026-04-18 04:04:05 PM,KXATPCHALLENGERMATCH-26APR19SUNTUL-TUL,58,461,57,1243,56,849,55,1626,54,893,60,1722,61,2818,62,1346,63,1203,75,1600,59.0,5072,8689,0.369
2026-04-18 04:04:05 PM,KXATPCHALLENGERMATCH-26APR19SUNTUL-TUL,58,461,57,1247,56,849,55,1626,54,893,60,1722,61,2818,62,1346,63,1203,75,1600,59.0,5076,8689,0.369
2026-04-18 04:05:41 PM,KXATPCHALLENGERMATCH-26APR19SUNTUL-TUL,58,461,57,1247,56,849,55,1626,54,893,60,1687,61,2818,62,1346,63,1203,75,1600,59.0,5076,8654,0.370
2026-04-18 04:05:41 PM,KXATPCHALLENGERMATCH-26APR19SUNTUL-TUL,58,478,57,1247,56,849,55,1626,54,893,60,1687,61,2818,62,1346,63,1203,75,1600,59.0,5093,8654,0.370
2026-04-18 04:05:41 PM,KXATPCHALLENGERMATCH-26APR19SUNTUL-TUL,58,478,57,1264,56,849,55,1626,54,893,60,1687,61,2818,62,1346,63,1203,75,1600,59.0,5110,8654,0.371
2026-04-18 04:07:06 PM,KXATPCHALLENGERMATCH-26APR19SUNTUL-TUL,58,492,57,1264,56,849,55,1626,54,893,60,1687,61,2818,62,1346,63,1203,75,1600,59.0,5124,8654,0.372
2026-04-18 04:07:06 PM,KXATPCHALLENGERMATCH-26APR19SUNTUL-TUL,58,492,57,1274,56,849,55,1626,54,893,60,1687,61,2818,62,1346,63,1203,75,1600,59.0,5134,8654,0.372
2026-04-18 04:07:06 PM,KXATPCHALLENGERMATCH-26APR19SUNTUL-TUL,58,492,57,1274,56,849,55,1626,54,893,60,1687,61,2832,62,1346,63,1203,75,1600,59.0,5134,8668,0.372
2026-04-18 04:07:06 PM,KXATPCHALLENGERMATCH-26APR19SUNTUL-TUL,58,492,57,1274,56,849,55,1626,54,893,60,1687,61,2832,62,1356,63,1203,75,1600,59.0,5134,8678,0.372
2026-04-18 04:07:19 PM,KXATPCHALLENGERMATCH-26APR19SUNTUL-TUL,58,493,57,1275,56,849,55,1626,54,893,60,1686,61,2832,62,1356,63,1203,75,1600,59.0,5136,8677,0.372
2026-04-18 04:19:21 PM,KXATPCHALLENGERMATCH-26APR19SUNTUL-TUL,58,493,57,1275,56,849,55,1626,54,893,60,1686,61,2832,62,1356,63,1203,74,107,59.0,5136,7184,0.417
2026-04-18 04:24:23 PM,KXATPCHALLENGERMATCH-26APR19SUNTUL-TUL,58,493,57,1275,56,849,55,1626,54,893,60,1697,61,2832,62,1356,63,1203,74,107,59.0,5136,7195,0.417
2026-04-18 04:24:23 PM,KXATPCHALLENGERMATCH-26APR19SUNTUL-TUL,58,488,57,1275,56,849,55,1626,54,893,60,1697,61,2832,62,1356,63,1203,74,107,59.0,5131,7195,0.416
2026-04-18 04:24:23 PM,KXATPCHALLENGERMATCH-26APR19SUNTUL-TUL,58,488,57,1270,56,849,55,1626,54,893,60,1697,61,2832,62,1356,63,1203,74,107,59.0,5126,7195,0.416
2026-04-18 04:47:36 PM,KXATPCHALLENGERMATCH-26APR19SUNTUL-TUL,58,487,57,1269,56,849,55,1626,54,893,60,1697,61,2832,62,1356,63,1203,74,107,59.0,5124,7195,0.416
2026-04-18 04:49:27 PM,KXATPCHALLENGERMATCH-26APR19SUNTUL-TUL,58,487,57,1269,56,849,55,1626,54,893,60,1765,61,2832,62,1356,63,1203,74,107,59.0,5124,7263,0.414
2026-04-18 04:49:27 PM,KXATPCHALLENGERMATCH-26APR19SUNTUL-TUL,58,44,57,1269,56,849,55,1626,54,893,60,1765,61,2832,62,1356,63,1203,74,107,59.0,4681,7263,0.392
2026-04-18 04:49:27 PM,KXATPCHALLENGERMATCH-26APR19SUNTUL-TUL,58,40,57,1269,56,849,55,1626,54,893,60,1765,61,2832,62,1356,63,1203,74,107,59.0,4677,7263,0.392
2026-04-18 04:49:27 PM,KXATPCHALLENGERMATCH-26APR19SUNTUL-TUL,58,28,57,1269,56,849,55,1626,54,893,60,1765,61,2832,62,1356,63,1203,74,107,59.0,4665,7263,0.391
2026-04-18 04:49:28 PM,KXATPCHALLENGERMATCH-26APR19SUNTUL-TUL,58,28,57,1257,56,849,55,1626,54,893,60,1765,61,2832,62,1356,63,1203,74,107,59.0,4653,7263,0.390
2026-04-18 04:49:28 PM,KXATPCHALLENGERMATCH-26APR19SUNTUL-TUL,58,28,57,1257,56,849,55,1626,54,893,60,1765,61,2832,62,1356,63,1203,75,1600,59.0,4653,8756,0.347
2026-04-18 04:49:28 PM,KXATPCHALLENGERMATCH-26APR19SUNTUL-TUL,58,28,57,1253,56,849,55,1626,54,893,60,1765,61,2832,62,1356,63,1203,75,1600,59.0,4649,8756,0.347
2026-04-18 04:49:28 PM,KXATPCHALLENGERMATCH-26APR19SUNTUL-TUL,58,28,57,1236,56,849,55,1626,54,893,60,1765,61,2832,62,1356,63,1203,75,1600,59.0,4632,8756,0.346
2026-04-18 04:49:28 PM,KXATPCHALLENGERMATCH-26APR19SUNTUL-TUL,58,28,57,1236,56,1274,55,1626,54,893,60,1765,61,2832,62,1356,63,1203,75,1600,59.0,5057,8756,0.366
