ts_et,ticker,bid_1,bid_1_sz,bid_2,bid_2_sz,bid_3,bid_3_sz,bid_4,bid_4_sz,bid_5,bid_5_sz,ask_1,ask_1_sz,ask_2,ask_2_sz,ask_3,ask_3_sz,ask_4,ask_4_sz,ask_5,ask_5_sz,mid
2026-04-17 09:43:06 PM,KXATPMATCH-26APR18MOLSHE-SHE,71,20,70,6418,69,7015,68,5300,67,181,72,8089,73,13430,74,5348,75,170,76,120,71.5
2026-04-17 09:43:20 PM,KXATPMATCH-26APR18MOLSHE-SHE,71,20,70,6418,69,7015,68,5300,67,181,72,8085,73,13430,74,5348,75,170,76,120,71.5
2026-04-17 09:46:28 PM,KXATPMATCH-26APR18MOLSHE-SHE,71,20,70,6418,69,7015,68,5300,67,181,72,8095,73,13430,74,5348,75,170,76,120,71.5
2026-04-17 09:46:28 PM,KXATPMATCH-26APR18MOLSHE-SHE,71,20,70,6413,69,7015,68,5300,67,181,72,8095,73,13430,74,5348,75,170,76,120,71.5
2026-04-17 09:46:28 PM,KXATPMATCH-26APR18MOLSHE-SHE,71,20,70,6413,69,7010,68,5300,67,181,72,8095,73,13430,74,5348,75,170,76,120,71.5
2026-04-17 09:46:32 PM,KXATPMATCH-26APR18MOLSHE-SHE,71,20,70,6413,69,7010,68,5300,67,181,72,8045,73,13430,74,5348,75,170,76,120,71.5
2026-04-17 09:47:59 PM,KXATPMATCH-26APR18MOLSHE-SHE,71,20,70,6413,69,7010,68,5300,67,181,72,8038,73,13430,74,5348,75,170,76,120,71.5
2026-04-17 09:48:26 PM,KXATPMATCH-26APR18MOLSHE-SHE,71,20,70,6413,69,7010,68,5300,67,181,72,8037,73,13430,74,5348,75,170,76,120,71.5
2026-04-17 09:51:08 PM,KXATPMATCH-26APR18MOLSHE-SHE,71,20,70,6413,69,7010,68,5300,67,181,72,7767,73,13430,74,5348,75,170,76,120,71.5
2026-04-17 09:51:35 PM,KXATPMATCH-26APR18MOLSHE-SHE,71,20,70,6413,69,7010,68,5300,67,181,72,7048,73,13430,74,5348,75,170,76,120,71.5
2026-04-17 09:51:35 PM,KXATPMATCH-26APR18MOLSHE-SHE,71,20,70,6413,69,7010,68,5300,67,181,72,7037,73,13430,74,5348,75,170,76,120,71.5
2026-04-17 09:51:35 PM,KXATPMATCH-26APR18MOLSHE-SHE,71,20,70,6413,69,7010,68,5300,67,181,72,5876,73,13430,74,5348,75,170,76,120,71.5
2026-04-17 09:51:35 PM,KXATPMATCH-26APR18MOLSHE-SHE,71,20,70,6418,69,7010,68,5300,67,181,72,5876,73,13430,74,5348,75,170,76,120,71.5
2026-04-17 09:51:35 PM,KXATPMATCH-26APR18MOLSHE-SHE,71,20,70,6418,69,7010,68,5300,67,181,72,5883,73,13430,74,5348,75,170,76,120,71.5
2026-04-17 09:51:35 PM,KXATPMATCH-26APR18MOLSHE-SHE,71,20,70,6418,69,7010,68,5300,67,181,72,5223,73,13430,74,5348,75,170,76,120,71.5
2026-04-17 09:51:35 PM,KXATPMATCH-26APR18MOLSHE-SHE,71,20,70,6418,69,7010,68,5300,67,181,72,5223,73,13430,74,10348,75,170,76,120,71.5
2026-04-17 09:52:11 PM,KXATPMATCH-26APR18MOLSHE-SHE,71,20,70,6418,69,7010,68,5300,67,181,72,5273,73,13430,74,10348,75,170,76,120,71.5
2026-04-17 09:52:11 PM,KXATPMATCH-26APR18MOLSHE-SHE,71,20,70,6418,69,7010,68,5300,67,181,72,5273,73,13430,74,5348,75,170,76,120,71.5
2026-04-17 09:52:11 PM,KXATPMATCH-26APR18MOLSHE-SHE,71,20,70,6418,69,7010,68,5300,67,181,72,10273,73,13430,74,5348,75,170,76,120,71.5
2026-04-17 09:52:11 PM,KXATPMATCH-26APR18MOLSHE-SHE,71,20,70,6393,69,7010,68,5300,67,181,72,10273,73,13430,74,5348,75,170,76,120,71.5
2026-04-17 09:52:11 PM,KXATPMATCH-26APR18MOLSHE-SHE,71,20,70,6393,69,6985,68,5300,67,181,72,10273,73,13430,74,5348,75,170,76,120,71.5
2026-04-17 09:53:08 PM,KXATPMATCH-26APR18MOLSHE-SHE,71,20,70,6393,69,6985,68,5300,67,181,72,10276,73,13430,74,5348,75,170,76,120,71.5
2026-04-17 09:53:08 PM,KXATPMATCH-26APR18MOLSHE-SHE,71,20,70,6392,69,6985,68,5300,67,181,72,10276,73,13430,74,5348,75,170,76,120,71.5
2026-04-17 09:53:08 PM,KXATPMATCH-26APR18MOLSHE-SHE,71,20,70,6392,69,6984,68,5300,67,181,72,10276,73,13430,74,5348,75,170,76,120,71.5
2026-04-17 09:53:35 PM,KXATPMATCH-26APR18MOLSHE-SHE,71,20,70,6392,69,6984,68,5300,67,181,72,10249,73,13430,74,5348,75,170,76,120,71.5
2026-04-17 09:54:06 PM,KXATPMATCH-26APR18MOLSHE-SHE,71,20,70,6392,69,6984,68,5300,67,181,72,10079,73,13430,74,5348,75,170,76,120,71.5
2026-04-17 09:54:11 PM,KXATPMATCH-26APR18MOLSHE-SHE,71,20,70,6392,69,6984,68,5300,67,181,72,9944,73,13430,74,5348,75,170,76,120,71.5
2026-04-17 09:54:42 PM,KXATPMATCH-26APR18MOLSHE-SHE,71,20,70,6392,69,6984,68,5300,67,181,72,9943,73,13430,74,5348,75,170,76,120,71.5
2026-04-17 09:54:55 PM,KXATPMATCH-26APR18MOLSHE-SHE,71,20,70,6392,69,6984,68,5300,67,181,72,9948,73,13430,74,5348,75,170,76,120,71.5
2026-04-17 09:54:55 PM,KXATPMATCH-26APR18MOLSHE-SHE,71,20,70,6392,69,6984,68,5300,67,181,72,9985,73,13430,74,5348,75,170,76,120,71.5
2026-04-17 09:54:55 PM,KXATPMATCH-26APR18MOLSHE-SHE,71,20,70,6392,69,7009,68,5300,67,181,72,9985,73,13430,74,5348,75,170,76,120,71.5
2026-04-17 09:55:50 PM,KXATPMATCH-26APR18MOLSHE-SHE,71,20,70,6392,69,7009,68,5300,67,181,72,9951,73,13430,74,5348,75,170,76,120,71.5
2026-04-17 09:57:10 PM,KXATPMATCH-26APR18MOLSHE-SHE,71,20,70,6392,69,7009,68,5300,67,181,72,9816,73,13430,74,5348,75,170,76,120,71.5
2026-04-17 09:57:11 PM,KXATPMATCH-26APR18MOLSHE-SHE,71,20,70,6392,69,7009,68,5300,67,181,72,9779,73,13430,74,5348,75,170,76,120,71.5
2026-04-17 09:57:11 PM,KXATPMATCH-26APR18MOLSHE-SHE,71,20,70,6392,69,6984,68,5300,67,181,72,9779,73,13430,74,5348,75,170,76,120,71.5
2026-04-17 09:57:11 PM,KXATPMATCH-26APR18MOLSHE-SHE,71,20,70,6417,69,6984,68,5300,67,181,72,9779,73,13430,74,5348,75,170,76,120,71.5
2026-04-17 09:58:09 PM,KXATPMATCH-26APR18MOLSHE-SHE,71,20,70,6417,69,6984,68,5300,67,181,72,9679,73,13430,74,5348,75,170,76,120,71.5
2026-04-17 09:58:48 PM,KXATPMATCH-26APR18MOLSHE-SHE,71,20,70,6392,69,6984,68,5300,67,181,72,9679,73,13430,74,5348,75,170,76,120,71.5
2026-04-17 09:58:48 PM,KXATPMATCH-26APR18MOLSHE-SHE,71,20,70,6392,69,7009,68,5300,67,181,72,9679,73,13430,74,5348,75,170,76,120,71.5
2026-04-17 09:58:52 PM,KXATPMATCH-26APR18MOLSHE-SHE,71,20,70,6392,69,7009,68,5300,67,181,72,9544,73,13430,74,5348,75,170,76,120,71.5
2026-04-17 09:58:52 PM,KXATPMATCH-26APR18MOLSHE-SHE,71,20,70,6392,69,6984,68,5300,67,181,72,9544,73,13430,74,5348,75,170,76,120,71.5
2026-04-17 09:58:52 PM,KXATPMATCH-26APR18MOLSHE-SHE,71,20,70,6392,69,6984,68,5300,67,181,72,10035,73,13430,74,5348,75,170,76,120,71.5
2026-04-17 10:00:09 PM,KXATPMATCH-26APR18MOLSHE-SHE,71,20,70,6392,69,6984,68,5300,67,181,72,10535,73,13430,74,5348,75,170,76,120,71.5
2026-04-17 10:00:10 PM,KXATPMATCH-26APR18MOLSHE-SHE,71,20,70,6392,69,6984,68,5300,67,181,72,10035,73,13430,74,5348,75,170,76,120,71.5
2026-04-17 10:00:10 PM,KXATPMATCH-26APR18MOLSHE-SHE,71,20,70,6492,69,6984,68,5300,67,181,72,10035,73,13430,74,5348,75,170,76,120,71.5
2026-04-17 10:00:19 PM,KXATPMATCH-26APR18MOLSHE-SHE,71,20,70,6392,69,6984,68,5300,67,181,72,10035,73,13430,74,5348,75,170,76,120,71.5
2026-04-17 10:01:52 PM,KXATPMATCH-26APR18MOLSHE-SHE,71,20,70,6392,69,6984,68,5300,67,181,72,9987,73,13430,74,5348,75,170,76,120,71.5
2026-04-17 10:01:52 PM,KXATPMATCH-26APR18MOLSHE-SHE,71,20,70,6417,69,6984,68,5300,67,181,72,9987,73,13430,74,5348,75,170,76,120,71.5
2026-04-17 10:03:09 PM,KXATPMATCH-26APR18MOLSHE-SHE,71,20,70,6392,69,6984,68,5300,67,181,72,9987,73,13430,74,5348,75,170,76,120,71.5
2026-04-17 10:07:05 PM,KXATPMATCH-26APR18MOLSHE-SHE,71,26,70,6392,69,6984,68,5300,67,181,72,9987,73,13430,74,5348,75,170,76,120,71.5
2026-04-17 10:07:05 PM,KXATPMATCH-26APR18MOLSHE-SHE,71,26,70,6398,69,6984,68,5300,67,181,72,9987,73,13430,74,5348,75,170,76,120,71.5
2026-04-17 10:07:05 PM,KXATPMATCH-26APR18MOLSHE-SHE,71,26,70,6398,69,6991,68,5300,67,181,72,9987,73,13430,74,5348,75,170,76,120,71.5
2026-04-17 10:07:06 PM,KXATPMATCH-26APR18MOLSHE-SHE,71,26,70,6398,69,6991,68,5300,67,188,72,9987,73,13430,74,5348,75,170,76,120,71.5
2026-04-17 10:08:15 PM,KXATPMATCH-26APR18MOLSHE-SHE,71,26,70,6398,69,6991,68,5300,67,188,72,9983,73,13430,74,5348,75,170,76,120,71.5
2026-04-17 10:08:22 PM,KXATPMATCH-26APR18MOLSHE-SHE,71,26,70,6398,69,6991,68,5300,67,188,72,9929,73,13430,74,5348,75,170,76,120,71.5
2026-04-17 10:08:48 PM,KXATPMATCH-26APR18MOLSHE-SHE,71,26,70,6398,69,6991,68,5300,67,188,72,9944,73,13430,74,5348,75,170,76,120,71.5
2026-04-17 10:08:48 PM,KXATPMATCH-26APR18MOLSHE-SHE,71,26,70,6391,69,6991,68,5300,67,188,72,9944,73,13430,74,5348,75,170,76,120,71.5
2026-04-17 10:08:48 PM,KXATPMATCH-26APR18MOLSHE-SHE,71,26,70,6391,69,6984,68,5300,67,188,72,9944,73,13430,74,5348,75,170,76,120,71.5
2026-04-17 10:11:19 PM,KXATPMATCH-26APR18MOLSHE-SHE,71,26,70,6391,69,6984,68,5300,67,188,72,9924,73,13430,74,5348,75,170,76,120,71.5
2026-04-17 10:12:33 PM,KXATPMATCH-26APR18MOLSHE-SHE,71,26,70,6391,69,6984,68,5300,67,188,72,9907,73,13430,74,5348,75,170,76,120,71.5
2026-04-17 10:13:08 PM,KXATPMATCH-26APR18MOLSHE-SHE,71,26,70,6391,69,6984,68,5300,67,188,72,9894,73,13430,74,5348,75,170,76,120,71.5
2026-04-17 10:13:44 PM,KXATPMATCH-26APR18MOLSHE-SHE,71,26,70,6391,69,6984,68,5300,67,188,72,9117,73,13430,74,5348,75,170,76,120,71.5
2026-04-17 10:13:47 PM,KXATPMATCH-26APR18MOLSHE-SHE,71,26,70,6391,69,6984,68,5300,67,188,72,9739,73,13430,74,5348,75,170,76,120,71.5
2026-04-17 10:14:54 PM,KXATPMATCH-26APR18MOLSHE-SHE,71,26,70,6391,69,6984,68,5300,67,188,72,9737,73,13430,74,5348,75,170,76,120,71.5
2026-04-17 10:15:05 PM,KXATPMATCH-26APR18MOLSHE-SHE,71,26,70,6391,69,6984,68,5300,67,188,72,9772,73,13430,74,5348,75,170,76,120,71.5
2026-04-17 10:16:54 PM,KXATPMATCH-26APR18MOLSHE-SHE,71,26,70,6391,69,6984,68,5300,67,188,72,8600,73,13430,74,5348,75,170,76,120,71.5
2026-04-17 10:16:54 PM,KXATPMATCH-26APR18MOLSHE-SHE,71,26,70,6391,69,6984,68,5300,67,188,72,7641,73,13430,74,5348,75,170,76,120,71.5
2026-04-17 10:16:57 PM,KXATPMATCH-26APR18MOLSHE-SHE,71,26,70,6391,69,6984,68,5300,67,188,72,9780,73,13430,74,5348,75,170,76,120,71.5
2026-04-17 10:17:24 PM,KXATPMATCH-26APR18MOLSHE-SHE,71,26,70,6391,69,6984,68,5300,67,188,72,9767,73,13430,74,5348,75,170,76,120,71.5
2026-04-17 10:17:24 PM,KXATPMATCH-26APR18MOLSHE-SHE,71,26,70,6391,69,6984,68,5300,67,188,72,9732,73,13430,74,5348,75,170,76,120,71.5
2026-04-17 10:17:37 PM,KXATPMATCH-26APR18MOLSHE-SHE,71,26,70,6391,69,6984,68,5300,67,188,72,9810,73,13430,74,5348,75,170,76,120,71.5
2026-04-17 10:17:37 PM,KXATPMATCH-26APR18MOLSHE-SHE,71,26,70,6391,69,6984,68,5300,67,188,72,9845,73,13430,74,5348,75,170,76,120,71.5
2026-04-17 10:17:37 PM,KXATPMATCH-26APR18MOLSHE-SHE,71,26,70,6352,69,6984,68,5300,67,188,72,9845,73,13430,74,5348,75,170,76,120,71.5
2026-04-17 10:17:37 PM,KXATPMATCH-26APR18MOLSHE-SHE,71,26,70,6352,69,6945,68,5300,67,188,72,9845,73,13430,74,5348,75,170,76,120,71.5
2026-04-17 10:18:40 PM,KXATPMATCH-26APR18MOLSHE-SHE,71,26,70,6352,69,6945,68,5300,67,188,72,9745,73,13430,74,5348,75,170,76,120,71.5
2026-04-17 10:18:40 PM,KXATPMATCH-26APR18MOLSHE-SHE,71,26,70,6352,69,6945,68,5300,67,188,72,9710,73,13430,74,5348,75,170,76,120,71.5
2026-04-17 10:22:55 PM,KXATPMATCH-26APR18MOLSHE-SHE,71,26,70,6352,69,6945,68,5300,67,188,72,9756,73,13430,74,5348,75,170,76,120,71.5
2026-04-17 10:22:55 PM,KXATPMATCH-26APR18MOLSHE-SHE,71,26,70,6329,69,6945,68,5300,67,188,72,9756,73,13430,74,5348,75,170,76,120,71.5
2026-04-17 10:22:55 PM,KXATPMATCH-26APR18MOLSHE-SHE,71,26,70,6329,69,6922,68,5300,67,188,72,9756,73,13430,74,5348,75,170,76,120,71.5
2026-04-17 10:25:31 PM,KXATPMATCH-26APR18MOLSHE-SHE,71,26,70,6329,69,6922,68,5300,67,188,72,9621,73,13430,74,5348,75,170,76,120,71.5
2026-04-17 10:25:31 PM,KXATPMATCH-26APR18MOLSHE-SHE,71,26,70,6329,69,6922,68,5300,67,188,72,9621,73,13430,74,5348,75,370,76,120,71.5
2026-04-17 10:28:41 PM,KXATPMATCH-26APR18MOLSHE-SHE,71,26,70,6329,69,6922,68,5300,67,188,72,9652,73,13430,74,5348,75,370,76,120,71.5
2026-04-17 10:28:41 PM,KXATPMATCH-26APR18MOLSHE-SHE,71,26,70,6314,69,6922,68,5300,67,188,72,9652,73,13430,74,5348,75,370,76,120,71.5
2026-04-17 10:28:41 PM,KXATPMATCH-26APR18MOLSHE-SHE,71,26,70,6314,69,6907,68,5300,67,188,72,9652,73,13430,74,5348,75,370,76,120,71.5
2026-04-17 10:31:04 PM,KXATPMATCH-26APR18MOLSHE-SHE,71,26,70,6314,69,6907,68,5300,67,188,72,9618,73,13430,74,5348,75,370,76,120,71.5
2026-04-17 10:32:31 PM,KXATPMATCH-26APR18MOLSHE-SHE,71,26,70,6314,69,6907,68,5300,67,188,72,9618,73,13530,74,5348,75,370,76,120,71.5
2026-04-17 10:32:45 PM,KXATPMATCH-26APR18MOLSHE-SHE,71,26,70,6314,69,6907,68,5300,67,188,72,9618,73,13430,74,5348,75,370,76,120,71.5
2026-04-17 10:32:45 PM,KXATPMATCH-26APR18MOLSHE-SHE,71,26,70,6314,69,6907,68,5300,67,188,72,9718,73,13430,74,5348,75,370,76,120,71.5
2026-04-17 10:32:53 PM,KXATPMATCH-26APR18MOLSHE-SHE,71,26,70,6314,69,6907,68,5300,67,188,72,9618,73,13430,74,5348,75,370,76,120,71.5
2026-04-17 10:33:17 PM,KXATPMATCH-26APR18MOLSHE-SHE,71,26,70,6314,69,6907,68,5300,67,188,72,9576,73,13430,74,5348,75,370,76,120,71.5
2026-04-17 10:33:17 PM,KXATPMATCH-26APR18MOLSHE-SHE,71,26,70,6314,69,6907,68,5300,67,188,72,9552,73,13430,74,5348,75,370,76,120,71.5
2026-04-17 10:34:27 PM,KXATPMATCH-26APR18MOLSHE-SHE,71,26,70,6314,69,6907,68,5300,67,188,72,9567,73,13430,74,5348,75,370,76,120,71.5
2026-04-17 10:34:27 PM,KXATPMATCH-26APR18MOLSHE-SHE,71,26,70,6307,69,6907,68,5300,67,188,72,9567,73,13430,74,5348,75,370,76,120,71.5
2026-04-17 10:34:27 PM,KXATPMATCH-26APR18MOLSHE-SHE,71,26,70,6307,69,6900,68,5300,67,188,72,9567,73,13430,74,5348,75,370,76,120,71.5
2026-04-17 10:37:00 PM,KXATPMATCH-26APR18MOLSHE-SHE,71,26,70,6307,69,6900,68,5300,67,188,72,9648,73,13430,74,5348,75,370,76,120,71.5
2026-04-17 10:37:00 PM,KXATPMATCH-26APR18MOLSHE-SHE,71,26,70,6267,69,6900,68,5300,67,188,72,9648,73,13430,74,5348,75,370,76,120,71.5
2026-04-17 10:37:00 PM,KXATPMATCH-26APR18MOLSHE-SHE,71,26,70,6267,69,6860,68,5300,67,188,72,9648,73,13430,74,5348,75,370,76,120,71.5
2026-04-17 10:37:30 PM,KXATPMATCH-26APR18MOLSHE-SHE,71,26,70,6267,69,6860,68,5300,67,188,72,9587,73,13430,74,5348,75,370,76,120,71.5
2026-04-17 10:38:21 PM,KXATPMATCH-26APR18MOLSHE-SHE,71,26,70,6267,69,6860,68,5300,67,188,72,9821,73,13430,74,5348,75,370,76,120,71.5
2026-04-17 10:38:22 PM,KXATPMATCH-26APR18MOLSHE-SHE,71,26,70,6150,69,6860,68,5300,67,188,72,9821,73,13430,74,5348,75,370,76,120,71.5
2026-04-17 10:38:22 PM,KXATPMATCH-26APR18MOLSHE-SHE,71,26,70,6150,69,6743,68,5300,67,188,72,9821,73,13430,74,5348,75,370,76,120,71.5
2026-04-17 10:38:24 PM,KXATPMATCH-26APR18MOLSHE-SHE,71,26,70,6150,69,6743,68,5300,67,188,72,9824,73,13430,74,5348,75,370,76,120,71.5
2026-04-17 10:38:24 PM,KXATPMATCH-26APR18MOLSHE-SHE,71,26,70,6149,69,6743,68,5300,67,188,72,9824,73,13430,74,5348,75,370,76,120,71.5
2026-04-17 10:38:24 PM,KXATPMATCH-26APR18MOLSHE-SHE,71,26,70,6149,69,6742,68,5300,67,188,72,9824,73,13430,74,5348,75,370,76,120,71.5
2026-04-17 10:41:51 PM,KXATPMATCH-26APR18MOLSHE-SHE,71,26,70,6149,69,6742,68,5300,67,188,72,9804,73,13430,74,5348,75,370,76,120,71.5
2026-04-17 10:42:25 PM,KXATPMATCH-26APR18MOLSHE-SHE,71,26,70,6149,69,6742,68,5300,67,188,72,9770,73,13430,74,5348,75,370,76,120,71.5
2026-04-17 10:42:25 PM,KXATPMATCH-26APR18MOLSHE-SHE,71,26,70,6170,69,6742,68,5300,67,188,72,9770,73,13430,74,5348,75,370,76,120,71.5
2026-04-17 10:46:00 PM,KXATPMATCH-26APR18MOLSHE-SHE,71,26,70,6170,69,6742,68,5300,67,188,72,9757,73,13430,74,5348,75,370,76,120,71.5
2026-04-17 10:48:00 PM,KXATPMATCH-26APR18MOLSHE-SHE,71,26,70,6170,69,6742,68,5300,67,188,72,9749,73,13430,74,5348,75,370,76,120,71.5
2026-04-17 10:48:43 PM,KXATPMATCH-26APR18MOLSHE-SHE,71,26,70,6170,69,6742,68,5300,67,188,72,9601,73,13430,74,5348,75,370,76,120,71.5
2026-04-17 10:48:43 PM,KXATPMATCH-26APR18MOLSHE-SHE,71,26,70,6196,69,6742,68,5300,67,188,72,9601,73,13430,74,5348,75,370,76,120,71.5
2026-04-17 10:50:41 PM,KXATPMATCH-26APR18MOLSHE-SHE,71,26,70,6196,69,6742,68,5300,67,188,72,9587,73,13430,74,5348,75,370,76,120,71.5
2026-04-17 10:51:12 PM,KXATPMATCH-26APR18MOLSHE-SHE,71,26,70,6196,69,6742,68,5300,67,188,72,9602,73,13430,74,5348,75,370,76,120,71.5
2026-04-17 10:51:12 PM,KXATPMATCH-26APR18MOLSHE-SHE,71,26,70,6189,69,6742,68,5300,67,188,72,9602,73,13430,74,5348,75,370,76,120,71.5
2026-04-17 10:51:12 PM,KXATPMATCH-26APR18MOLSHE-SHE,71,26,70,6189,69,6735,68,5300,67,188,72,9602,73,13430,74,5348,75,370,76,120,71.5
2026-04-17 10:53:21 PM,KXATPMATCH-26APR18MOLSHE-SHE,71,26,70,6189,69,6735,68,5300,67,188,72,9505,73,13430,74,5348,75,370,76,120,71.5
2026-04-17 10:53:21 PM,KXATPMATCH-26APR18MOLSHE-SHE,71,26,70,6189,69,6735,68,5300,67,188,72,9266,73,13430,74,5348,75,370,76,120,71.5
2026-04-17 10:53:21 PM,KXATPMATCH-26APR18MOLSHE-SHE,71,26,70,6241,69,6735,68,5300,67,188,72,9266,73,13430,74,5348,75,370,76,120,71.5
2026-04-17 10:54:34 PM,KXATPMATCH-26APR18MOLSHE-SHE,71,26,70,6241,69,6735,68,5300,67,188,72,9253,73,13430,74,5348,75,370,76,120,71.5
2026-04-17 10:59:08 PM,KXATPMATCH-26APR18MOLSHE-SHE,71,26,70,6236,69,6735,68,5300,67,188,72,9253,73,13430,74,5348,75,370,76,120,71.5
2026-04-17 10:59:08 PM,KXATPMATCH-26APR18MOLSHE-SHE,71,26,70,6236,69,6726,68,5300,67,188,72,9253,73,13430,74,5348,75,370,76,120,71.5
2026-04-17 10:59:08 PM,KXATPMATCH-26APR18MOLSHE-SHE,71,26,70,6236,69,6725,68,5300,67,188,72,9253,73,13430,74,5348,75,370,76,120,71.5
2026-04-17 10:59:08 PM,KXATPMATCH-26APR18MOLSHE-SHE,71,26,70,6228,69,6725,68,5300,67,188,72,9253,73,13430,74,5348,75,370,76,120,71.5
2026-04-17 10:59:08 PM,KXATPMATCH-26APR18MOLSHE-SHE,71,26,70,6228,69,6725,68,5300,67,188,72,9246,73,13430,74,5348,75,370,76,120,71.5
2026-04-17 10:59:08 PM,KXATPMATCH-26APR18MOLSHE-SHE,71,26,70,6228,69,6725,68,5300,67,188,72,9246,73,13421,74,5348,75,370,76,120,71.5
2026-04-17 11:00:13 PM,KXATPMATCH-26APR18MOLSHE-SHE,71,26,70,6241,69,6725,68,5300,67,188,72,9246,73,13421,74,5348,75,370,76,120,71.5
2026-04-17 11:00:13 PM,KXATPMATCH-26APR18MOLSHE-SHE,71,26,70,6241,69,6732,68,5300,67,188,72,9246,73,13421,74,5348,75,370,76,120,71.5
2026-04-17 11:00:13 PM,KXATPMATCH-26APR18MOLSHE-SHE,71,26,70,6241,69,6732,68,5300,67,188,72,9253,73,13421,74,5348,75,370,76,120,71.5
2026-04-17 11:00:13 PM,KXATPMATCH-26APR18MOLSHE-SHE,71,26,70,6241,69,6732,68,5300,67,188,72,9253,73,13432,74,5348,75,370,76,120,71.5
2026-04-17 11:00:13 PM,KXATPMATCH-26APR18MOLSHE-SHE,71,26,70,6241,69,6735,68,5300,67,188,72,9253,73,13432,74,5348,75,370,76,120,71.5
2026-04-17 11:00:32 PM,KXATPMATCH-26APR18MOLSHE-SHE,71,26,70,6241,69,6735,68,5300,67,188,72,9271,73,13432,74,5348,75,370,76,120,71.5
2026-04-17 11:00:32 PM,KXATPMATCH-26APR18MOLSHE-SHE,71,26,70,6232,69,6735,68,5300,67,188,72,9271,73,13432,74,5348,75,370,76,120,71.5
2026-04-17 11:00:32 PM,KXATPMATCH-26APR18MOLSHE-SHE,71,26,70,6232,69,6726,68,5300,67,188,72,9271,73,13432,74,5348,75,370,76,120,71.5
2026-04-17 11:03:23 PM,KXATPMATCH-26APR18MOLSHE-SHE,71,26,70,6232,69,6726,68,5300,67,188,72,9270,73,13432,74,5348,75,370,76,120,71.5
2026-04-17 11:04:44 PM,KXATPMATCH-26APR18MOLSHE-SHE,71,26,70,6232,69,6726,68,5300,67,188,72,9159,73,13432,74,5348,75,370,76,120,71.5
2026-04-17 11:04:44 PM,KXATPMATCH-26APR18MOLSHE-SHE,71,26,70,6232,69,6726,68,5300,67,188,72,9069,73,13432,74,5348,75,370,76,120,71.5
2026-04-17 11:04:45 PM,KXATPMATCH-26APR18MOLSHE-SHE,71,26,70,6277,69,6726,68,5300,67,188,72,9069,73,13432,74,5348,75,370,76,120,71.5
2026-04-17 11:04:45 PM,KXATPMATCH-26APR18MOLSHE-SHE,71,26,70,6277,69,6771,68,5300,67,188,72,9069,73,13432,74,5348,75,370,76,120,71.5
2026-04-17 11:07:23 PM,KXATPMATCH-26APR18MOLSHE-SHE,71,26,70,6277,69,6771,68,5300,67,188,72,9068,73,13432,74,5348,75,370,76,120,71.5
2026-04-17 11:07:40 PM,KXATPMATCH-26APR18MOLSHE-SHE,71,26,70,6277,69,6771,68,5300,67,188,72,9002,73,13432,74,5348,75,370,76,120,71.5
2026-04-17 11:07:40 PM,KXATPMATCH-26APR18MOLSHE-SHE,71,26,70,6277,69,6771,68,5300,67,188,72,8971,73,13432,74,5348,75,370,76,120,71.5
2026-04-17 11:07:40 PM,KXATPMATCH-26APR18MOLSHE-SHE,71,26,70,6310,69,6771,68,5300,67,188,72,8971,73,13432,74,5348,75,370,76,120,71.5
2026-04-17 11:07:40 PM,KXATPMATCH-26APR18MOLSHE-SHE,71,26,70,6310,69,6804,68,5300,67,188,72,8971,73,13432,74,5348,75,370,76,120,71.5
2026-04-17 11:07:41 PM,KXATPMATCH-26APR18MOLSHE-SHE,71,26,70,5915,69,6804,68,5300,67,188,72,8971,73,13432,74,5348,75,370,76,120,71.5
2026-04-17 11:07:41 PM,KXATPMATCH-26APR18MOLSHE-SHE,71,26,70,6341,69,6804,68,5300,67,188,72,8971,73,13432,74,5348,75,370,76,120,71.5
2026-04-17 11:07:41 PM,KXATPMATCH-26APR18MOLSHE-SHE,71,26,70,6341,69,6804,68,5300,67,188,72,8972,73,13432,74,5348,75,370,76,120,71.5
2026-04-17 11:08:16 PM,KXATPMATCH-26APR18MOLSHE-SHE,71,26,70,6341,69,6804,68,5300,67,188,72,8962,73,13432,74,5348,75,370,76,120,71.5
2026-04-17 11:08:19 PM,KXATPMATCH-26APR18MOLSHE-SHE,71,26,70,5915,69,6804,68,5300,67,188,72,8962,73,13432,74,5348,75,370,76,120,71.5
2026-04-17 11:08:19 PM,KXATPMATCH-26APR18MOLSHE-SHE,71,26,70,6351,69,6804,68,5300,67,188,72,8962,73,13432,74,5348,75,370,76,120,71.5
2026-04-17 11:10:05 PM,KXATPMATCH-26APR18MOLSHE-SHE,71,16,70,6351,69,6804,68,5300,67,188,72,8962,73,13432,74,5348,75,370,76,120,71.5
2026-04-17 11:13:03 PM,KXATPMATCH-26APR18MOLSHE-SHE,71,16,70,6351,69,6804,68,5300,67,188,72,8957,73,13432,74,5348,75,370,76,120,71.5
2026-04-17 11:13:05 PM,KXATPMATCH-26APR18MOLSHE-SHE,71,16,70,5915,69,6804,68,5300,67,188,72,8957,73,13432,74,5348,75,370,76,120,71.5
2026-04-17 11:13:05 PM,KXATPMATCH-26APR18MOLSHE-SHE,71,16,70,6356,69,6804,68,5300,67,188,72,8957,73,13432,74,5348,75,370,76,120,71.5
2026-04-17 11:14:36 PM,KXATPMATCH-26APR18MOLSHE-SHE,71,16,70,6356,69,6804,68,5300,67,188,72,8917,73,13432,74,5348,75,370,76,120,71.5
2026-04-17 11:14:37 PM,KXATPMATCH-26APR18MOLSHE-SHE,71,16,70,5915,69,6804,68,5300,67,188,72,8917,73,13432,74,5348,75,370,76,120,71.5
2026-04-17 11:14:37 PM,KXATPMATCH-26APR18MOLSHE-SHE,71,16,70,6396,69,6804,68,5300,67,188,72,8917,73,13432,74,5348,75,370,76,120,71.5
2026-04-17 11:15:31 PM,KXATPMATCH-26APR18MOLSHE-SHE,71,16,70,6396,69,6804,68,5300,67,188,72,8876,73,13432,74,5348,75,370,76,120,71.5
2026-04-17 11:15:31 PM,KXATPMATCH-26APR18MOLSHE-SHE,71,16,70,6396,69,6804,68,5300,67,188,72,8866,73,13432,74,5348,75,370,76,120,71.5
2026-04-17 11:15:31 PM,KXATPMATCH-26APR18MOLSHE-SHE,71,16,70,6396,69,6804,68,5300,67,188,72,8816,73,13432,74,5348,75,370,76,120,71.5
2026-04-17 11:15:31 PM,KXATPMATCH-26APR18MOLSHE-SHE,71,16,70,6396,69,6804,68,5300,67,188,72,8717,73,13432,74,5348,75,370,76,120,71.5
2026-04-17 11:15:32 PM,KXATPMATCH-26APR18MOLSHE-SHE,71,16,70,6401,69,6804,68,5300,67,188,72,8717,73,13432,74,5348,75,370,76,120,71.5
2026-04-17 11:15:32 PM,KXATPMATCH-26APR18MOLSHE-SHE,71,16,70,6401,69,6809,68,5300,67,188,72,8717,73,13432,74,5348,75,370,76,120,71.5
2026-04-17 11:15:32 PM,KXATPMATCH-26APR18MOLSHE-SHE,71,16,70,5920,69,6809,68,5300,67,188,72,8717,73,13432,74,5348,75,370,76,120,71.5
2026-04-17 11:15:32 PM,KXATPMATCH-26APR18MOLSHE-SHE,71,16,70,6442,69,6809,68,5300,67,188,72,8717,73,13432,74,5348,75,370,76,120,71.5
2026-04-17 11:15:32 PM,KXATPMATCH-26APR18MOLSHE-SHE,71,16,70,6467,69,6809,68,5300,67,188,72,8717,73,13432,74,5348,75,370,76,120,71.5
2026-04-17 11:15:32 PM,KXATPMATCH-26APR18MOLSHE-SHE,71,16,70,6467,69,6834,68,5300,67,188,72,8717,73,13432,74,5348,75,370,76,120,71.5
2026-04-17 11:15:48 PM,KXATPMATCH-26APR18MOLSHE-SHE,71,16,70,6467,69,6815,68,5300,67,188,72,8717,73,13432,74,5348,75,370,76,120,71.5
2026-04-17 11:15:48 PM,KXATPMATCH-26APR18MOLSHE-SHE,71,16,70,6467,69,6815,68,5300,67,188,72,8826,73,13432,74,5348,75,370,76,120,71.5
2026-04-17 11:15:48 PM,KXATPMATCH-26APR18MOLSHE-SHE,71,16,70,6467,69,6815,68,5300,67,188,72,10759,73,13432,74,5348,75,370,76,120,71.5
2026-04-17 11:15:48 PM,KXATPMATCH-26APR18MOLSHE-SHE,71,16,70,6467,69,6815,68,5300,67,188,72,10759,73,13432,74,5348,75,170,76,120,71.5
2026-04-17 11:15:48 PM,KXATPMATCH-26APR18MOLSHE-SHE,71,16,70,6467,69,6815,68,5300,67,188,72,10759,73,13432,74,5348,75,370,76,120,71.5
2026-04-17 11:15:51 PM,KXATPMATCH-26APR18MOLSHE-SHE,71,16,70,4447,69,6815,68,5300,67,188,72,10759,73,13432,74,5348,75,370,76,120,71.5
2026-04-17 11:15:51 PM,KXATPMATCH-26APR18MOLSHE-SHE,71,16,70,4402,69,6815,68,5300,67,188,72,10759,73,13432,74,5348,75,370,76,120,71.5
2026-04-17 11:15:51 PM,KXATPMATCH-26APR18MOLSHE-SHE,71,16,70,4369,69,6815,68,5300,67,188,72,10759,73,13432,74,5348,75,370,76,120,71.5
2026-04-17 11:15:51 PM,KXATPMATCH-26APR18MOLSHE-SHE,71,16,70,4364,69,6815,68,5300,67,188,72,10759,73,13432,74,5348,75,370,76,120,71.5
2026-04-17 11:15:51 PM,KXATPMATCH-26APR18MOLSHE-SHE,71,16,70,4339,69,6815,68,5300,67,188,72,10759,73,13432,74,5348,75,370,76,120,71.5
2026-04-17 11:15:51 PM,KXATPMATCH-26APR18MOLSHE-SHE,71,16,70,4339,69,6815,68,5300,67,188,72,10759,73,13432,74,5348,75,170,76,120,71.5
2026-04-17 11:15:51 PM,KXATPMATCH-26APR18MOLSHE-SHE,71,16,70,4339,69,6815,68,5300,67,188,72,10759,73,13637,74,5348,75,170,76,120,71.5
2026-04-17 11:15:51 PM,KXATPMATCH-26APR18MOLSHE-SHE,71,16,70,4339,69,6815,68,7430,67,188,72,10759,73,13637,74,5348,75,170,76,120,71.5
2026-04-17 11:16:18 PM,KXATPMATCH-26APR18MOLSHE-SHE,71,16,70,4339,69,6815,68,7430,67,188,72,10759,73,14381,74,5348,75,170,76,120,71.5
2026-04-17 11:16:34 PM,KXATPMATCH-26APR18MOLSHE-SHE,71,16,70,2434,69,6815,68,7430,67,188,72,10759,73,14381,74,5348,75,170,76,120,71.5
2026-04-17 11:18:06 PM,KXATPMATCH-26APR18MOLSHE-SHE,71,16,70,2434,69,6815,68,7430,67,188,72,10725,73,14381,74,5348,75,170,76,120,71.5
2026-04-17 11:19:24 PM,KXATPMATCH-26APR18MOLSHE-SHE,71,16,70,2368,69,6815,68,7430,67,188,72,10725,73,14381,74,5348,75,170,76,120,71.5
2026-04-17 11:19:24 PM,KXATPMATCH-26APR18MOLSHE-SHE,71,16,70,2368,69,6815,68,7430,67,188,72,10791,73,14381,74,5348,75,170,76,120,71.5
2026-04-17 11:19:24 PM,KXATPMATCH-26APR18MOLSHE-SHE,71,16,70,2368,69,6815,68,7430,67,188,72,10826,73,14381,74,5348,75,170,76,120,71.5
2026-04-17 11:19:27 PM,KXATPMATCH-26APR18MOLSHE-SHE,71,16,70,2368,69,6815,68,7430,67,188,72,12088,73,14381,74,5348,75,170,76,120,71.5
2026-04-17 11:19:28 PM,KXATPMATCH-26APR18MOLSHE-SHE,71,16,70,1214,69,6815,68,7430,67,188,72,12088,73,14381,74,5348,75,170,76,120,71.5
2026-04-17 11:20:32 PM,KXATPMATCH-26APR18MOLSHE-SHE,71,16,70,1214,69,6815,68,7430,67,188,72,12053,73,14381,74,5348,75,170,76,120,71.5
2026-04-17 11:21:52 PM,KXATPMATCH-26APR18MOLSHE-SHE,71,16,70,1214,69,6815,68,7430,67,188,72,12005,73,14381,74,5348,75,170,76,120,71.5
2026-04-17 11:22:30 PM,KXATPMATCH-26APR18MOLSHE-SHE,71,16,70,1214,69,6815,68,7430,67,188,72,11985,73,14381,74,5348,75,170,76,120,71.5
2026-04-17 11:23:39 PM,KXATPMATCH-26APR18MOLSHE-SHE,71,16,70,1214,69,6815,68,7430,67,188,72,11985,73,13637,74,5348,75,170,76,120,71.5
2026-04-17 11:23:39 PM,KXATPMATCH-26APR18MOLSHE-SHE,71,16,70,1214,69,6815,68,7430,67,188,72,11985,73,14379,74,5348,75,170,76,120,71.5
2026-04-17 11:23:51 PM,KXATPMATCH-26APR18MOLSHE-SHE,71,16,70,1214,69,6815,68,7430,67,188,72,11984,73,14379,74,5348,75,170,76,120,71.5
2026-04-17 11:23:53 PM,KXATPMATCH-26APR18MOLSHE-SHE,71,16,70,1214,69,6815,68,7430,67,188,72,11983,73,14379,74,5348,75,170,76,120,71.5
2026-04-17 11:24:26 PM,KXATPMATCH-26APR18MOLSHE-SHE,71,16,70,1214,69,6815,68,7430,67,188,72,11944,73,14379,74,5348,75,170,76,120,71.5
2026-04-17 11:26:02 PM,KXATPMATCH-26APR18MOLSHE-SHE,71,16,70,1214,69,6815,68,7430,67,188,72,11911,73,14379,74,5348,75,170,76,120,71.5
2026-04-17 11:28:32 PM,KXATPMATCH-26APR18MOLSHE-SHE,71,16,70,1214,69,6815,68,7430,67,188,72,11946,73,14379,74,5348,75,170,76,120,71.5
2026-04-17 11:28:44 PM,KXATPMATCH-26APR18MOLSHE-SHE,71,16,70,1214,69,6815,68,7430,67,188,72,11911,73,14379,74,5348,75,170,76,120,71.5
2026-04-17 11:30:30 PM,KXATPMATCH-26APR18MOLSHE-SHE,71,16,70,1214,69,6815,68,7430,67,188,72,11910,73,14379,74,5348,75,170,76,120,71.5
2026-04-17 11:30:41 PM,KXATPMATCH-26APR18MOLSHE-SHE,71,16,70,1214,69,6815,68,7430,67,188,72,11906,73,14379,74,5348,75,170,76,120,71.5
2026-04-17 11:32:05 PM,KXATPMATCH-26APR18MOLSHE-SHE,71,16,70,1214,69,6815,68,7430,67,188,72,10690,73,14379,74,5348,75,170,76,120,71.5
2026-04-17 11:32:05 PM,KXATPMATCH-26APR18MOLSHE-SHE,71,16,70,1214,69,6815,68,7430,67,188,72,10690,73,14379,74,10348,75,170,76,120,71.5
2026-04-17 11:32:05 PM,KXATPMATCH-26APR18MOLSHE-SHE,71,16,70,1214,69,6815,68,7430,67,188,72,7187,73,14379,74,10348,75,170,76,120,71.5
2026-04-17 11:32:07 PM,KXATPMATCH-26APR18MOLSHE-SHE,71,16,70,1214,69,6815,68,7430,67,188,72,7187,73,14380,74,10348,75,170,76,120,71.5
2026-04-17 11:32:07 PM,KXATPMATCH-26APR18MOLSHE-SHE,71,16,70,1214,69,6815,68,7430,67,188,72,7187,73,14379,74,10348,75,170,76,120,71.5
2026-04-17 11:32:24 PM,KXATPMATCH-26APR18MOLSHE-SHE,71,16,70,1214,69,6815,68,7430,67,188,72,7186,73,14379,74,10348,75,170,76,120,71.5
2026-04-17 11:33:08 PM,KXATPMATCH-26APR18MOLSHE-SHE,71,16,70,1211,69,6815,68,7430,67,188,72,7186,73,14379,74,10348,75,170,76,120,71.5
2026-04-17 11:33:08 PM,KXATPMATCH-26APR18MOLSHE-SHE,71,16,70,1211,69,6815,68,7430,67,188,72,7189,73,14379,74,10348,75,170,76,120,71.5
2026-04-17 11:34:28 PM,KXATPMATCH-26APR18MOLSHE-SHE,71,16,70,1211,69,6815,68,7430,67,188,72,7186,73,14379,74,10348,75,170,76,120,71.5
2026-04-17 11:34:28 PM,KXATPMATCH-26APR18MOLSHE-SHE,71,16,70,1199,69,6815,68,7430,67,188,72,7186,73,14379,74,10348,75,170,76,120,71.5
2026-04-17 11:34:28 PM,KXATPMATCH-26APR18MOLSHE-SHE,71,16,70,1199,69,6815,68,7430,67,188,72,7201,73,14379,74,10348,75,170,76,120,71.5
2026-04-17 11:34:28 PM,KXATPMATCH-26APR18MOLSHE-SHE,71,16,70,1199,69,6815,68,7430,67,188,72,7236,73,14379,74,10348,75,170,76,120,71.5
2026-04-17 11:36:44 PM,KXATPMATCH-26APR18MOLSHE-SHE,71,16,70,1199,69,6815,68,7430,67,188,72,7234,73,14379,74,10348,75,170,76,120,71.5
2026-04-17 11:36:44 PM,KXATPMATCH-26APR18MOLSHE-SHE,71,16,70,1199,69,6815,68,7430,67,188,72,7229,73,14379,74,10348,75,170,76,120,71.5
2026-04-17 11:36:44 PM,KXATPMATCH-26APR18MOLSHE-SHE,71,16,70,1199,69,6815,68,7430,67,188,72,7199,73,14379,74,10348,75,170,76,120,71.5
2026-04-17 11:36:45 PM,KXATPMATCH-26APR18MOLSHE-SHE,71,16,70,1199,69,6816,68,7430,67,188,72,7199,73,14379,74,10348,75,170,76,120,71.5
2026-04-17 11:36:45 PM,KXATPMATCH-26APR18MOLSHE-SHE,71,16,70,1199,69,6816,68,7430,67,188,72,7164,73,14379,74,10348,75,170,76,120,71.5
2026-04-17 11:36:45 PM,KXATPMATCH-26APR18MOLSHE-SHE,71,16,70,1199,69,6816,68,7431,67,188,72,7164,73,14379,74,10348,75,170,76,120,71.5
2026-04-17 11:37:04 PM,KXATPMATCH-26APR18MOLSHE-SHE,71,16,70,1199,69,6816,68,7431,67,188,72,7149,73,14379,74,10348,75,170,76,120,71.5
2026-04-17 11:37:04 PM,KXATPMATCH-26APR18MOLSHE-SHE,71,16,70,1193,69,6816,68,7431,67,188,72,7149,73,14379,74,10348,75,170,76,120,71.5
2026-04-17 11:37:04 PM,KXATPMATCH-26APR18MOLSHE-SHE,71,16,70,1193,69,6816,68,7431,67,188,72,7170,73,14379,74,10348,75,170,76,120,71.5
2026-04-17 11:37:09 PM,KXATPMATCH-26APR18MOLSHE-SHE,71,16,70,1193,69,6816,68,7431,67,105,72,7170,73,14379,74,10348,75,170,76,120,71.5
2026-04-17 11:37:09 PM,KXATPMATCH-26APR18MOLSHE-SHE,71,16,70,1193,69,6816,68,7431,67,160,72,7170,73,14379,74,10348,75,170,76,120,71.5
2026-04-17 11:37:39 PM,KXATPMATCH-26APR18MOLSHE-SHE,71,16,70,1193,69,6816,68,7431,67,215,72,7170,73,14379,74,10348,75,170,76,120,71.5
2026-04-17 11:37:39 PM,KXATPMATCH-26APR18MOLSHE-SHE,71,16,70,1193,69,6816,68,7431,67,160,72,7170,73,14379,74,10348,75,170,76,120,71.5
2026-04-17 11:38:17 PM,KXATPMATCH-26APR18MOLSHE-SHE,71,16,70,1193,69,6816,68,7431,67,160,72,7131,73,14379,74,10348,75,170,76,120,71.5
2026-04-17 11:39:42 PM,KXATPMATCH-26APR18MOLSHE-SHE,71,16,70,1193,69,6816,68,7431,67,160,72,7104,73,14379,74,10348,75,170,76,120,71.5
2026-04-17 11:42:02 PM,KXATPMATCH-26APR18MOLSHE-SHE,71,16,70,1193,69,6816,68,7431,67,160,72,6900,73,14379,74,10348,75,170,76,120,71.5
2026-04-17 11:42:05 PM,KXATPMATCH-26APR18MOLSHE-SHE,71,16,70,1193,69,6816,68,7431,67,160,72,7320,73,14379,74,10348,75,170,76,120,71.5
2026-04-17 11:42:10 PM,KXATPMATCH-26APR18MOLSHE-SHE,71,16,70,1193,69,6816,68,7431,67,160,72,7299,73,14379,74,10348,75,170,76,120,71.5
2026-04-17 11:42:10 PM,KXATPMATCH-26APR18MOLSHE-SHE,71,16,70,1178,69,6816,68,7431,67,160,72,7299,73,14379,74,10348,75,170,76,120,71.5
2026-04-17 11:42:10 PM,KXATPMATCH-26APR18MOLSHE-SHE,71,16,70,1178,69,6816,68,7431,67,160,72,7335,73,14379,74,10348,75,170,76,120,71.5
2026-04-17 11:43:43 PM,KXATPMATCH-26APR18MOLSHE-SHE,71,16,70,1178,69,6048,68,7431,67,160,72,7335,73,14379,74,10348,75,170,76,120,71.5
2026-04-17 11:43:43 PM,KXATPMATCH-26APR18MOLSHE-SHE,71,16,70,1038,69,6048,68,7431,67,160,72,7335,73,14379,74,10348,75,170,76,120,71.5
2026-04-17 11:43:43 PM,KXATPMATCH-26APR18MOLSHE-SHE,71,16,70,1038,69,6016,68,7431,67,160,72,7335,73,14379,74,10348,75,170,76,120,71.5
2026-04-17 11:43:43 PM,KXATPMATCH-26APR18MOLSHE-SHE,71,16,70,1038,69,6016,68,7431,67,160,72,7335,73,13586,74,10348,75,170,76,120,71.5
2026-04-17 11:43:43 PM,KXATPMATCH-26APR18MOLSHE-SHE,71,16,70,918,69,6016,68,7431,67,160,72,7335,73,13586,74,10348,75,170,76,120,71.5
2026-04-17 11:43:43 PM,KXATPMATCH-26APR18MOLSHE-SHE,71,16,70,918,69,6016,68,7431,67,160,72,7335,73,13579,74,10348,75,170,76,120,71.5
2026-04-17 11:43:43 PM,KXATPMATCH-26APR18MOLSHE-SHE,71,16,70,918,69,6016,68,7431,67,160,72,7334,73,13579,74,10348,75,170,76,120,71.5
2026-04-17 11:43:43 PM,KXATPMATCH-26APR18MOLSHE-SHE,71,16,70,498,69,6016,68,7431,67,160,72,7334,73,13579,74,10348,75,170,76,120,71.5
2026-04-17 11:43:43 PM,KXATPMATCH-26APR18MOLSHE-SHE,71,16,70,498,69,6016,68,7431,67,160,72,7268,73,13579,74,10348,75,170,76,120,71.5
2026-04-17 11:43:43 PM,KXATPMATCH-26APR18MOLSHE-SHE,71,16,70,498,69,6016,68,7431,67,160,72,7232,73,13579,74,10348,75,170,76,120,71.5
2026-04-17 11:43:45 PM,KXATPMATCH-26APR18MOLSHE-SHE,71,16,70,498,69,6816,68,7431,67,160,72,7232,73,13579,74,10348,75,170,76,120,71.5
2026-04-17 11:43:45 PM,KXATPMATCH-26APR18MOLSHE-SHE,71,16,70,561,69,6816,68,7431,67,160,72,7232,73,13579,74,10348,75,170,76,120,71.5
2026-04-17 11:43:45 PM,KXATPMATCH-26APR18MOLSHE-SHE,71,16,70,561,69,6816,68,7431,67,160,72,7952,73,13579,74,10348,75,170,76,120,71.5
2026-04-17 11:43:45 PM,KXATPMATCH-26APR18MOLSHE-SHE,71,16,70,561,69,6816,68,7431,67,160,72,7952,73,14379,74,10348,75,170,76,120,71.5
2026-04-17 11:45:59 PM,KXATPMATCH-26APR18MOLSHE-SHE,71,16,70,561,69,6816,68,7431,67,160,72,7947,73,14379,74,10348,75,170,76,120,71.5
2026-04-17 11:48:36 PM,KXATPMATCH-26APR18MOLSHE-SHE,71,16,70,561,69,6816,68,7431,67,160,72,7940,73,14379,74,10348,75,170,76,120,71.5
2026-04-17 11:53:29 PM,KXATPMATCH-26APR18MOLSHE-SHE,71,16,70,561,69,6816,68,7431,67,160,72,7873,73,14379,74,10348,75,170,76,120,71.5
2026-04-17 11:54:25 PM,KXATPMATCH-26APR18MOLSHE-SHE,71,6,70,561,69,6816,68,7431,67,160,72,7873,73,14379,74,10348,75,170,76,120,71.5
2026-04-17 11:54:25 PM,KXATPMATCH-26APR18MOLSHE-SHE,70,561,69,6816,68,7431,67,160,66,5007,72,7873,73,14379,74,10348,75,170,76,120,71.0
2026-04-17 11:54:25 PM,KXATPMATCH-26APR18MOLSHE-SHE,70,544,69,6816,68,7431,67,160,66,5007,72,7873,73,14379,74,10348,75,170,76,120,71.0
2026-04-17 11:54:25 PM,KXATPMATCH-26APR18MOLSHE-SHE,70,543,69,6816,68,7431,67,160,66,5007,72,7873,73,14379,74,10348,75,170,76,120,71.0
2026-04-17 11:54:28 PM,KXATPMATCH-26APR18MOLSHE-SHE,70,543,69,6816,68,7431,67,383,66,5007,72,7873,73,14379,74,10348,75,170,76,120,71.0
2026-04-17 11:54:53 PM,KXATPMATCH-26APR18MOLSHE-SHE,70,543,69,6816,68,7431,67,383,66,5007,72,7888,73,14379,74,10348,75,170,76,120,71.0
2026-04-17 11:55:21 PM,KXATPMATCH-26APR18MOLSHE-SHE,70,543,69,6816,68,7431,67,383,66,5007,72,7875,73,14379,74,10348,75,170,76,120,71.0
2026-04-17 11:56:01 PM,KXATPMATCH-26APR18MOLSHE-SHE,70,543,69,6816,68,7431,67,383,66,5007,72,7818,73,14379,74,10348,75,170,76,120,71.0
2026-04-17 11:56:02 PM,KXATPMATCH-26APR18MOLSHE-SHE,70,543,69,6816,68,7431,67,383,66,5007,72,7777,73,14379,74,10348,75,170,76,120,71.0
2026-04-17 11:56:02 PM,KXATPMATCH-26APR18MOLSHE-SHE,70,543,69,6816,68,7431,67,383,66,5007,72,7762,73,14379,74,10348,75,170,76,120,71.0
2026-04-17 11:56:02 PM,KXATPMATCH-26APR18MOLSHE-SHE,70,543,69,6816,68,7431,67,383,66,5007,72,7519,73,14379,74,10348,75,170,76,120,71.0
2026-04-17 11:56:02 PM,KXATPMATCH-26APR18MOLSHE-SHE,70,543,69,6823,68,7431,67,383,66,5007,72,7519,73,14379,74,10348,75,170,76,120,71.0
2026-04-17 11:56:02 PM,KXATPMATCH-26APR18MOLSHE-SHE,70,543,69,6823,68,7438,67,383,66,5007,72,7519,73,14379,74,10348,75,170,76,120,71.0
2026-04-17 11:56:02 PM,KXATPMATCH-26APR18MOLSHE-SHE,70,543,69,6823,68,7438,67,383,66,5007,72,7914,73,14379,74,10348,75,170,76,120,71.0
2026-04-17 11:56:53 PM,KXATPMATCH-26APR18MOLSHE-SHE,70,543,69,6823,68,7438,67,383,66,5007,72,7899,73,14379,74,10348,75,170,76,120,71.0
2026-04-17 11:57:03 PM,KXATPMATCH-26APR18MOLSHE-SHE,70,543,69,6823,68,7438,67,383,66,5007,72,7865,73,14379,74,10348,75,170,76,120,71.0
2026-04-17 11:58:25 PM,KXATPMATCH-26APR18MOLSHE-SHE,70,543,69,6823,68,7438,67,383,66,5007,72,7849,73,14379,74,10348,75,170,76,120,71.0
2026-04-18 12:00:08 AM,KXATPMATCH-26APR18MOLSHE-SHE,70,543,69,6823,68,7438,67,383,66,5007,72,7815,73,14379,74,10348,75,170,76,120,71.0
2026-04-18 12:00:10 AM,KXATPMATCH-26APR18MOLSHE-SHE,70,543,69,6823,68,7438,67,383,66,5007,72,7815,73,16379,74,10348,75,170,76,120,71.0
2026-04-18 12:00:10 AM,KXATPMATCH-26APR18MOLSHE-SHE,70,543,69,6823,68,7438,67,383,66,5007,72,7815,73,17379,74,10348,75,170,76,120,71.0
2026-04-18 12:00:10 AM,KXATPMATCH-26APR18MOLSHE-SHE,70,543,69,6823,68,7438,67,383,66,5007,72,7815,73,19379,74,10348,75,170,76,120,71.0
2026-04-18 12:00:10 AM,KXATPMATCH-26APR18MOLSHE-SHE,70,543,69,6823,68,7438,67,383,66,5007,72,9815,73,19379,74,10348,75,170,76,120,71.0
2026-04-18 12:00:10 AM,KXATPMATCH-26APR18MOLSHE-SHE,70,543,69,6823,68,7438,67,383,66,5007,72,11815,73,19379,74,10348,75,170,76,120,71.0
2026-04-18 12:00:10 AM,KXATPMATCH-26APR18MOLSHE-SHE,70,543,69,6823,68,7438,67,383,66,5007,72,11815,73,21379,74,10348,75,170,76,120,71.0
2026-04-18 12:00:10 AM,KXATPMATCH-26APR18MOLSHE-SHE,70,543,69,6823,68,8438,67,383,66,5007,72,11815,73,21379,74,10348,75,170,76,120,71.0
2026-04-18 12:00:10 AM,KXATPMATCH-26APR18MOLSHE-SHE,70,543,69,6823,68,8438,67,383,66,5007,72,13815,73,21379,74,10348,75,170,76,120,71.0
2026-04-18 12:00:10 AM,KXATPMATCH-26APR18MOLSHE-SHE,70,543,69,6823,68,8438,67,383,66,5007,72,13815,73,23379,74,10348,75,170,76,120,71.0
2026-04-18 12:00:10 AM,KXATPMATCH-26APR18MOLSHE-SHE,70,543,69,6823,68,8438,67,383,66,5007,72,13815,73,24379,74,10348,75,170,76,120,71.0
2026-04-18 12:00:10 AM,KXATPMATCH-26APR18MOLSHE-SHE,70,543,69,6823,68,8438,67,383,66,5007,72,15815,73,24379,74,10348,75,170,76,120,71.0
2026-04-18 12:00:10 AM,KXATPMATCH-26APR18MOLSHE-SHE,70,543,69,6823,68,8438,67,383,66,5007,72,17815,73,24379,74,10348,75,170,76,120,71.0
2026-04-18 12:00:10 AM,KXATPMATCH-26APR18MOLSHE-SHE,70,543,69,8823,68,8438,67,383,66,5007,72,17815,73,24379,74,10348,75,170,76,120,71.0
2026-04-18 12:00:10 AM,KXATPMATCH-26APR18MOLSHE-SHE,70,543,69,8858,68,8438,67,383,66,5007,72,17815,73,24379,74,10348,75,170,76,120,71.0
2026-04-18 12:00:13 AM,KXATPMATCH-26APR18MOLSHE-SHE,70,543,69,8858,68,8438,67,383,66,5007,72,17815,73,23637,74,10348,75,170,76,120,71.0
2026-04-18 12:00:13 AM,KXATPMATCH-26APR18MOLSHE-SHE,70,543,69,8858,68,8438,67,383,66,5007,72,17815,73,26276,74,10348,75,170,76,120,71.0
2026-04-18 12:00:19 AM,KXATPMATCH-26APR18MOLSHE-SHE,70,543,69,8858,68,8438,67,383,66,5007,72,17815,73,23637,74,10348,75,170,76,120,71.0
2026-04-18 12:00:19 AM,KXATPMATCH-26APR18MOLSHE-SHE,70,543,69,8858,68,8438,67,383,66,5007,72,17815,73,24379,74,10348,75,170,76,120,71.0
2026-04-18 12:00:28 AM,KXATPMATCH-26APR18MOLSHE-SHE,70,543,69,8858,68,8438,67,383,66,5007,72,17815,73,23637,74,10348,75,170,76,120,71.0
2026-04-18 12:00:28 AM,KXATPMATCH-26APR18MOLSHE-SHE,70,543,69,8858,68,8438,67,383,66,5007,72,17815,73,26276,74,10348,75,170,76,120,71.0
2026-04-18 12:00:30 AM,KXATPMATCH-26APR18MOLSHE-SHE,70,543,69,8858,68,8438,67,383,66,5007,72,17781,73,26276,74,10348,75,170,76,120,71.0
2026-04-18 12:00:36 AM,KXATPMATCH-26APR18MOLSHE-SHE,70,543,69,8858,68,8438,67,383,66,5007,72,17781,73,23637,74,10348,75,170,76,120,71.0
2026-04-18 12:00:36 AM,KXATPMATCH-26APR18MOLSHE-SHE,70,543,69,8858,68,8438,67,383,66,5007,72,17781,73,24379,74,10348,75,170,76,120,71.0
2026-04-18 12:00:42 AM,KXATPMATCH-26APR18MOLSHE-SHE,70,543,69,8858,68,8438,67,383,66,5007,72,17747,73,24379,74,10348,75,170,76,120,71.0
2026-04-18 12:00:42 AM,KXATPMATCH-26APR18MOLSHE-SHE,70,543,69,8823,68,8438,67,383,66,5007,72,17747,73,24379,74,10348,75,170,76,120,71.0
2026-04-18 12:01:05 AM,KXATPMATCH-26APR18MOLSHE-SHE,70,543,69,8823,68,8438,67,383,66,5008,72,17747,73,24379,74,10348,75,170,76,120,71.0
2026-04-18 12:01:05 AM,KXATPMATCH-26APR18MOLSHE-SHE,70,543,69,8823,68,8438,67,383,66,5008,72,17747,73,24379,74,10351,75,170,76,120,71.0
2026-04-18 12:01:05 AM,KXATPMATCH-26APR18MOLSHE-SHE,70,543,69,8823,68,8438,67,383,66,5008,72,17747,73,24379,74,10351,75,173,76,120,71.0
2026-04-18 12:01:31 AM,KXATPMATCH-26APR18MOLSHE-SHE,70,543,69,8823,68,8438,67,383,66,5008,72,17762,73,24379,74,10351,75,173,76,120,71.0
2026-04-18 12:01:31 AM,KXATPMATCH-26APR18MOLSHE-SHE,70,543,69,8858,68,8438,67,383,66,5008,72,17762,73,24379,74,10351,75,173,76,120,71.0
2026-04-18 12:01:47 AM,KXATPMATCH-26APR18MOLSHE-SHE,70,543,69,8858,68,8438,67,383,66,5008,72,17747,73,24379,74,10351,75,173,76,120,71.0
2026-04-18 12:02:08 AM,KXATPMATCH-26APR18MOLSHE-SHE,70,543,69,8858,68,8438,67,383,66,5008,72,17733,73,24379,74,10351,75,173,76,120,71.0
2026-04-18 12:02:08 AM,KXATPMATCH-26APR18MOLSHE-SHE,70,543,69,8823,68,8438,67,383,66,5008,72,17733,73,24379,74,10351,75,173,76,120,71.0
2026-04-18 12:02:08 AM,KXATPMATCH-26APR18MOLSHE-SHE,70,578,69,8823,68,8438,67,383,66,5008,72,17733,73,24379,74,10351,75,173,76,120,71.0
2026-04-18 12:02:48 AM,KXATPMATCH-26APR18MOLSHE-SHE,70,543,69,8823,68,8438,67,383,66,5008,72,17733,73,24379,74,10351,75,173,76,120,71.0
2026-04-18 12:07:36 AM,KXATPMATCH-26APR18MOLSHE-SHE,70,543,69,8823,68,8438,67,383,66,5008,72,17748,73,24379,74,10351,75,173,76,120,71.0
2026-04-18 12:07:51 AM,KXATPMATCH-26APR18MOLSHE-SHE,70,543,69,8823,68,8438,67,383,66,5008,72,17708,73,24379,74,10351,75,173,76,120,71.0
2026-04-18 12:08:22 AM,KXATPMATCH-26APR18MOLSHE-SHE,70,543,69,8823,68,8438,67,383,66,5008,72,17693,73,24379,74,10351,75,173,76,120,71.0
2026-04-18 12:09:13 AM,KXATPMATCH-26APR18MOLSHE-SHE,70,543,69,8823,68,8438,67,383,66,5008,72,17689,73,24379,74,10351,75,173,76,120,71.0
2026-04-18 12:09:52 AM,KXATPMATCH-26APR18MOLSHE-SHE,70,543,69,8823,68,8438,67,383,66,5008,72,17688,73,24379,74,10351,75,173,76,120,71.0
2026-04-18 12:10:40 AM,KXATPMATCH-26APR18MOLSHE-SHE,70,543,69,8823,68,8438,67,383,66,5008,72,17586,73,24379,74,10351,75,173,76,120,71.0
2026-04-18 12:10:41 AM,KXATPMATCH-26APR18MOLSHE-SHE,70,543,69,8823,68,8438,67,383,66,5008,72,17601,73,24379,74,10351,75,173,76,120,71.0
2026-04-18 12:11:21 AM,KXATPMATCH-26APR18MOLSHE-SHE,70,543,69,8823,68,8438,67,383,66,5008,72,17586,73,24379,74,10351,75,173,76,120,71.0
2026-04-18 12:12:32 AM,KXATPMATCH-26APR18MOLSHE-SHE,70,543,69,8823,68,8438,67,383,66,5008,72,17581,73,24379,74,10351,75,173,76,120,71.0
2026-04-18 12:15:01 AM,KXATPMATCH-26APR18MOLSHE-SHE,70,543,69,8823,68,8438,67,383,66,5008,72,17581,73,23637,74,10351,75,173,76,120,71.0
2026-04-18 12:15:01 AM,KXATPMATCH-26APR18MOLSHE-SHE,70,543,69,8823,68,8438,67,383,66,5008,72,17581,73,26313,74,10351,75,173,76,120,71.0
2026-04-18 12:15:03 AM,KXATPMATCH-26APR18MOLSHE-SHE,70,543,69,8823,68,8438,67,383,66,5008,72,17581,73,23637,74,10351,75,173,76,120,71.0
2026-04-18 12:15:03 AM,KXATPMATCH-26APR18MOLSHE-SHE,70,543,69,8823,68,8438,67,383,66,5008,72,17581,73,24378,74,10351,75,173,76,120,71.0
2026-04-18 12:18:41 AM,KXATPMATCH-26APR18MOLSHE-SHE,70,543,69,8823,68,8438,67,383,66,5008,72,17596,73,24378,74,10351,75,173,76,120,71.0
2026-04-18 12:18:41 AM,KXATPMATCH-26APR18MOLSHE-SHE,70,543,69,8823,68,8438,67,383,66,5008,72,17581,73,24378,74,10351,75,173,76,120,71.0
2026-04-18 12:19:42 AM,KXATPMATCH-26APR18MOLSHE-SHE,70,543,69,8823,68,8438,67,383,66,5008,72,17561,73,24378,74,10351,75,173,76,120,71.0
2026-04-18 12:19:42 AM,KXATPMATCH-26APR18MOLSHE-SHE,70,543,69,8823,68,8438,67,383,66,5008,72,17848,73,24378,74,10351,75,173,76,120,71.0
2026-04-18 12:20:41 AM,KXATPMATCH-26APR18MOLSHE-SHE,70,543,69,8823,68,8438,67,383,66,5008,72,17863,73,24378,74,10351,75,173,76,120,71.0
2026-04-18 12:20:46 AM,KXATPMATCH-26APR18MOLSHE-SHE,70,543,69,8823,68,8438,67,383,66,5008,72,17848,73,24378,74,10351,75,173,76,120,71.0
2026-04-18 12:21:52 AM,KXATPMATCH-26APR18MOLSHE-SHE,70,543,69,8823,68,8438,67,383,66,5008,72,17809,73,24378,74,10351,75,173,76,120,71.0
2026-04-18 12:21:52 AM,KXATPMATCH-26APR18MOLSHE-SHE,70,543,69,8823,68,8438,67,383,66,5008,72,17579,73,24378,74,10351,75,173,76,120,71.0
2026-04-18 12:23:22 AM,KXATPMATCH-26APR18MOLSHE-SHE,70,543,69,8823,68,8438,67,383,66,5008,72,17594,73,24378,74,10351,75,173,76,120,71.0
2026-04-18 12:24:03 AM,KXATPMATCH-26APR18MOLSHE-SHE,70,543,69,8823,68,8438,67,383,66,5008,72,17593,73,24378,74,10351,75,173,76,120,71.0
2026-04-18 12:24:37 AM,KXATPMATCH-26APR18MOLSHE-SHE,70,543,69,8823,68,8438,67,383,66,5008,72,17578,73,24378,74,10351,75,173,76,120,71.0
2026-04-18 12:25:50 AM,KXATPMATCH-26APR18MOLSHE-SHE,70,543,69,8823,68,8438,67,383,66,5008,72,17578,73,24378,74,10351,75,173,76,5120,71.0
2026-04-18 12:25:50 AM,KXATPMATCH-26APR18MOLSHE-SHE,70,543,69,8823,68,8438,67,383,66,5008,72,17578,73,19378,74,10351,75,173,76,5120,71.0
2026-04-18 12:25:50 AM,KXATPMATCH-26APR18MOLSHE-SHE,70,543,69,8823,68,8438,67,383,66,5008,72,17578,73,19378,74,5351,75,173,76,5120,71.0
2026-04-18 12:25:53 AM,KXATPMATCH-26APR18MOLSHE-SHE,70,543,69,8823,68,8438,67,383,66,5008,72,17578,73,19378,74,5351,75,5173,76,5120,71.0
2026-04-18 12:25:53 AM,KXATPMATCH-26APR18MOLSHE-SHE,70,543,69,8823,68,8438,67,383,66,5008,72,17578,73,19378,74,5351,75,5173,76,120,71.0
2026-04-18 12:25:56 AM,KXATPMATCH-26APR18MOLSHE-SHE,70,543,69,8823,68,8438,67,383,66,5008,72,17578,73,19378,74,10351,75,5173,76,120,71.0
2026-04-18 12:26:18 AM,KXATPMATCH-26APR18MOLSHE-SHE,70,543,69,8858,68,8438,67,383,66,5008,72,17578,73,19378,74,10351,75,5173,76,120,71.0
2026-04-18 12:27:00 AM,KXATPMATCH-26APR18MOLSHE-SHE,70,543,69,8858,68,8438,67,383,66,5008,72,16216,73,19378,74,10351,75,5173,76,120,71.0
2026-04-18 12:27:00 AM,KXATPMATCH-26APR18MOLSHE-SHE,70,543,69,8823,68,8438,67,383,66,5008,72,16216,73,19378,74,10351,75,5173,76,120,71.0
2026-04-18 12:27:00 AM,KXATPMATCH-26APR18MOLSHE-SHE,70,543,69,8823,68,8438,67,383,66,5008,72,17265,73,19378,74,10351,75,5173,76,120,71.0
2026-04-18 12:27:00 AM,KXATPMATCH-26APR18MOLSHE-SHE,70,578,69,8823,68,8438,67,383,66,5008,72,17265,73,19378,74,10351,75,5173,76,120,71.0
2026-04-18 12:27:01 AM,KXATPMATCH-26APR18MOLSHE-SHE,70,543,69,8823,68,8438,67,383,66,5008,72,17265,73,19378,74,10351,75,5173,76,120,71.0
2026-04-18 12:27:06 AM,KXATPMATCH-26APR18MOLSHE-SHE,70,543,69,8858,68,8438,67,383,66,5008,72,17265,73,19378,74,10351,75,5173,76,120,71.0
2026-04-18 12:27:09 AM,KXATPMATCH-26APR18MOLSHE-SHE,70,543,69,8858,68,8438,67,383,66,5008,72,17264,73,19378,74,10351,75,5173,76,120,71.0
2026-04-18 12:27:09 AM,KXATPMATCH-26APR18MOLSHE-SHE,70,543,69,8823,68,8438,67,383,66,5008,72,17264,73,19378,74,10351,75,5173,76,120,71.0
2026-04-18 12:27:17 AM,KXATPMATCH-26APR18MOLSHE-SHE,70,543,69,8858,68,8438,67,383,66,5008,72,17264,73,19378,74,10351,75,5173,76,120,71.0
2026-04-18 12:27:26 AM,KXATPMATCH-26APR18MOLSHE-SHE,70,543,69,8858,68,8438,67,383,66,5008,72,17224,73,19378,74,10351,75,5173,76,120,71.0
2026-04-18 12:27:26 AM,KXATPMATCH-26APR18MOLSHE-SHE,70,543,69,8823,68,8438,67,383,66,5008,72,17224,73,19378,74,10351,75,5173,76,120,71.0
2026-04-18 12:27:26 AM,KXATPMATCH-26APR18MOLSHE-SHE,70,578,69,8823,68,8438,67,383,66,5008,72,17224,73,19378,74,10351,75,5173,76,120,71.0
2026-04-18 12:27:28 AM,KXATPMATCH-26APR18MOLSHE-SHE,70,543,69,8823,68,8438,67,383,66,5008,72,17224,73,19378,74,10351,75,5173,76,120,71.0
2026-04-18 12:27:28 AM,KXATPMATCH-26APR18MOLSHE-SHE,70,543,69,8823,68,8438,67,383,66,5008,72,17239,73,19378,74,10351,75,5173,76,120,71.0
2026-04-18 12:27:40 AM,KXATPMATCH-26APR18MOLSHE-SHE,70,543,69,8858,68,8438,67,383,66,5008,72,17239,73,19378,74,10351,75,5173,76,120,71.0
2026-04-18 12:27:47 AM,KXATPMATCH-26APR18MOLSHE-SHE,70,543,69,8858,68,8438,67,383,66,5008,72,17227,73,19378,74,10351,75,5173,76,120,71.0
2026-04-18 12:27:47 AM,KXATPMATCH-26APR18MOLSHE-SHE,70,543,69,8823,68,8438,67,383,66,5008,72,17227,73,19378,74,10351,75,5173,76,120,71.0
2026-04-18 12:27:51 AM,KXATPMATCH-26APR18MOLSHE-SHE,70,543,69,8858,68,8438,67,383,66,5008,72,17227,73,19378,74,10351,75,5173,76,120,71.0
2026-04-18 12:28:11 AM,KXATPMATCH-26APR18MOLSHE-SHE,70,543,69,8858,68,8438,67,383,66,5008,72,17212,73,19378,74,10351,75,5173,76,120,71.0
2026-04-18 12:29:08 AM,KXATPMATCH-26APR18MOLSHE-SHE,70,543,69,8858,68,8438,67,383,66,5008,72,16720,73,19378,74,10351,75,5173,76,120,71.0
2026-04-18 12:29:08 AM,KXATPMATCH-26APR18MOLSHE-SHE,70,543,69,8858,68,8438,67,383,66,5008,72,16642,73,19378,74,10351,75,5173,76,120,71.0
2026-04-18 12:29:08 AM,KXATPMATCH-26APR18MOLSHE-SHE,70,543,69,8858,68,8438,67,383,66,5008,72,16596,73,19378,74,10351,75,5173,76,120,71.0
2026-04-18 12:29:08 AM,KXATPMATCH-26APR18MOLSHE-SHE,70,543,69,8858,68,8438,67,383,66,5008,72,16565,73,19378,74,10351,75,5173,76,120,71.0
2026-04-18 12:29:08 AM,KXATPMATCH-26APR18MOLSHE-SHE,70,543,69,8858,68,8438,67,383,66,5008,72,16550,73,19378,74,10351,75,5173,76,120,71.0
2026-04-18 12:29:08 AM,KXATPMATCH-26APR18MOLSHE-SHE,70,543,69,8858,68,8438,67,383,66,5008,72,16469,73,19378,74,10351,75,5173,76,120,71.0
2026-04-18 12:29:08 AM,KXATPMATCH-26APR18MOLSHE-SHE,70,543,69,8858,68,8438,67,383,66,5008,72,16235,73,19378,74,10351,75,5173,76,120,71.0
2026-04-18 12:29:08 AM,KXATPMATCH-26APR18MOLSHE-SHE,70,543,69,8858,68,8438,67,383,66,5008,72,16232,73,19378,74,10351,75,5173,76,120,71.0
2026-04-18 12:29:08 AM,KXATPMATCH-26APR18MOLSHE-SHE,70,543,69,8858,68,8438,67,383,66,5008,72,16217,73,19378,74,10351,75,5173,76,120,71.0
2026-04-18 12:29:08 AM,KXATPMATCH-26APR18MOLSHE-SHE,70,543,69,8858,68,8438,67,383,66,5008,72,16210,73,19378,74,10351,75,5173,76,120,71.0
2026-04-18 12:29:08 AM,KXATPMATCH-26APR18MOLSHE-SHE,70,543,69,8858,68,8438,67,383,66,5008,72,16192,73,19378,74,10351,75,5173,76,120,71.0
2026-04-18 12:29:08 AM,KXATPMATCH-26APR18MOLSHE-SHE,70,543,69,8858,68,8438,67,383,66,5008,72,16083,73,19378,74,10351,75,5173,76,120,71.0
2026-04-18 12:29:08 AM,KXATPMATCH-26APR18MOLSHE-SHE,70,543,69,8858,68,8438,67,383,66,5008,72,15862,73,19378,74,10351,75,5173,76,120,71.0
2026-04-18 12:29:08 AM,KXATPMATCH-26APR18MOLSHE-SHE,70,543,69,8823,68,8438,67,383,66,5008,72,15862,73,19378,74,10351,75,5173,76,120,71.0
2026-04-18 12:29:08 AM,KXATPMATCH-26APR18MOLSHE-SHE,70,543,69,8823,68,8438,67,383,66,5008,72,15862,73,19383,74,10351,75,5173,76,120,71.0
2026-04-18 12:29:08 AM,KXATPMATCH-26APR18MOLSHE-SHE,70,543,69,8823,68,8438,67,383,66,5008,72,15862,73,19383,74,10362,75,5173,76,120,71.0
2026-04-18 12:29:08 AM,KXATPMATCH-26APR18MOLSHE-SHE,70,579,69,8823,68,8438,67,383,66,5008,72,15862,73,19383,74,10362,75,5173,76,120,71.0
2026-04-18 12:29:09 AM,KXATPMATCH-26APR18MOLSHE-SHE,70,579,69,8862,68,8438,67,383,66,5008,72,15862,73,19383,74,10362,75,5173,76,120,71.0
2026-04-18 12:29:09 AM,KXATPMATCH-26APR18MOLSHE-SHE,70,579,69,8862,68,8477,67,383,66,5008,72,15862,73,19383,74,10362,75,5173,76,120,71.0
2026-04-18 12:29:09 AM,KXATPMATCH-26APR18MOLSHE-SHE,70,579,69,8862,68,8477,67,383,66,5008,72,16952,73,19383,74,10362,75,5173,76,120,71.0
2026-04-18 12:29:09 AM,KXATPMATCH-26APR18MOLSHE-SHE,70,579,69,8885,68,8477,67,383,66,5008,72,16952,73,19383,74,10362,75,5173,76,120,71.0
2026-04-18 12:29:09 AM,KXATPMATCH-26APR18MOLSHE-SHE,70,579,69,8885,68,8500,67,383,66,5008,72,16952,73,19383,74,10362,75,5173,76,120,71.0
2026-04-18 12:29:10 AM,KXATPMATCH-26APR18MOLSHE-SHE,70,579,69,8900,68,8500,67,383,66,5008,72,16952,73,19383,74,10362,75,5173,76,120,71.0
2026-04-18 12:29:10 AM,KXATPMATCH-26APR18MOLSHE-SHE,70,579,69,8900,68,8515,67,383,66,5008,72,16952,73,19383,74,10362,75,5173,76,120,71.0
2026-04-18 12:29:10 AM,KXATPMATCH-26APR18MOLSHE-SHE,70,579,69,8907,68,8515,67,383,66,5008,72,16952,73,19383,74,10362,75,5173,76,120,71.0
2026-04-18 12:29:11 AM,KXATPMATCH-26APR18MOLSHE-SHE,70,579,69,8907,68,8522,67,383,66,5008,72,16952,73,19383,74,10362,75,5173,76,120,71.0
2026-04-18 12:29:11 AM,KXATPMATCH-26APR18MOLSHE-SHE,70,579,69,8907,68,6392,67,383,66,5008,72,16952,73,19383,74,10362,75,5173,76,120,71.0
2026-04-18 12:29:11 AM,KXATPMATCH-26APR18MOLSHE-SHE,70,579,69,8907,68,6391,67,383,66,5008,72,16952,73,19383,74,10362,75,5173,76,120,71.0
2026-04-18 12:29:11 AM,KXATPMATCH-26APR18MOLSHE-SHE,70,579,69,8907,68,6384,67,383,66,5008,72,16952,73,19383,74,10362,75,5173,76,120,71.0
2026-04-18 12:29:11 AM,KXATPMATCH-26APR18MOLSHE-SHE,70,579,69,8907,68,6345,67,383,66,5008,72,16952,73,19383,74,10362,75,5173,76,120,71.0
2026-04-18 12:29:11 AM,KXATPMATCH-26APR18MOLSHE-SHE,70,579,69,8907,68,6322,67,383,66,5008,72,16952,73,19383,74,10362,75,5173,76,120,71.0
2026-04-18 12:29:11 AM,KXATPMATCH-26APR18MOLSHE-SHE,70,579,69,8907,68,6307,67,383,66,5008,72,16952,73,19383,74,10362,75,5173,76,120,71.0
2026-04-18 12:29:11 AM,KXATPMATCH-26APR18MOLSHE-SHE,70,579,69,8907,68,6300,67,383,66,5008,72,16952,73,19383,74,10362,75,5173,76,120,71.0
2026-04-18 12:29:11 AM,KXATPMATCH-26APR18MOLSHE-SHE,70,2843,69,8907,68,6300,67,383,66,5008,72,16952,73,19383,74,10362,75,5173,76,120,71.0
2026-04-18 12:29:11 AM,KXATPMATCH-26APR18MOLSHE-SHE,70,2843,69,8947,68,6300,67,383,66,5008,72,16952,73,19383,74,10362,75,5173,76,120,71.0
2026-04-18 12:29:11 AM,KXATPMATCH-26APR18MOLSHE-SHE,70,2843,69,8982,68,6300,67,383,66,5008,72,16952,73,19383,74,10362,75,5173,76,120,71.0
2026-04-18 12:29:12 AM,KXATPMATCH-26APR18MOLSHE-SHE,70,2960,69,8982,68,6300,67,383,66,5008,72,16952,73,19383,74,10362,75,5173,76,120,71.0
2026-04-18 12:29:12 AM,KXATPMATCH-26APR18MOLSHE-SHE,70,2960,69,9099,68,6300,67,383,66,5008,72,16952,73,19383,74,10362,75,5173,76,120,71.0
2026-04-18 12:29:13 AM,KXATPMATCH-26APR18MOLSHE-SHE,70,2961,69,9099,68,6300,67,383,66,5008,72,16952,73,19383,74,10362,75,5173,76,120,71.0
2026-04-18 12:29:13 AM,KXATPMATCH-26APR18MOLSHE-SHE,70,2961,69,9100,68,6300,67,383,66,5008,72,16952,73,19383,74,10362,75,5173,76,120,71.0
2026-04-18 12:29:14 AM,KXATPMATCH-26APR18MOLSHE-SHE,70,2968,69,9100,68,6300,67,383,66,5008,72,16952,73,19383,74,10362,75,5173,76,120,71.0
2026-04-18 12:29:14 AM,KXATPMATCH-26APR18MOLSHE-SHE,70,2968,69,9107,68,6300,67,383,66,5008,72,16952,73,19383,74,10362,75,5173,76,120,71.0
2026-04-18 12:29:14 AM,KXATPMATCH-26APR18MOLSHE-SHE,70,2977,69,9107,68,6300,67,383,66,5008,72,16952,73,19383,74,10362,75,5173,76,120,71.0
2026-04-18 12:29:14 AM,KXATPMATCH-26APR18MOLSHE-SHE,70,2977,69,9116,68,6300,67,383,66,5008,72,16952,73,19383,74,10362,75,5173,76,120,71.0
2026-04-18 12:29:58 AM,KXATPMATCH-26APR18MOLSHE-SHE,70,2977,69,9116,68,6300,67,383,66,5008,72,16912,73,19383,74,10362,75,5173,76,120,71.0
2026-04-18 12:29:58 AM,KXATPMATCH-26APR18MOLSHE-SHE,70,2977,69,9081,68,6300,67,383,66,5008,72,16912,73,19383,74,10362,75,5173,76,120,71.0
2026-04-18 12:30:14 AM,KXATPMATCH-26APR18MOLSHE-SHE,70,2977,69,9081,68,6300,67,383,66,5008,72,16845,73,19383,74,10362,75,5173,76,120,71.0
2026-04-18 12:30:17 AM,KXATPMATCH-26APR18MOLSHE-SHE,70,3012,69,9081,68,6300,67,383,66,5008,72,16845,73,19383,74,10362,75,5173,76,120,71.0
2026-04-18 12:30:17 AM,KXATPMATCH-26APR18MOLSHE-SHE,70,2977,69,9081,68,6300,67,383,66,5008,72,16845,73,19383,74,10362,75,5173,76,120,71.0
2026-04-18 12:30:20 AM,KXATPMATCH-26APR18MOLSHE-SHE,70,2977,69,9081,68,6300,67,383,66,5008,72,16860,73,19383,74,10362,75,5173,76,120,71.0
2026-04-18 12:30:57 AM,KXATPMATCH-26APR18MOLSHE-SHE,70,2904,69,9081,68,6300,67,383,66,5008,72,16860,73,19383,74,10362,75,5173,76,120,71.0
2026-04-18 12:30:58 AM,KXATPMATCH-26APR18MOLSHE-SHE,70,2904,69,9081,68,6300,67,383,66,5008,72,16845,73,19383,74,10362,75,5173,76,120,71.0
2026-04-18 12:31:21 AM,KXATPMATCH-26APR18MOLSHE-SHE,70,2904,69,9116,68,6300,67,383,66,5008,72,16845,73,19383,74,10362,75,5173,76,120,71.0
2026-04-18 12:31:38 AM,KXATPMATCH-26APR18MOLSHE-SHE,70,2904,69,9081,68,6300,67,383,66,5008,72,16845,73,19383,74,10362,75,5173,76,120,71.0
2026-04-18 12:31:39 AM,KXATPMATCH-26APR18MOLSHE-SHE,70,2939,69,9081,68,6300,67,383,66,5008,72,16845,73,19383,74,10362,75,5173,76,120,71.0
2026-04-18 12:31:40 AM,KXATPMATCH-26APR18MOLSHE-SHE,70,2904,69,9081,68,6300,67,383,66,5008,72,16845,73,19383,74,10362,75,5173,76,120,71.0
2026-04-18 12:31:42 AM,KXATPMATCH-26APR18MOLSHE-SHE,70,2904,69,9116,68,6300,67,383,66,5008,72,16845,73,19383,74,10362,75,5173,76,120,71.0
2026-04-18 12:32:44 AM,KXATPMATCH-26APR18MOLSHE-SHE,70,2904,69,9116,68,6300,67,383,66,5008,72,16830,73,19383,74,10362,75,5173,76,120,71.0
2026-04-18 12:32:44 AM,KXATPMATCH-26APR18MOLSHE-SHE,70,2904,69,9081,68,6300,67,383,66,5008,72,16830,73,19383,74,10362,75,5173,76,120,71.0
2026-04-18 12:32:48 AM,KXATPMATCH-26APR18MOLSHE-SHE,70,2904,69,9081,68,6300,67,383,66,5008,72,16810,73,19383,74,10362,75,5173,76,120,71.0
2026-04-18 12:32:49 AM,KXATPMATCH-26APR18MOLSHE-SHE,70,2904,69,11220,68,6300,67,383,66,5008,72,16810,73,19383,74,10362,75,5173,76,120,71.0
2026-04-18 12:32:49 AM,KXATPMATCH-26APR18MOLSHE-SHE,70,2904,69,11220,68,5128,67,383,66,5008,72,16810,73,19383,74,10362,75,5173,76,120,71.0
2026-04-18 12:32:49 AM,KXATPMATCH-26APR18MOLSHE-SHE,70,2904,69,11220,68,4169,67,383,66,5008,72,16810,73,19383,74,10362,75,5173,76,120,71.0
2026-04-18 12:32:49 AM,KXATPMATCH-26APR18MOLSHE-SHE,70,2904,69,11220,68,4169,67,1184,66,5008,72,16810,73,19383,74,10362,75,5173,76,120,71.0
2026-04-18 12:32:50 AM,KXATPMATCH-26APR18MOLSHE-SHE,70,2939,69,11220,68,4169,67,1184,66,5008,72,16810,73,19383,74,10362,75,5173,76,120,71.0
2026-04-18 12:32:58 AM,KXATPMATCH-26APR18MOLSHE-SHE,70,2939,69,11220,68,6308,67,1184,66,5008,72,16810,73,19383,74,10362,75,5173,76,120,71.0
2026-04-18 12:32:58 AM,KXATPMATCH-26APR18MOLSHE-SHE,70,2939,69,9081,68,6308,67,1184,66,5008,72,16810,73,19383,74,10362,75,5173,76,120,71.0
2026-04-18 12:32:58 AM,KXATPMATCH-26APR18MOLSHE-SHE,70,2904,69,9081,68,6308,67,1184,66,5008,72,16810,73,19383,74,10362,75,5173,76,120,71.0
2026-04-18 12:33:01 AM,KXATPMATCH-26APR18MOLSHE-SHE,70,2904,69,9116,68,6308,67,1184,66,5008,72,16810,73,19383,74,10362,75,5173,76,120,71.0
2026-04-18 12:33:14 AM,KXATPMATCH-26APR18MOLSHE-SHE,70,2904,69,9116,68,6308,67,1184,66,5008,72,16789,73,19383,74,10362,75,5173,76,120,71.0
2026-04-18 12:33:14 AM,KXATPMATCH-26APR18MOLSHE-SHE,70,2904,69,9081,68,6308,67,1184,66,5008,72,16789,73,19383,74,10362,75,5173,76,120,71.0
2026-04-18 12:33:19 AM,KXATPMATCH-26APR18MOLSHE-SHE,70,2904,69,9116,68,6308,67,1184,66,5008,72,16789,73,19383,74,10362,75,5173,76,120,71.0
2026-04-18 12:33:39 AM,KXATPMATCH-26APR18MOLSHE-SHE,70,2904,69,9116,68,6308,67,1184,66,5008,72,16452,73,19383,74,10362,75,5173,76,120,71.0
2026-04-18 12:33:39 AM,KXATPMATCH-26APR18MOLSHE-SHE,70,2904,69,9081,68,6308,67,1184,66,5008,72,16452,73,19383,74,10362,75,5173,76,120,71.0
2026-04-18 12:33:40 AM,KXATPMATCH-26APR18MOLSHE-SHE,70,2939,69,9081,68,6308,67,1184,66,5008,72,16452,73,19383,74,10362,75,5173,76,120,71.0
2026-04-18 12:33:42 AM,KXATPMATCH-26APR18MOLSHE-SHE,70,2904,69,9081,68,6308,67,1184,66,5008,72,16452,73,19383,74,10362,75,5173,76,120,71.0
2026-04-18 12:33:48 AM,KXATPMATCH-26APR18MOLSHE-SHE,70,2878,69,9081,68,6308,67,1184,66,5008,72,16452,73,19383,74,10362,75,5173,76,120,71.0
2026-04-18 12:33:48 AM,KXATPMATCH-26APR18MOLSHE-SHE,70,2844,69,9081,68,6308,67,1184,66,5008,72,16452,73,19383,74,10362,75,5173,76,120,71.0
2026-04-18 12:33:48 AM,KXATPMATCH-26APR18MOLSHE-SHE,70,2792,69,9081,68,6308,67,1184,66,5008,72,16452,73,19383,74,10362,75,5173,76,120,71.0
2026-04-18 12:33:48 AM,KXATPMATCH-26APR18MOLSHE-SHE,70,2771,69,9081,68,6308,67,1184,66,5008,72,16452,73,19383,74,10362,75,5173,76,120,71.0
2026-04-18 12:33:48 AM,KXATPMATCH-26APR18MOLSHE-SHE,70,2735,69,9081,68,6308,67,1184,66,5008,72,16452,73,19383,74,10362,75,5173,76,120,71.0
2026-04-18 12:33:48 AM,KXATPMATCH-26APR18MOLSHE-SHE,70,2735,69,9081,68,6308,67,1184,66,5008,72,16938,73,19383,74,10362,75,5173,76,120,71.0
2026-04-18 12:33:48 AM,KXATPMATCH-26APR18MOLSHE-SHE,70,471,69,9081,68,6308,67,1184,66,5008,72,16938,73,19383,74,10362,75,5173,76,120,71.0
2026-04-18 12:33:48 AM,KXATPMATCH-26APR18MOLSHE-SHE,70,354,69,9081,68,6308,67,1184,66,5008,72,16938,73,19383,74,10362,75,5173,76,120,71.0
2026-04-18 12:33:48 AM,KXATPMATCH-26APR18MOLSHE-SHE,70,353,69,9081,68,6308,67,1184,66,5008,72,16938,73,19383,74,10362,75,5173,76,120,71.0
2026-04-18 12:33:48 AM,KXATPMATCH-26APR18MOLSHE-SHE,70,346,69,9081,68,6308,67,1184,66,5008,72,16938,73,19383,74,10362,75,5173,76,120,71.0
2026-04-18 12:33:48 AM,KXATPMATCH-26APR18MOLSHE-SHE,70,337,69,9081,68,6308,67,1184,66,5008,72,16938,73,19383,74,10362,75,5173,76,120,71.0
2026-04-18 12:33:48 AM,KXATPMATCH-26APR18MOLSHE-SHE,70,337,69,9116,68,6308,67,1184,66,5008,72,16938,73,19383,74,10362,75,5173,76,120,71.0
2026-04-18 12:33:48 AM,KXATPMATCH-26APR18MOLSHE-SHE,70,337,69,9107,68,6308,67,1184,66,5008,72,16938,73,19383,74,10362,75,5173,76,120,71.0
2026-04-18 12:33:48 AM,KXATPMATCH-26APR18MOLSHE-SHE,70,337,69,9107,68,6308,67,383,66,5008,72,16938,73,19383,74,10362,75,5173,76,120,71.0
2026-04-18 12:33:48 AM,KXATPMATCH-26APR18MOLSHE-SHE,70,274,69,9107,68,6308,67,383,66,5008,72,16938,73,19383,74,10362,75,5173,76,120,71.0
2026-04-18 12:33:48 AM,KXATPMATCH-26APR18MOLSHE-SHE,70,274,69,9107,68,6308,67,383,66,5008,72,17001,73,19383,74,10362,75,5173,76,120,71.0
2026-04-18 12:33:48 AM,KXATPMATCH-26APR18MOLSHE-SHE,70,274,69,9100,68,6308,67,383,66,5008,72,17001,73,19383,74,10362,75,5173,76,120,71.0
2026-04-18 12:33:48 AM,KXATPMATCH-26APR18MOLSHE-SHE,70,274,69,9099,68,6308,67,383,66,5008,72,17001,73,19383,74,10362,75,5173,76,120,71.0
2026-04-18 12:33:48 AM,KXATPMATCH-26APR18MOLSHE-SHE,70,274,69,9099,68,6308,67,383,66,5008,72,17528,73,19383,74,10362,75,5173,76,120,71.0
2026-04-18 12:33:48 AM,KXATPMATCH-26APR18MOLSHE-SHE,70,274,69,8982,68,6308,67,383,66,5008,72,17528,73,19383,74,10362,75,5173,76,120,71.0
2026-04-18 12:33:48 AM,KXATPMATCH-26APR18MOLSHE-SHE,70,274,69,8942,68,6308,67,383,66,5008,72,17528,73,19383,74,10362,75,5173,76,120,71.0
2026-04-18 12:33:48 AM,KXATPMATCH-26APR18MOLSHE-SHE,70,274,69,8935,68,6308,67,383,66,5008,72,17528,73,19383,74,10362,75,5173,76,120,71.0
2026-04-18 12:33:48 AM,KXATPMATCH-26APR18MOLSHE-SHE,70,274,69,8920,68,6308,67,383,66,5008,72,17528,73,19383,74,10362,75,5173,76,120,71.0
2026-04-18 12:33:48 AM,KXATPMATCH-26APR18MOLSHE-SHE,70,274,69,8897,68,6308,67,383,66,5008,72,17528,73,19383,74,10362,75,5173,76,120,71.0
2026-04-18 12:33:48 AM,KXATPMATCH-26APR18MOLSHE-SHE,70,274,69,8876,68,6308,67,383,66,5008,72,17528,73,19383,74,10362,75,5173,76,120,71.0
2026-04-18 12:33:48 AM,KXATPMATCH-26APR18MOLSHE-SHE,70,274,69,8876,68,8464,67,383,66,5008,72,17528,73,19383,74,10362,75,5173,76,120,71.0
2026-04-18 12:33:50 AM,KXATPMATCH-26APR18MOLSHE-SHE,70,274,69,8876,68,8464,67,383,66,5008,72,17543,73,19383,74,10362,75,5173,76,120,71.0
2026-04-18 12:34:17 AM,KXATPMATCH-26APR18MOLSHE-SHE,70,274,69,8876,68,8464,67,383,66,5008,72,17460,73,19383,74,10362,75,5173,76,120,71.0
2026-04-18 12:34:17 AM,KXATPMATCH-26APR18MOLSHE-SHE,70,274,69,8841,68,8464,67,383,66,5008,72,17460,73,19383,74,10362,75,5173,76,120,71.0
2026-04-18 12:34:18 AM,KXATPMATCH-26APR18MOLSHE-SHE,70,274,69,8841,68,8464,67,383,66,5008,72,18404,73,19383,74,10362,75,5173,76,120,71.0
2026-04-18 12:34:19 AM,KXATPMATCH-26APR18MOLSHE-SHE,70,274,69,8876,68,8464,67,383,66,5008,72,18404,73,19383,74,10362,75,5173,76,120,71.0
2026-04-18 12:34:25 AM,KXATPMATCH-26APR18MOLSHE-SHE,70,274,69,8876,68,8464,67,383,66,5008,72,18370,73,19383,74,10362,75,5173,76,120,71.0
2026-04-18 12:34:26 AM,KXATPMATCH-26APR18MOLSHE-SHE,70,274,69,8841,68,8464,67,383,66,5008,72,18370,73,19383,74,10362,75,5173,76,120,71.0
2026-04-18 12:34:30 AM,KXATPMATCH-26APR18MOLSHE-SHE,70,274,69,8876,68,8464,67,383,66,5008,72,18370,73,19383,74,10362,75,5173,76,120,71.0
2026-04-18 12:35:31 AM,KXATPMATCH-26APR18MOLSHE-SHE,70,274,69,8876,68,8464,67,383,66,5008,72,18355,73,19383,74,10362,75,5173,76,120,71.0
2026-04-18 12:36:07 AM,KXATPMATCH-26APR18MOLSHE-SHE,70,274,69,8876,68,8464,67,383,66,5008,72,18085,73,19383,74,10362,75,5173,76,120,71.0
2026-04-18 12:36:07 AM,KXATPMATCH-26APR18MOLSHE-SHE,70,274,69,8841,68,8464,67,383,66,5008,72,18085,73,19383,74,10362,75,5173,76,120,71.0
2026-04-18 12:36:07 AM,KXATPMATCH-26APR18MOLSHE-SHE,70,274,69,8841,68,13464,67,383,66,5008,72,18085,73,19383,74,10362,75,5173,76,120,71.0
2026-04-18 12:36:07 AM,KXATPMATCH-26APR18MOLSHE-SHE,70,274,69,8841,68,13464,67,5383,66,5008,72,18085,73,19383,74,10362,75,5173,76,120,71.0
2026-04-18 12:36:07 AM,KXATPMATCH-26APR18MOLSHE-SHE,70,274,69,8841,68,8464,67,5383,66,5008,72,18085,73,19383,74,10362,75,5173,76,120,71.0
2026-04-18 12:36:07 AM,KXATPMATCH-26APR18MOLSHE-SHE,70,274,69,8841,68,8464,67,5383,66,8,72,18085,73,19383,74,10362,75,5173,76,120,71.0
2026-04-18 12:36:07 AM,KXATPMATCH-26APR18MOLSHE-SHE,70,274,69,8841,68,6325,67,5383,66,8,72,18085,73,19383,74,10362,75,5173,76,120,71.0
2026-04-18 12:36:08 AM,KXATPMATCH-26APR18MOLSHE-SHE,70,309,69,8841,68,6325,67,5383,66,8,72,18085,73,19383,74,10362,75,5173,76,120,71.0
2026-04-18 12:36:08 AM,KXATPMATCH-26APR18MOLSHE-SHE,70,309,69,8841,68,8464,67,5383,66,8,72,18085,73,19383,74,10362,75,5173,76,120,71.0
2026-04-18 12:36:09 AM,KXATPMATCH-26APR18MOLSHE-SHE,70,274,69,8841,68,8464,67,5383,66,8,72,18085,73,19383,74,10362,75,5173,76,120,71.0
2026-04-18 12:36:10 AM,KXATPMATCH-26APR18MOLSHE-SHE,70,274,69,8841,68,13464,67,5383,66,8,72,18085,73,19383,74,10362,75,5173,76,120,71.0
2026-04-18 12:36:18 AM,KXATPMATCH-26APR18MOLSHE-SHE,70,274,69,8876,68,13464,67,5383,66,8,72,18085,73,19383,74,10362,75,5173,76,120,71.0
2026-04-18 12:37:36 AM,KXATPMATCH-26APR18MOLSHE-SHE,70,274,69,8876,68,13464,67,5383,66,8,72,18100,73,19383,74,10362,75,5173,76,120,71.0
2026-04-18 12:38:17 AM,KXATPMATCH-26APR18MOLSHE-SHE,70,274,69,8876,68,13464,67,5383,66,8,72,18099,73,19383,74,10362,75,5173,76,120,71.0
2026-04-18 12:38:18 AM,KXATPMATCH-26APR18MOLSHE-SHE,70,274,69,8841,68,13464,67,5383,66,8,72,18099,73,19383,74,10362,75,5173,76,120,71.0
2026-04-18 12:38:18 AM,KXATPMATCH-26APR18MOLSHE-SHE,70,309,69,8841,68,13464,67,5383,66,8,72,18099,73,19383,74,10362,75,5173,76,120,71.0
2026-04-18 12:38:19 AM,KXATPMATCH-26APR18MOLSHE-SHE,70,274,69,8841,68,13464,67,5383,66,8,72,18099,73,19383,74,10362,75,5173,76,120,71.0
2026-04-18 12:38:19 AM,KXATPMATCH-26APR18MOLSHE-SHE,70,274,69,8876,68,13464,67,5383,66,8,72,18099,73,19383,74,10362,75,5173,76,120,71.0
2026-04-18 12:38:25 AM,KXATPMATCH-26APR18MOLSHE-SHE,70,274,69,8876,68,13464,67,5383,66,8,72,18093,73,19383,74,10362,75,5173,76,120,71.0
2026-04-18 12:38:25 AM,KXATPMATCH-26APR18MOLSHE-SHE,70,274,69,8841,68,13464,67,5383,66,8,72,18093,73,19383,74,10362,75,5173,76,120,71.0
2026-04-18 12:38:43 AM,KXATPMATCH-26APR18MOLSHE-SHE,70,274,69,8876,68,13464,67,5383,66,8,72,18093,73,19383,74,10362,75,5173,76,120,71.0
2026-04-18 12:38:47 AM,KXATPMATCH-26APR18MOLSHE-SHE,70,274,69,8873,68,13464,67,5383,66,8,72,18093,73,19383,74,10362,75,5173,76,120,71.0
2026-04-18 12:38:47 AM,KXATPMATCH-26APR18MOLSHE-SHE,70,274,69,8866,68,13464,67,5383,66,8,72,18093,73,19383,74,10362,75,5173,76,120,71.0
2026-04-18 12:38:47 AM,KXATPMATCH-26APR18MOLSHE-SHE,70,261,69,8866,68,13464,67,5383,66,8,72,18093,73,19383,74,10362,75,5173,76,120,71.0
2026-04-18 12:38:47 AM,KXATPMATCH-26APR18MOLSHE-SHE,70,261,69,8866,68,13464,67,5383,66,8,72,18093,73,19372,74,10362,75,5173,76,120,71.0
2026-04-18 12:38:47 AM,KXATPMATCH-26APR18MOLSHE-SHE,70,261,69,8866,68,13464,67,5383,66,8,72,18093,73,19367,74,10362,75,5173,76,120,71.0
2026-04-18 12:38:47 AM,KXATPMATCH-26APR18MOLSHE-SHE,70,261,69,8866,68,13464,67,5383,66,8,72,18093,73,19367,74,10351,75,5173,76,120,71.0
2026-04-18 12:38:47 AM,KXATPMATCH-26APR18MOLSHE-SHE,70,277,69,8866,68,13464,67,5383,66,8,72,18093,73,19367,74,10351,75,5173,76,120,71.0
2026-04-18 12:38:47 AM,KXATPMATCH-26APR18MOLSHE-SHE,70,277,69,8877,68,13464,67,5383,66,8,72,18093,73,19367,74,10351,75,5173,76,120,71.0
2026-04-18 12:38:47 AM,KXATPMATCH-26APR18MOLSHE-SHE,70,277,69,8877,68,13464,67,5383,66,8,72,18093,73,19383,74,10351,75,5173,76,120,71.0
2026-04-18 12:38:47 AM,KXATPMATCH-26APR18MOLSHE-SHE,70,277,69,8877,68,13464,67,5383,66,8,72,18093,73,19383,74,10362,75,5173,76,120,71.0
2026-04-18 12:38:53 AM,KXATPMATCH-26APR18MOLSHE-SHE,70,277,69,8877,68,13464,67,5383,66,8,72,18078,73,19383,74,10362,75,5173,76,120,71.0
2026-04-18 12:41:16 AM,KXATPMATCH-26APR18MOLSHE-SHE,70,277,69,8877,68,13464,67,5383,66,8,72,18093,73,19383,74,10362,75,5173,76,120,71.0
2026-04-18 12:41:53 AM,KXATPMATCH-26APR18MOLSHE-SHE,70,277,69,8842,68,13464,67,5383,66,8,72,18093,73,19383,74,10362,75,5173,76,120,71.0
2026-04-18 12:42:21 AM,KXATPMATCH-26APR18MOLSHE-SHE,70,277,69,8842,68,13464,67,5383,66,8,72,18078,73,19383,74,10362,75,5173,76,120,71.0
2026-04-18 12:42:46 AM,KXATPMATCH-26APR18MOLSHE-SHE,70,277,69,8842,68,13464,67,5383,66,8,72,17984,73,19383,74,10362,75,5173,76,120,71.0
2026-04-18 12:44:47 AM,KXATPMATCH-26APR18MOLSHE-SHE,70,277,69,8842,68,13464,67,5383,66,8,72,17999,73,19383,74,10362,75,5173,76,120,71.0
2026-04-18 12:45:20 AM,KXATPMATCH-26APR18MOLSHE-SHE,70,277,69,8842,68,13464,67,5383,66,8,72,17984,73,19383,74,10362,75,5173,76,120,71.0
2026-04-18 12:47:22 AM,KXATPMATCH-26APR18MOLSHE-SHE,70,277,69,8842,68,13464,67,5383,66,8,72,15984,73,19383,74,10362,75,5173,76,120,71.0
2026-04-18 12:47:22 AM,KXATPMATCH-26APR18MOLSHE-SHE,70,277,69,8842,68,13464,67,5383,66,8,72,13984,73,19383,74,10362,75,5173,76,120,71.0
2026-04-18 12:47:22 AM,KXATPMATCH-26APR18MOLSHE-SHE,70,277,69,6842,68,13464,67,5383,66,8,72,13984,73,19383,74,10362,75,5173,76,120,71.0
2026-04-18 12:47:22 AM,KXATPMATCH-26APR18MOLSHE-SHE,70,277,69,6842,68,13464,67,5383,66,8,72,13984,73,18383,74,10362,75,5173,76,120,71.0
2026-04-18 12:47:22 AM,KXATPMATCH-26APR18MOLSHE-SHE,70,277,69,6842,68,13464,67,5383,66,8,72,13984,73,17383,74,10362,75,5173,76,120,71.0
2026-04-18 12:47:22 AM,KXATPMATCH-26APR18MOLSHE-SHE,70,277,69,6842,68,12464,67,5383,66,8,72,13984,73,17383,74,10362,75,5173,76,120,71.0
2026-04-18 12:47:22 AM,KXATPMATCH-26APR18MOLSHE-SHE,70,277,69,6842,68,12464,67,5383,66,8,72,11984,73,17383,74,10362,75,5173,76,120,71.0
2026-04-18 12:47:22 AM,KXATPMATCH-26APR18MOLSHE-SHE,70,277,69,6842,68,12464,67,5383,66,8,72,9984,73,17383,74,10362,75,5173,76,120,71.0
2026-04-18 12:47:22 AM,KXATPMATCH-26APR18MOLSHE-SHE,70,277,69,6842,68,12464,67,5383,66,8,72,9984,73,15383,74,10362,75,5173,76,120,71.0
2026-04-18 12:47:22 AM,KXATPMATCH-26APR18MOLSHE-SHE,70,277,69,6842,68,12464,67,5383,66,8,72,9984,73,13383,74,10362,75,5173,76,120,71.0
2026-04-18 12:47:22 AM,KXATPMATCH-26APR18MOLSHE-SHE,70,277,69,6842,68,12464,67,5383,66,8,72,9984,73,11383,74,10362,75,5173,76,120,71.0
2026-04-18 12:47:22 AM,KXATPMATCH-26APR18MOLSHE-SHE,70,277,69,6842,68,12464,67,5383,66,8,72,9984,73,9383,74,10362,75,5173,76,120,71.0
2026-04-18 12:47:22 AM,KXATPMATCH-26APR18MOLSHE-SHE,70,277,69,6842,68,12464,67,5383,66,8,72,7984,73,9383,74,10362,75,5173,76,120,71.0
2026-04-18 12:47:22 AM,KXATPMATCH-26APR18MOLSHE-SHE,70,277,69,6842,68,12464,67,5383,66,8,72,8672,73,9383,74,10362,75,5173,76,120,71.0
2026-04-18 12:47:45 AM,KXATPMATCH-26APR18MOLSHE-SHE,70,577,69,6842,68,12464,67,5383,66,8,72,8672,73,9383,74,10362,75,5173,76,120,71.0
2026-04-18 12:48:15 AM,KXATPMATCH-26APR18MOLSHE-SHE,70,577,69,6842,68,12464,67,5383,66,8,72,8636,73,9383,74,10362,75,5173,76,120,71.0
2026-04-18 12:48:19 AM,KXATPMATCH-26APR18MOLSHE-SHE,70,577,69,6842,68,10325,67,5383,66,8,72,8636,73,9383,74,10362,75,5173,76,120,71.0
2026-04-18 12:48:22 AM,KXATPMATCH-26APR18MOLSHE-SHE,70,577,69,6842,68,12464,67,5383,66,8,72,8636,73,9383,74,10362,75,5173,76,120,71.0
2026-04-18 12:48:26 AM,KXATPMATCH-26APR18MOLSHE-SHE,70,577,69,6842,68,12464,67,5383,66,8,72,8633,73,9383,74,10362,75,5173,76,120,71.0
2026-04-18 12:51:32 AM,KXATPMATCH-26APR18MOLSHE-SHE,70,577,69,6842,68,12464,67,5383,66,8,72,12831,73,9383,74,10362,75,5173,76,120,71.0
2026-04-18 12:51:56 AM,KXATPMATCH-26APR18MOLSHE-SHE,70,577,69,6842,68,12464,67,5383,66,8,72,12846,73,9383,74,10362,75,5173,76,120,71.0
2026-04-18 12:52:22 AM,KXATPMATCH-26APR18MOLSHE-SHE,70,577,69,6842,68,12464,67,5383,66,8,72,12694,73,9383,74,10362,75,5173,76,120,71.0
2026-04-18 12:52:28 AM,KXATPMATCH-26APR18MOLSHE-SHE,70,577,69,6842,68,12464,67,5383,66,8,72,8496,73,9383,74,10362,75,5173,76,120,71.0
2026-04-18 12:52:52 AM,KXATPMATCH-26APR18MOLSHE-SHE,70,577,69,6842,68,12464,67,5383,66,8,72,8442,73,9383,74,10362,75,5173,76,120,71.0
2026-04-18 12:53:00 AM,KXATPMATCH-26APR18MOLSHE-SHE,70,577,69,6842,68,12464,67,5383,66,8,72,8415,73,9383,74,10362,75,5173,76,120,71.0
2026-04-18 12:53:12 AM,KXATPMATCH-26APR18MOLSHE-SHE,70,572,69,6842,68,12464,67,5383,66,8,72,8415,73,9383,74,10362,75,5173,76,120,71.0
2026-04-18 12:53:45 AM,KXATPMATCH-26APR18MOLSHE-SHE,70,572,69,6842,68,12464,67,5383,66,8,72,8853,73,9383,74,10362,75,5173,76,120,71.0
2026-04-18 12:53:45 AM,KXATPMATCH-26APR18MOLSHE-SHE,70,572,69,6825,68,12464,67,5383,66,8,72,8853,73,9383,74,10362,75,5173,76,120,71.0
2026-04-18 12:53:45 AM,KXATPMATCH-26APR18MOLSHE-SHE,70,572,69,6818,68,12464,67,5383,66,8,72,8853,73,9383,74,10362,75,5173,76,120,71.0
2026-04-18 12:53:45 AM,KXATPMATCH-26APR18MOLSHE-SHE,70,572,69,6817,68,12464,67,5383,66,8,72,8853,73,9383,74,10362,75,5173,76,120,71.0
2026-04-18 12:53:45 AM,KXATPMATCH-26APR18MOLSHE-SHE,70,572,69,6792,68,12464,67,5383,66,8,72,8853,73,9383,74,10362,75,5173,76,120,71.0
2026-04-18 12:53:45 AM,KXATPMATCH-26APR18MOLSHE-SHE,70,572,69,6787,68,12464,67,5383,66,8,72,8853,73,9383,74,10362,75,5173,76,120,71.0
2026-04-18 12:53:45 AM,KXATPMATCH-26APR18MOLSHE-SHE,70,572,69,6754,68,12464,67,5383,66,8,72,8853,73,9383,74,10362,75,5173,76,120,71.0
2026-04-18 12:53:45 AM,KXATPMATCH-26APR18MOLSHE-SHE,70,572,69,6709,68,12464,67,5383,66,8,72,8853,73,9383,74,10362,75,5173,76,120,71.0
2026-04-18 12:53:45 AM,KXATPMATCH-26APR18MOLSHE-SHE,70,572,69,6626,68,12464,67,5383,66,8,72,8853,73,9383,74,10362,75,5173,76,120,71.0
2026-04-18 12:53:45 AM,KXATPMATCH-26APR18MOLSHE-SHE,70,572,69,6626,68,12245,67,5383,66,8,72,8853,73,9383,74,10362,75,5173,76,120,71.0
2026-04-18 12:54:23 AM,KXATPMATCH-26APR18MOLSHE-SHE,70,572,69,6626,68,12245,67,5383,66,8,72,8888,73,9383,74,10362,75,5173,76,120,71.0
2026-04-18 12:54:23 AM,KXATPMATCH-26APR18MOLSHE-SHE,70,572,69,6661,68,12245,67,5383,66,8,72,8888,73,9383,74,10362,75,5173,76,120,71.0
2026-04-18 12:56:13 AM,KXATPMATCH-26APR18MOLSHE-SHE,70,572,69,6661,68,12245,67,5383,66,8,72,8849,73,9383,74,10362,75,5173,76,120,71.0
2026-04-18 12:56:13 AM,KXATPMATCH-26APR18MOLSHE-SHE,70,572,69,6626,68,12245,67,5383,66,8,72,8849,73,9383,74,10362,75,5173,76,120,71.0
2026-04-18 12:56:13 AM,KXATPMATCH-26APR18MOLSHE-SHE,70,607,69,6626,68,12245,67,5383,66,8,72,8849,73,9383,74,10362,75,5173,76,120,71.0
2026-04-18 12:56:13 AM,KXATPMATCH-26APR18MOLSHE-SHE,70,607,69,6626,68,12245,67,5383,66,8,72,8814,73,9383,74,10362,75,5173,76,120,71.0
2026-04-18 12:56:14 AM,KXATPMATCH-26APR18MOLSHE-SHE,70,607,69,6626,68,12245,67,5383,66,8,72,8849,73,9383,74,10362,75,5173,76,120,71.0
2026-04-18 12:56:15 AM,KXATPMATCH-26APR18MOLSHE-SHE,70,572,69,6626,68,12245,67,5383,66,8,72,8849,73,9383,74,10362,75,5173,76,120,71.0
2026-04-18 12:56:15 AM,KXATPMATCH-26APR18MOLSHE-SHE,70,572,69,6661,68,12245,67,5383,66,8,72,8849,73,9383,74,10362,75,5173,76,120,71.0
2026-04-18 12:56:52 AM,KXATPMATCH-26APR18MOLSHE-SHE,70,572,69,6661,68,12245,67,5383,66,8,72,8439,73,9383,74,10362,75,5173,76,120,71.0
2026-04-18 12:56:52 AM,KXATPMATCH-26APR18MOLSHE-SHE,70,572,69,6661,68,12245,67,5383,66,8,72,8175,73,9383,74,10362,75,5173,76,120,71.0
2026-04-18 12:56:52 AM,KXATPMATCH-26APR18MOLSHE-SHE,70,572,69,6661,68,12245,67,5383,66,8,72,8140,73,9383,74,10362,75,5173,76,120,71.0
2026-04-18 12:56:52 AM,KXATPMATCH-26APR18MOLSHE-SHE,70,572,69,6626,68,12245,67,5383,66,8,72,8140,73,9383,74,10362,75,5173,76,120,71.0
2026-04-18 12:56:52 AM,KXATPMATCH-26APR18MOLSHE-SHE,70,607,69,6626,68,12245,67,5383,66,8,72,8140,73,9383,74,10362,75,5173,76,120,71.0
2026-04-18 12:56:52 AM,KXATPMATCH-26APR18MOLSHE-SHE,70,607,69,6626,68,12245,67,5449,66,8,72,8140,73,9383,74,10362,75,5173,76,120,71.0
2026-04-18 12:56:52 AM,KXATPMATCH-26APR18MOLSHE-SHE,70,2347,69,6626,68,12245,67,5449,66,8,72,8140,73,9383,74,10362,75,5173,76,120,71.0
2026-04-18 12:56:52 AM,KXATPMATCH-26APR18MOLSHE-SHE,70,2347,69,8765,68,12245,67,5449,66,8,72,8140,73,9383,74,10362,75,5173,76,120,71.0
2026-04-18 12:56:52 AM,KXATPMATCH-26APR18MOLSHE-SHE,70,2347,69,8765,68,12245,67,5449,66,8,72,8175,73,9383,74,10362,75,5173,76,120,71.0
2026-04-18 12:56:53 AM,KXATPMATCH-26APR18MOLSHE-SHE,70,2347,69,8765,68,10106,67,5449,66,8,72,8175,73,9383,74,10362,75,5173,76,120,71.0
2026-04-18 12:56:56 AM,KXATPMATCH-26APR18MOLSHE-SHE,70,2347,69,8765,68,10106,67,5449,66,8,72,8150,73,9383,74,10362,75,5173,76,120,71.0
2026-04-18 12:56:56 AM,KXATPMATCH-26APR18MOLSHE-SHE,70,2347,69,8765,68,10106,67,5449,66,8,72,8115,73,9383,74,10362,75,5173,76,120,71.0
2026-04-18 12:56:57 AM,KXATPMATCH-26APR18MOLSHE-SHE,70,2347,69,8765,68,10106,67,5449,66,8,72,8150,73,9383,74,10362,75,5173,76,120,71.0
2026-04-18 12:57:22 AM,KXATPMATCH-26APR18MOLSHE-SHE,70,2347,69,8765,68,10106,67,5449,66,8,72,7503,73,9383,74,10362,75,5173,76,120,71.0
2026-04-18 12:57:22 AM,KXATPMATCH-26APR18MOLSHE-SHE,70,2347,69,8765,68,10106,67,5449,66,8,72,7178,73,9383,74,10362,75,5173,76,120,71.0
2026-04-18 12:57:22 AM,KXATPMATCH-26APR18MOLSHE-SHE,70,2347,69,8765,68,10106,67,5449,66,8,72,7143,73,9383,74,10362,75,5173,76,120,71.0
2026-04-18 12:57:22 AM,KXATPMATCH-26APR18MOLSHE-SHE,70,3491,69,8765,68,10106,67,5449,66,8,72,7143,73,9383,74,10362,75,5173,76,120,71.0
2026-04-18 12:57:22 AM,KXATPMATCH-26APR18MOLSHE-SHE,70,3491,69,8765,68,10106,67,5449,66,8,72,7143,73,9383,74,10363,75,5173,76,120,71.0
2026-04-18 12:57:22 AM,KXATPMATCH-26APR18MOLSHE-SHE,70,3491,69,8765,68,10106,67,5449,66,8,72,7178,73,9383,74,10363,75,5173,76,120,71.0
2026-04-18 12:57:22 AM,KXATPMATCH-26APR18MOLSHE-SHE,70,3491,69,8765,68,10106,67,5449,66,8,72,7178,73,9383,74,10362,75,5173,76,120,71.0
2026-04-18 12:58:32 AM,KXATPMATCH-26APR18MOLSHE-SHE,70,3491,69,8765,68,10106,67,5449,66,8,72,7056,73,9383,74,10362,75,5173,76,120,71.0
2026-04-18 12:58:32 AM,KXATPMATCH-26APR18MOLSHE-SHE,70,3491,69,8765,68,10106,67,5449,66,8,72,7021,73,9383,74,10362,75,5173,76,120,71.0
2026-04-18 12:58:32 AM,KXATPMATCH-26APR18MOLSHE-SHE,70,3491,69,8765,68,10106,67,5449,66,8,72,7021,73,9418,74,10362,75,5173,76,120,71.0
2026-04-18 12:58:55 AM,KXATPMATCH-26APR18MOLSHE-SHE,70,3491,69,8765,68,10106,67,5449,66,8,72,6994,73,9418,74,10362,75,5173,76,120,71.0
2026-04-18 12:59:33 AM,KXATPMATCH-26APR18MOLSHE-SHE,70,3491,69,8765,68,10106,67,5449,66,8,72,6978,73,9418,74,10362,75,5173,76,120,71.0
2026-04-18 12:59:52 AM,KXATPMATCH-26APR18MOLSHE-SHE,70,3491,69,8765,68,10106,67,5449,66,8,72,6724,73,9418,74,10362,75,5173,76,120,71.0
2026-04-18 12:59:52 AM,KXATPMATCH-26APR18MOLSHE-SHE,70,3491,69,8765,68,10106,67,5449,66,8,72,6179,73,9418,74,10362,75,5173,76,120,71.0
2026-04-18 12:59:52 AM,KXATPMATCH-26APR18MOLSHE-SHE,70,3491,69,8765,68,10106,67,5449,66,8,72,6005,73,9418,74,10362,75,5173,76,120,71.0
2026-04-18 12:59:52 AM,KXATPMATCH-26APR18MOLSHE-SHE,70,3491,69,7965,68,10106,67,5449,66,8,72,6005,73,9418,74,10362,75,5173,76,120,71.0
2026-04-18 12:59:52 AM,KXATPMATCH-26APR18MOLSHE-SHE,70,3491,69,7965,68,10106,67,5449,66,8,72,6005,73,8618,74,10362,75,5173,76,120,71.0
2026-04-18 12:59:52 AM,KXATPMATCH-26APR18MOLSHE-SHE,70,3491,69,7965,68,10106,67,5449,66,8,72,5942,73,8618,74,10362,75,5173,76,120,71.0
2026-04-18 12:59:53 AM,KXATPMATCH-26APR18MOLSHE-SHE,70,3491,69,8765,68,10106,67,5449,66,8,72,5942,73,8618,74,10362,75,5173,76,120,71.0
2026-04-18 12:59:53 AM,KXATPMATCH-26APR18MOLSHE-SHE,70,4036,69,8765,68,10106,67,5449,66,8,72,5942,73,8618,74,10362,75,5173,76,120,71.0
2026-04-18 12:59:53 AM,KXATPMATCH-26APR18MOLSHE-SHE,70,4036,69,8765,68,10106,67,5449,66,8,72,6180,73,8618,74,10362,75,5173,76,120,71.0
2026-04-18 12:59:53 AM,KXATPMATCH-26APR18MOLSHE-SHE,70,4036,69,8765,68,10106,67,5449,66,8,72,6180,73,9418,74,10362,75,5173,76,120,71.0
2026-04-18 01:00:00 AM,KXATPMATCH-26APR18MOLSHE-SHE,70,4036,69,8765,68,10126,67,5449,66,8,72,6180,73,9418,74,10362,75,5173,76,120,71.0
2026-04-18 01:00:00 AM,KXATPMATCH-26APR18MOLSHE-SHE,70,4036,69,8765,68,10146,67,5449,66,8,72,6180,73,9418,74,10362,75,5173,76,120,71.0
2026-04-18 01:00:12 AM,KXATPMATCH-26APR18MOLSHE-SHE,70,4036,69,8765,68,10146,67,5449,66,8,72,6165,73,9418,74,10362,75,5173,76,120,71.0
2026-04-18 01:00:28 AM,KXATPMATCH-26APR18MOLSHE-SHE,70,4036,69,8765,68,10146,67,5449,66,8,72,5770,73,9418,74,10362,75,5173,76,120,71.0
2026-04-18 01:00:28 AM,KXATPMATCH-26APR18MOLSHE-SHE,70,4036,69,8765,68,10146,67,5449,66,8,72,5483,73,9418,74,10362,75,5173,76,120,71.0
2026-04-18 01:00:28 AM,KXATPMATCH-26APR18MOLSHE-SHE,70,4036,69,8765,68,10146,67,5449,66,8,72,5261,73,9418,74,10362,75,5173,76,120,71.0
2026-04-18 01:00:28 AM,KXATPMATCH-26APR18MOLSHE-SHE,70,4036,69,8765,68,10146,67,5449,66,8,72,6098,73,9418,74,10362,75,5173,76,120,71.0
2026-04-18 01:00:59 AM,KXATPMATCH-26APR18MOLSHE-SHE,70,4036,69,8765,68,10146,67,5449,66,8,72,6084,73,9418,74,10362,75,5173,76,120,71.0
2026-04-18 01:01:08 AM,KXATPMATCH-26APR18MOLSHE-SHE,70,4036,69,8765,68,10146,67,5449,66,8,72,5684,73,9418,74,10362,75,5173,76,120,71.0
2026-04-18 01:01:59 AM,KXATPMATCH-26APR18MOLSHE-SHE,71,1,70,4036,69,8765,68,10146,67,5449,72,5684,73,9418,74,10362,75,5173,76,120,71.5
2026-04-18 01:01:59 AM,KXATPMATCH-26APR18MOLSHE-SHE,71,1,70,4036,69,8765,68,10146,67,5226,72,5684,73,9418,74,10362,75,5173,76,120,71.5
2026-04-18 01:02:30 AM,KXATPMATCH-26APR18MOLSHE-SHE,71,1,70,4036,69,8765,68,10156,67,5226,72,5684,73,9418,74,10362,75,5173,76,120,71.5
2026-04-18 01:02:30 AM,KXATPMATCH-26APR18MOLSHE-SHE,71,1,70,4036,69,8765,68,10166,67,5226,72,5684,73,9418,74,10362,75,5173,76,120,71.5
2026-04-18 01:02:30 AM,KXATPMATCH-26APR18MOLSHE-SHE,71,1,70,4036,69,8765,68,10166,67,5226,72,5684,73,9428,74,10362,75,5173,76,120,71.5
2026-04-18 01:02:30 AM,KXATPMATCH-26APR18MOLSHE-SHE,71,1,70,4036,69,8765,68,10166,67,5226,72,5684,73,9438,74,10362,75,5173,76,120,71.5
2026-04-18 01:03:16 AM,KXATPMATCH-26APR18MOLSHE-SHE,71,1,70,4036,69,8765,68,10166,67,5226,72,5271,73,9438,74,10362,75,5173,76,120,71.5
2026-04-18 01:03:16 AM,KXATPMATCH-26APR18MOLSHE-SHE,71,1,70,4036,69,8765,68,10166,67,5226,72,5052,73,9438,74,10362,75,5173,76,120,71.5
2026-04-18 01:03:16 AM,KXATPMATCH-26APR18MOLSHE-SHE,71,1,70,4001,69,8765,68,10166,67,5226,72,5052,73,9438,74,10362,75,5173,76,120,71.5
2026-04-18 01:03:16 AM,KXATPMATCH-26APR18MOLSHE-SHE,71,36,70,4001,69,8765,68,10166,67,5226,72,5052,73,9438,74,10362,75,5173,76,120,71.5
2026-04-18 01:03:16 AM,KXATPMATCH-26APR18MOLSHE-SHE,71,1,70,4001,69,8765,68,10166,67,5226,72,5052,73,9438,74,10362,75,5173,76,120,71.5
2026-04-18 01:03:16 AM,KXATPMATCH-26APR18MOLSHE-SHE,71,1,70,4036,69,8765,68,10166,67,5226,72,5052,73,9438,74,10362,75,5173,76,120,71.5
2026-04-18 01:03:16 AM,KXATPMATCH-26APR18MOLSHE-SHE,71,1,70,4036,69,8765,68,10166,67,5226,72,5052,73,9439,74,10362,75,5173,76,120,71.5
2026-04-18 01:03:18 AM,KXATPMATCH-26APR18MOLSHE-SHE,71,1,70,4036,69,8765,68,10166,67,5226,72,5052,73,9438,74,10362,75,5173,76,120,71.5
2026-04-18 01:03:24 AM,KXATPMATCH-26APR18MOLSHE-SHE,71,1,70,4036,69,8765,68,10166,67,5226,72,5052,73,9440,74,10362,75,5173,76,120,71.5
2026-04-18 01:03:24 AM,KXATPMATCH-26APR18MOLSHE-SHE,71,1,70,4036,69,8765,68,10166,67,5226,72,5052,73,9438,74,10362,75,5173,76,120,71.5
2026-04-18 01:03:33 AM,KXATPMATCH-26APR18MOLSHE-SHE,71,1,70,4036,69,8765,68,10166,67,5226,72,5027,73,9438,74,10362,75,5173,76,120,71.5
2026-04-18 01:03:33 AM,KXATPMATCH-26APR18MOLSHE-SHE,71,1,70,4001,69,8765,68,10166,67,5226,72,5027,73,9438,74,10362,75,5173,76,120,71.5
2026-04-18 01:03:33 AM,KXATPMATCH-26APR18MOLSHE-SHE,71,36,70,4001,69,8765,68,10166,67,5226,72,5027,73,9438,74,10362,75,5173,76,120,71.5
2026-04-18 01:03:34 AM,KXATPMATCH-26APR18MOLSHE-SHE,71,1,70,4001,69,8765,68,10166,67,5226,72,5027,73,9438,74,10362,75,5173,76,120,71.5
2026-04-18 01:03:34 AM,KXATPMATCH-26APR18MOLSHE-SHE,71,1,70,4036,69,8765,68,10166,67,5226,72,5027,73,9438,74,10362,75,5173,76,120,71.5
2026-04-18 01:04:27 AM,KXATPMATCH-26APR18MOLSHE-SHE,71,1,70,4036,69,8765,68,10166,67,5226,72,5000,73,9438,74,10362,75,5173,76,120,71.5
2026-04-18 01:04:53 AM,KXATPMATCH-26APR18MOLSHE-SHE,71,1,70,4036,69,8765,68,10166,67,5226,72,4970,73,9438,74,10362,75,5173,76,120,71.5
2026-04-18 01:04:53 AM,KXATPMATCH-26APR18MOLSHE-SHE,71,1,70,4001,69,8765,68,10166,67,5226,72,4970,73,9438,74,10362,75,5173,76,120,71.5
2026-04-18 01:04:53 AM,KXATPMATCH-26APR18MOLSHE-SHE,71,36,70,4001,69,8765,68,10166,67,5226,72,4970,73,9438,74,10362,75,5173,76,120,71.5
2026-04-18 01:04:54 AM,KXATPMATCH-26APR18MOLSHE-SHE,71,1,70,4001,69,8765,68,10166,67,5226,72,4970,73,9438,74,10362,75,5173,76,120,71.5
2026-04-18 01:04:54 AM,KXATPMATCH-26APR18MOLSHE-SHE,71,1,70,4036,69,8765,68,10166,67,5226,72,4970,73,9438,74,10362,75,5173,76,120,71.5
2026-04-18 01:04:56 AM,KXATPMATCH-26APR18MOLSHE-SHE,71,1,70,4036,69,8765,68,10166,67,5226,72,4969,73,9438,74,10362,75,5173,76,120,71.5
2026-04-18 01:04:56 AM,KXATPMATCH-26APR18MOLSHE-SHE,71,1,70,4001,69,8765,68,10166,67,5226,72,4969,73,9438,74,10362,75,5173,76,120,71.5
2026-04-18 01:04:56 AM,KXATPMATCH-26APR18MOLSHE-SHE,71,36,70,4001,69,8765,68,10166,67,5226,72,4969,73,9438,74,10362,75,5173,76,120,71.5
2026-04-18 01:04:57 AM,KXATPMATCH-26APR18MOLSHE-SHE,71,1,70,4001,69,8765,68,10166,67,5226,72,4969,73,9438,74,10362,75,5173,76,120,71.5
2026-04-18 01:04:57 AM,KXATPMATCH-26APR18MOLSHE-SHE,71,1,70,4036,69,8765,68,10166,67,5226,72,4969,73,9438,74,10362,75,5173,76,120,71.5
2026-04-18 01:05:54 AM,KXATPMATCH-26APR18MOLSHE-SHE,71,1,70,4036,69,8765,68,10386,67,5226,72,4969,73,9438,74,10362,75,5173,76,120,71.5
2026-04-18 01:08:36 AM,KXATPMATCH-26APR18MOLSHE-SHE,71,1,70,4036,69,8765,68,10386,67,5226,72,4962,73,9438,74,10362,75,5173,76,120,71.5
2026-04-18 01:08:36 AM,KXATPMATCH-26APR18MOLSHE-SHE,71,1,70,4001,69,8765,68,10386,67,5226,72,4962,73,9438,74,10362,75,5173,76,120,71.5
2026-04-18 01:08:36 AM,KXATPMATCH-26APR18MOLSHE-SHE,71,36,70,4001,69,8765,68,10386,67,5226,72,4962,73,9438,74,10362,75,5173,76,120,71.5
2026-04-18 01:08:37 AM,KXATPMATCH-26APR18MOLSHE-SHE,71,1,70,4001,69,8765,68,10386,67,5226,72,4962,73,9438,74,10362,75,5173,76,120,71.5
2026-04-18 01:08:37 AM,KXATPMATCH-26APR18MOLSHE-SHE,71,1,70,4036,69,8765,68,10386,67,5226,72,4962,73,9438,74,10362,75,5173,76,120,71.5
2026-04-18 01:09:20 AM,KXATPMATCH-26APR18MOLSHE-SHE,71,1,70,4036,69,8765,68,10386,67,5226,72,4962,73,9439,74,10362,75,5173,76,120,71.5
2026-04-18 01:09:22 AM,KXATPMATCH-26APR18MOLSHE-SHE,71,1,70,4036,69,8765,68,10386,67,5226,72,4962,73,9438,74,10362,75,5173,76,120,71.5
2026-04-18 01:10:33 AM,KXATPMATCH-26APR18MOLSHE-SHE,71,1,70,4001,69,8765,68,10386,67,5226,72,4962,73,9438,74,10362,75,5173,76,120,71.5
2026-04-18 01:10:33 AM,KXATPMATCH-26APR18MOLSHE-SHE,71,1,70,4001,69,8765,68,10386,67,5226,72,4962,73,9403,74,10362,75,5173,76,120,71.5
2026-04-18 01:12:06 AM,KXATPMATCH-26APR18MOLSHE-SHE,71,1,70,3995,69,8760,68,10386,67,5226,72,4939,73,9403,74,10362,75,5173,76,120,71.5
2026-04-18 01:13:50 AM,KXATPMATCH-26APR18MOLSHE-SHE,71,1,70,3995,69,8760,68,10386,67,5226,72,4858,73,9403,74,10362,75,5173,76,120,71.5
2026-04-18 01:14:05 AM,KXATPMATCH-26APR18MOLSHE-SHE,71,1,70,3995,69,8760,68,10386,67,5226,72,4808,73,9403,74,10362,75,5173,76,120,71.5
2026-04-18 01:14:47 AM,KXATPMATCH-26APR18MOLSHE-SHE,71,1,70,3995,69,8760,68,10386,67,5226,72,4808,73,9438,74,10362,75,5173,76,120,71.5
2026-04-18 01:14:47 AM,KXATPMATCH-26APR18MOLSHE-SHE,71,1,70,4030,69,8760,68,10386,67,5226,72,4808,73,9438,74,10362,75,5173,76,120,71.5
2026-04-18 01:16:36 AM,KXATPMATCH-26APR18MOLSHE-SHE,71,1,70,4030,69,8760,68,10386,67,5226,72,4807,73,9438,74,10362,75,5173,76,120,71.5
2026-04-18 01:16:36 AM,KXATPMATCH-26APR18MOLSHE-SHE,71,1,70,3995,69,8760,68,10386,67,5226,72,4807,73,9438,74,10362,75,5173,76,120,71.5
2026-04-18 01:16:36 AM,KXATPMATCH-26APR18MOLSHE-SHE,71,36,70,3995,69,8760,68,10386,67,5226,72,4807,73,9438,74,10362,75,5173,76,120,71.5
2026-04-18 01:16:37 AM,KXATPMATCH-26APR18MOLSHE-SHE,71,1,70,3995,69,8760,68,10386,67,5226,72,4807,73,9438,74,10362,75,5173,76,120,71.5
2026-04-18 01:16:39 AM,KXATPMATCH-26APR18MOLSHE-SHE,71,1,70,4030,69,8760,68,10386,67,5226,72,4807,73,9438,74,10362,75,5173,76,120,71.5
2026-04-18 01:17:29 AM,KXATPMATCH-26APR18MOLSHE-SHE,71,1,70,4030,69,8760,68,10386,67,5226,72,4806,73,9438,74,10362,75,5173,76,120,71.5
2026-04-18 01:18:10 AM,KXATPMATCH-26APR18MOLSHE-SHE,71,1,70,4030,69,8760,68,10386,67,5160,72,4806,73,9438,74,10362,75,5173,76,120,71.5
2026-04-18 01:18:10 AM,KXATPMATCH-26APR18MOLSHE-SHE,71,1,70,4030,69,8760,68,10386,67,5199,72,4806,73,9438,74,10362,75,5173,76,120,71.5
2026-04-18 01:18:10 AM,KXATPMATCH-26APR18MOLSHE-SHE,71,1,70,4030,69,8760,68,10386,67,5144,72,4806,73,9438,74,10362,75,5173,76,120,71.5
2026-04-18 01:18:10 AM,KXATPMATCH-26APR18MOLSHE-SHE,71,1,70,2290,69,8760,68,10386,67,5144,72,4806,73,9438,74,10362,75,5173,76,120,71.5
2026-04-18 01:18:10 AM,KXATPMATCH-26APR18MOLSHE-SHE,71,1,70,2290,69,8760,68,10386,67,5144,72,6699,73,9438,74,10362,75,5173,76,120,71.5
2026-04-18 01:18:10 AM,KXATPMATCH-26APR18MOLSHE-SHE,71,1,70,2290,69,8760,68,5386,67,5144,72,6699,73,9438,74,10362,75,5173,76,120,71.5
2026-04-18 01:18:10 AM,KXATPMATCH-26APR18MOLSHE-SHE,71,1,70,2255,69,8760,68,5386,67,5144,72,6699,73,9438,74,10362,75,5173,76,120,71.5
2026-04-18 01:18:10 AM,KXATPMATCH-26APR18MOLSHE-SHE,71,1,70,2255,69,8795,68,5386,67,5144,72,6699,73,9438,74,10362,75,5173,76,120,71.5
2026-04-18 01:18:10 AM,KXATPMATCH-26APR18MOLSHE-SHE,71,1,70,2255,69,8795,68,5386,67,5144,72,6699,73,9403,74,10362,75,5173,76,120,71.5
2026-04-18 01:18:10 AM,KXATPMATCH-26APR18MOLSHE-SHE,71,1,70,2255,69,8795,68,5386,67,5144,72,6734,73,9403,74,10362,75,5173,76,120,71.5
2026-04-18 01:18:10 AM,KXATPMATCH-26APR18MOLSHE-SHE,71,1,70,2255,69,8795,68,5386,67,144,72,6734,73,9403,74,10362,75,5173,76,120,71.5
2026-04-18 01:18:10 AM,KXATPMATCH-26APR18MOLSHE-SHE,71,1,70,2255,69,8795,68,5386,67,144,72,6699,73,9403,74,10362,75,5173,76,120,71.5
2026-04-18 01:18:10 AM,KXATPMATCH-26APR18MOLSHE-SHE,71,1,70,2255,69,8795,68,5386,67,144,72,6699,73,9438,74,10362,75,5173,76,120,71.5
2026-04-18 01:18:10 AM,KXATPMATCH-26APR18MOLSHE-SHE,71,1,70,2255,69,8760,68,5386,67,144,72,6699,73,9438,74,10362,75,5173,76,120,71.5
2026-04-18 01:18:10 AM,KXATPMATCH-26APR18MOLSHE-SHE,71,1,70,2290,69,8760,68,5386,67,144,72,6699,73,9438,74,10362,75,5173,76,120,71.5
2026-04-18 01:18:14 AM,KXATPMATCH-26APR18MOLSHE-SHE,71,1,70,2290,69,8760,68,7525,67,144,72,6699,73,9438,74,10362,75,5173,76,120,71.5
2026-04-18 01:18:14 AM,KXATPMATCH-26APR18MOLSHE-SHE,71,1,70,2290,69,6621,68,7525,67,144,72,6699,73,9438,74,10362,75,5173,76,120,71.5
2026-04-18 01:18:14 AM,KXATPMATCH-26APR18MOLSHE-SHE,71,1,70,2255,69,6621,68,7525,67,144,72,6699,73,9438,74,10362,75,5173,76,120,71.5
2026-04-18 01:18:14 AM,KXATPMATCH-26APR18MOLSHE-SHE,71,1,70,2255,69,6656,68,7525,67,144,72,6699,73,9438,74,10362,75,5173,76,120,71.5
2026-04-18 01:18:16 AM,KXATPMATCH-26APR18MOLSHE-SHE,71,1,70,2255,69,6656,68,7525,67,105,72,6699,73,9438,74,10362,75,5173,76,120,71.5
2026-04-18 01:18:21 AM,KXATPMATCH-26APR18MOLSHE-SHE,71,1,70,2255,69,6656,68,7525,67,105,72,6692,73,9438,74,10362,75,5173,76,120,71.5
2026-04-18 01:18:21 AM,KXATPMATCH-26APR18MOLSHE-SHE,71,1,70,2255,69,6621,68,7525,67,105,72,6692,73,9438,74,10362,75,5173,76,120,71.5
2026-04-18 01:18:22 AM,KXATPMATCH-26APR18MOLSHE-SHE,71,1,70,2290,69,6621,68,7525,67,105,72,6692,73,9438,74,10362,75,5173,76,120,71.5
2026-04-18 01:18:24 AM,KXATPMATCH-26APR18MOLSHE-SHE,71,1,70,2255,69,6621,68,7525,67,105,72,6692,73,9438,74,10362,75,5173,76,120,71.5
2026-04-18 01:18:24 AM,KXATPMATCH-26APR18MOLSHE-SHE,71,1,70,2255,69,6656,68,7525,67,105,72,6692,73,9438,74,10362,75,5173,76,120,71.5
2026-04-18 01:18:31 AM,KXATPMATCH-26APR18MOLSHE-SHE,71,1,70,2255,69,6656,68,7525,67,105,72,6691,73,9438,74,10362,75,5173,76,120,71.5
2026-04-18 01:18:31 AM,KXATPMATCH-26APR18MOLSHE-SHE,71,1,70,2255,69,6621,68,7525,67,105,72,6691,73,9438,74,10362,75,5173,76,120,71.5
2026-04-18 01:18:32 AM,KXATPMATCH-26APR18MOLSHE-SHE,71,1,70,2290,69,6621,68,7525,67,105,72,6691,73,9438,74,10362,75,5173,76,120,71.5
2026-04-18 01:18:33 AM,KXATPMATCH-26APR18MOLSHE-SHE,71,1,70,2255,69,6621,68,7525,67,105,72,6691,73,9438,74,10362,75,5173,76,120,71.5
2026-04-18 01:18:35 AM,KXATPMATCH-26APR18MOLSHE-SHE,71,1,70,2255,69,6656,68,7525,67,105,72,6691,73,9438,74,10362,75,5173,76,120,71.5
2026-04-18 01:19:21 AM,KXATPMATCH-26APR18MOLSHE-SHE,71,1,70,2255,69,6656,68,7525,67,164,72,6691,73,9438,74,10362,75,5173,76,120,71.5
2026-04-18 01:19:25 AM,KXATPMATCH-26APR18MOLSHE-SHE,71,1,70,2255,69,6656,68,7525,67,164,72,6690,73,9438,74,10362,75,5173,76,120,71.5
2026-04-18 01:19:25 AM,KXATPMATCH-26APR18MOLSHE-SHE,71,1,70,2255,69,6621,68,7525,67,164,72,6690,73,9438,74,10362,75,5173,76,120,71.5
2026-04-18 01:19:25 AM,KXATPMATCH-26APR18MOLSHE-SHE,71,1,70,2290,69,6621,68,7525,67,164,72,6690,73,9438,74,10362,75,5173,76,120,71.5
2026-04-18 01:19:27 AM,KXATPMATCH-26APR18MOLSHE-SHE,71,1,70,2255,69,6621,68,7525,67,164,72,6690,73,9438,74,10362,75,5173,76,120,71.5
2026-04-18 01:19:27 AM,KXATPMATCH-26APR18MOLSHE-SHE,71,1,70,2255,69,6656,68,7525,67,164,72,6690,73,9438,74,10362,75,5173,76,120,71.5
2026-04-18 01:19:43 AM,KXATPMATCH-26APR18MOLSHE-SHE,71,1,70,2255,69,6656,68,7525,67,164,72,6557,73,9438,74,10362,75,5173,76,120,71.5
2026-04-18 01:19:43 AM,KXATPMATCH-26APR18MOLSHE-SHE,71,1,70,2255,69,6621,68,7525,67,164,72,6557,73,9438,74,10362,75,5173,76,120,71.5
2026-04-18 01:19:43 AM,KXATPMATCH-26APR18MOLSHE-SHE,71,36,70,2255,69,6621,68,7525,67,164,72,6557,73,9438,74,10362,75,5173,76,120,71.5
2026-04-18 01:19:44 AM,KXATPMATCH-26APR18MOLSHE-SHE,71,1,70,2255,69,6621,68,7525,67,164,72,6557,73,9438,74,10362,75,5173,76,120,71.5
2026-04-18 01:19:46 AM,KXATPMATCH-26APR18MOLSHE-SHE,71,1,70,2255,69,6656,68,7525,67,164,72,6557,73,9438,74,10362,75,5173,76,120,71.5
2026-04-18 01:19:47 AM,KXATPMATCH-26APR18MOLSHE-SHE,71,1,70,2255,69,6656,68,5386,67,164,72,6557,73,9438,74,10362,75,5173,76,120,71.5
2026-04-18 01:19:48 AM,KXATPMATCH-26APR18MOLSHE-SHE,71,1,70,2255,69,6656,68,5386,67,164,72,6537,73,9438,74,10362,75,5173,76,120,71.5
2026-04-18 01:19:48 AM,KXATPMATCH-26APR18MOLSHE-SHE,71,1,70,2255,69,6621,68,5386,67,164,72,6537,73,9438,74,10362,75,5173,76,120,71.5
2026-04-18 01:19:48 AM,KXATPMATCH-26APR18MOLSHE-SHE,71,1,70,2255,69,6621,68,7525,67,164,72,6537,73,9438,74,10362,75,5173,76,120,71.5
2026-04-18 01:19:48 AM,KXATPMATCH-26APR18MOLSHE-SHE,71,36,70,2255,69,6621,68,7525,67,164,72,6537,73,9438,74,10362,75,5173,76,120,71.5
2026-04-18 01:19:49 AM,KXATPMATCH-26APR18MOLSHE-SHE,71,1,70,2255,69,6621,68,7525,67,164,72,6537,73,9438,74,10362,75,5173,76,120,71.5
2026-04-18 01:19:49 AM,KXATPMATCH-26APR18MOLSHE-SHE,71,1,70,2290,69,6621,68,7525,67,164,72,6537,73,9438,74,10362,75,5173,76,120,71.5
2026-04-18 01:19:49 AM,KXATPMATCH-26APR18MOLSHE-SHE,71,1,70,2290,69,6621,68,5386,67,164,72,6537,73,9438,74,10362,75,5173,76,120,71.5
2026-04-18 01:19:51 AM,KXATPMATCH-26APR18MOLSHE-SHE,71,1,70,2255,69,6621,68,5386,67,164,72,6537,73,9438,74,10362,75,5173,76,120,71.5
2026-04-18 01:19:51 AM,KXATPMATCH-26APR18MOLSHE-SHE,71,1,70,2255,69,6656,68,5386,67,164,72,6537,73,9438,74,10362,75,5173,76,120,71.5
2026-04-18 01:20:02 AM,KXATPMATCH-26APR18MOLSHE-SHE,71,1,70,2255,69,6656,68,7525,67,164,72,6537,73,9438,74,10362,75,5173,76,120,71.5
2026-04-18 01:20:02 AM,KXATPMATCH-26APR18MOLSHE-SHE,71,1,70,2255,69,6656,68,5386,67,164,72,6537,73,9438,74,10362,75,5173,76,120,71.5
2026-04-18 01:20:14 AM,KXATPMATCH-26APR18MOLSHE-SHE,71,1,70,2255,69,6656,68,7525,67,164,72,6537,73,9438,74,10362,75,5173,76,120,71.5
2026-04-18 01:20:17 AM,KXATPMATCH-26APR18MOLSHE-SHE,71,1,70,2255,69,6656,68,5386,67,164,72,6537,73,9438,74,10362,75,5173,76,120,71.5
2026-04-18 01:20:22 AM,KXATPMATCH-26APR18MOLSHE-SHE,71,1,70,2255,69,6656,68,7525,67,164,72,6537,73,9438,74,10362,75,5173,76,120,71.5
2026-04-18 01:20:38 AM,KXATPMATCH-26APR18MOLSHE-SHE,71,1,70,2255,69,6656,68,5386,67,164,72,6537,73,9438,74,10362,75,5173,76,120,71.5
2026-04-18 01:20:40 AM,KXATPMATCH-26APR18MOLSHE-SHE,71,1,70,2255,69,6656,68,7525,67,164,72,6537,73,9438,74,10362,75,5173,76,120,71.5
2026-04-18 01:20:43 AM,KXATPMATCH-26APR18MOLSHE-SHE,71,1,70,2255,69,6656,68,5386,67,164,72,6537,73,9438,74,10362,75,5173,76,120,71.5
2026-04-18 01:20:48 AM,KXATPMATCH-26APR18MOLSHE-SHE,71,1,70,2255,69,6656,68,5386,67,164,72,6517,73,9438,74,10362,75,5173,76,120,71.5
2026-04-18 01:20:48 AM,KXATPMATCH-26APR18MOLSHE-SHE,71,1,70,2255,69,6621,68,5386,67,164,72,6517,73,9438,74,10362,75,5173,76,120,71.5
2026-04-18 01:20:48 AM,KXATPMATCH-26APR18MOLSHE-SHE,71,36,70,2255,69,6621,68,5386,67,164,72,6517,73,9438,74,10362,75,5173,76,120,71.5
2026-04-18 01:20:48 AM,KXATPMATCH-26APR18MOLSHE-SHE,71,36,70,2255,69,6621,68,7525,67,164,72,6517,73,9438,74,10362,75,5173,76,120,71.5
2026-04-18 01:20:48 AM,KXATPMATCH-26APR18MOLSHE-SHE,71,1,70,2255,69,6621,68,7525,67,164,72,6517,73,9438,74,10362,75,5173,76,120,71.5
2026-04-18 01:20:48 AM,KXATPMATCH-26APR18MOLSHE-SHE,71,1,70,2255,69,6621,68,7525,67,164,72,6922,73,9438,74,10362,75,5173,76,120,71.5
2026-04-18 01:20:48 AM,KXATPMATCH-26APR18MOLSHE-SHE,71,1,70,2290,69,6621,68,7525,67,164,72,6922,73,9438,74,10362,75,5173,76,120,71.5
2026-04-18 01:20:51 AM,KXATPMATCH-26APR18MOLSHE-SHE,71,1,70,2255,69,6621,68,7525,67,164,72,6922,73,9438,74,10362,75,5173,76,120,71.5
2026-04-18 01:20:51 AM,KXATPMATCH-26APR18MOLSHE-SHE,71,1,70,2255,69,6656,68,7525,67,164,72,6922,73,9438,74,10362,75,5173,76,120,71.5
2026-04-18 01:20:57 AM,KXATPMATCH-26APR18MOLSHE-SHE,71,1,70,2255,69,8795,68,7525,67,164,72,6922,73,9438,74,10362,75,5173,76,120,71.5
2026-04-18 01:20:57 AM,KXATPMATCH-26APR18MOLSHE-SHE,71,1,70,2255,69,8795,68,7525,67,164,72,7387,73,9438,74,10362,75,5173,76,120,71.5
2026-04-18 01:20:57 AM,KXATPMATCH-26APR18MOLSHE-SHE,71,1,70,2255,69,8795,68,7525,67,164,72,7387,73,9403,74,10362,75,5173,76,120,71.5
2026-04-18 01:20:57 AM,KXATPMATCH-26APR18MOLSHE-SHE,71,1,70,2255,69,8795,68,5386,67,164,72,7387,73,9403,74,10362,75,5173,76,120,71.5
2026-04-18 01:21:00 AM,KXATPMATCH-26APR18MOLSHE-SHE,71,1,70,2255,69,8795,68,5386,67,164,72,7387,73,8662,74,10362,75,5173,76,120,71.5
2026-04-18 01:21:00 AM,KXATPMATCH-26APR18MOLSHE-SHE,71,1,70,2255,69,8795,68,5386,67,164,72,7387,73,11355,74,10362,75,5173,76,120,71.5
2026-04-18 01:21:01 AM,KXATPMATCH-26APR18MOLSHE-SHE,71,1,70,2255,69,8795,68,5386,67,164,72,7387,73,8662,74,10362,75,5173,76,120,71.5
2026-04-18 01:21:01 AM,KXATPMATCH-26APR18MOLSHE-SHE,71,1,70,2255,69,8795,68,5386,67,164,72,7387,73,9409,74,10362,75,5173,76,120,71.5
2026-04-18 01:21:03 AM,KXATPMATCH-26APR18MOLSHE-SHE,71,1,70,2255,69,8795,68,5386,67,164,72,7422,73,9409,74,10362,75,5173,76,120,71.5
2026-04-18 01:21:10 AM,KXATPMATCH-26APR18MOLSHE-SHE,71,1,70,2255,69,8795,68,7525,67,164,72,7422,73,9409,74,10362,75,5173,76,120,71.5
2026-04-18 01:21:10 AM,KXATPMATCH-26APR18MOLSHE-SHE,71,1,70,2255,69,6656,68,7525,67,164,72,7422,73,9409,74,10362,75,5173,76,120,71.5
2026-04-18 01:21:14 AM,KXATPMATCH-26APR18MOLSHE-SHE,71,1,70,2255,69,6656,68,5386,67,164,72,7422,73,9409,74,10362,75,5173,76,120,71.5
2026-04-18 01:21:20 AM,KXATPMATCH-26APR18MOLSHE-SHE,71,1,70,2255,69,6656,68,7525,67,164,72,7422,73,9409,74,10362,75,5173,76,120,71.5
2026-04-18 01:21:24 AM,KXATPMATCH-26APR18MOLSHE-SHE,71,1,70,2255,69,6656,68,7525,67,164,72,7419,73,9409,74,10362,75,5173,76,120,71.5
2026-04-18 01:21:24 AM,KXATPMATCH-26APR18MOLSHE-SHE,71,1,70,2255,69,6621,68,7525,67,164,72,7419,73,9409,74,10362,75,5173,76,120,71.5
2026-04-18 01:21:24 AM,KXATPMATCH-26APR18MOLSHE-SHE,71,1,70,2255,69,6621,68,7525,67,164,72,7384,73,9409,74,10362,75,5173,76,120,71.5
2026-04-18 01:21:27 AM,KXATPMATCH-26APR18MOLSHE-SHE,71,1,70,2255,69,6621,68,7525,67,164,72,7419,73,9409,74,10362,75,5173,76,120,71.5
2026-04-18 01:21:30 AM,KXATPMATCH-26APR18MOLSHE-SHE,71,1,70,2255,69,6656,68,7525,67,164,72,7419,73,9409,74,10362,75,5173,76,120,71.5
2026-04-18 01:21:33 AM,KXATPMATCH-26APR18MOLSHE-SHE,71,1,70,2255,69,8795,68,7525,67,164,72,7419,73,9409,74,10362,75,5173,76,120,71.5
2026-04-18 01:21:33 AM,KXATPMATCH-26APR18MOLSHE-SHE,71,1,70,2255,69,8795,68,5386,67,164,72,7419,73,9409,74,10362,75,5173,76,120,71.5
2026-04-18 01:21:41 AM,KXATPMATCH-26APR18MOLSHE-SHE,71,1,70,2255,69,8795,68,7525,67,164,72,7419,73,9409,74,10362,75,5173,76,120,71.5
2026-04-18 01:21:41 AM,KXATPMATCH-26APR18MOLSHE-SHE,71,1,70,2255,69,6656,68,7525,67,164,72,7419,73,9409,74,10362,75,5173,76,120,71.5
2026-04-18 01:21:50 AM,KXATPMATCH-26APR18MOLSHE-SHE,71,1,70,2255,69,8795,68,7525,67,164,72,7419,73,9409,74,10362,75,5173,76,120,71.5
2026-04-18 01:21:50 AM,KXATPMATCH-26APR18MOLSHE-SHE,71,1,70,2255,69,8795,68,5386,67,164,72,7419,73,9409,74,10362,75,5173,76,120,71.5
