ts_et,ticker,bid_1,bid_1_sz,bid_2,bid_2_sz,bid_3,bid_3_sz,bid_4,bid_4_sz,bid_5,bid_5_sz,ask_1,ask_1_sz,ask_2,ask_2_sz,ask_3,ask_3_sz,ask_4,ask_4_sz,ask_5,ask_5_sz,mid
2026-04-18 12:34:00 PM,KXATPCHALLENGERMATCH-26APR19ILASAM-SAM,6,116,5,194,4,823,3,540,2,900,94,15,95,25,96,543,97,82,98,120,50.0
2026-04-18 12:35:29 PM,KXATPCHALLENGERMATCH-26APR19ILASAM-SAM,6,116,5,194,4,823,3,540,2,900,94,15,95,25,96,543,97,82,98,123,50.0
2026-04-18 12:35:30 PM,KXATPCHALLENGERMATCH-26APR19ILASAM-SAM,6,116,5,194,4,823,3,540,2,900,94,15,95,25,96,543,97,84,98,123,50.0
2026-04-18 12:36:16 PM,KXATPCHALLENGERMATCH-26APR19ILASAM-SAM,36,275,6,116,5,194,4,823,3,540,94,15,95,25,96,543,97,84,98,123,65.0
2026-04-18 12:36:16 PM,KXATPCHALLENGERMATCH-26APR19ILASAM-SAM,36,275,35,283,6,116,5,194,4,823,94,15,95,25,96,543,97,84,98,123,65.0
2026-04-18 12:36:16 PM,KXATPCHALLENGERMATCH-26APR19ILASAM-SAM,36,275,35,283,34,291,6,116,5,194,94,15,95,25,96,543,97,84,98,123,65.0
2026-04-18 12:36:16 PM,KXATPCHALLENGERMATCH-26APR19ILASAM-SAM,36,275,35,283,34,291,30,333,6,116,94,15,95,25,96,543,97,84,98,123,65.0
2026-04-18 12:36:16 PM,KXATPCHALLENGERMATCH-26APR19ILASAM-SAM,36,275,35,283,34,291,30,333,19,526,94,15,95,25,96,543,97,84,98,123,65.0
2026-04-18 12:36:16 PM,KXATPCHALLENGERMATCH-26APR19ILASAM-SAM,36,275,35,283,34,291,30,333,19,526,57,921,94,15,95,25,96,543,97,84,46.5
2026-04-18 12:36:16 PM,KXATPCHALLENGERMATCH-26APR19ILASAM-SAM,36,275,35,283,34,291,30,333,19,526,57,921,58,943,94,15,95,25,96,543,46.5
2026-04-18 12:36:16 PM,KXATPCHALLENGERMATCH-26APR19ILASAM-SAM,36,275,35,283,34,291,30,333,19,526,57,921,58,943,59,966,94,15,95,25,46.5
2026-04-18 12:36:16 PM,KXATPCHALLENGERMATCH-26APR19ILASAM-SAM,36,275,35,283,34,291,30,333,19,526,57,921,58,943,59,966,63,1081,94,15,46.5
2026-04-18 12:36:16 PM,KXATPCHALLENGERMATCH-26APR19ILASAM-SAM,36,275,35,283,34,291,30,333,19,526,57,921,58,943,59,966,63,1081,74,1538,46.5
2026-04-18 12:36:16 PM,KXATPCHALLENGERMATCH-26APR19ILASAM-SAM,36,275,35,283,34,291,30,333,19,526,57,921,58,943,59,966,63,1081,69,2000,46.5
2026-04-18 12:37:48 PM,KXATPCHALLENGERMATCH-26APR19ILASAM-SAM,36,275,35,283,34,291,30,333,19,526,57,920,58,943,59,966,63,1081,69,2000,46.5
2026-04-18 12:50:52 PM,KXATPCHALLENGERMATCH-26APR19ILASAM-SAM,36,275,35,283,34,291,30,333,19,526,57,920,58,943,59,966,63,1081,74,1538,46.5
2026-04-18 01:03:08 PM,KXATPCHALLENGERMATCH-26APR19ILASAM-SAM,36,275,35,283,34,291,30,333,19,526,57,2427,58,943,59,966,63,1081,74,1538,46.5
2026-04-18 01:03:08 PM,KXATPCHALLENGERMATCH-26APR19ILASAM-SAM,36,275,35,283,34,291,30,333,19,526,57,2427,58,943,63,1081,74,1538,84,1,46.5
2026-04-18 01:03:08 PM,KXATPCHALLENGERMATCH-26APR19ILASAM-SAM,36,275,35,283,34,291,30,333,19,526,56,900,57,2427,58,943,63,1081,74,1538,46.0
2026-04-18 01:10:39 PM,KXATPCHALLENGERMATCH-26APR19ILASAM-SAM,41,500,36,275,35,283,34,291,30,333,56,900,57,2427,58,943,63,1081,74,1538,48.5
2026-04-18 01:10:39 PM,KXATPCHALLENGERMATCH-26APR19ILASAM-SAM,41,500,35,283,34,291,30,333,19,526,56,900,57,2427,58,943,63,1081,74,1538,48.5
2026-04-18 01:10:39 PM,KXATPCHALLENGERMATCH-26APR19ILASAM-SAM,41,500,35,283,30,333,19,526,8,1250,56,900,57,2427,58,943,63,1081,74,1538,48.5
2026-04-18 01:10:39 PM,KXATPCHALLENGERMATCH-26APR19ILASAM-SAM,41,500,30,333,19,526,8,1250,6,116,56,900,57,2427,58,943,63,1081,74,1538,48.5
2026-04-18 01:10:39 PM,KXATPCHALLENGERMATCH-26APR19ILASAM-SAM,42,236,41,500,30,333,19,526,8,1250,56,900,57,2427,58,943,63,1081,74,1538,49.0
2026-04-18 01:10:39 PM,KXATPCHALLENGERMATCH-26APR19ILASAM-SAM,42,236,41,741,30,333,19,526,8,1250,56,900,57,2427,58,943,63,1081,74,1538,49.0
2026-04-18 01:10:39 PM,KXATPCHALLENGERMATCH-26APR19ILASAM-SAM,42,236,41,741,40,150,30,333,19,526,56,900,57,2427,58,943,63,1081,74,1538,49.0
2026-04-18 01:11:16 PM,KXATPCHALLENGERMATCH-26APR19ILASAM-SAM,42,236,41,741,40,150,30,333,19,526,55,26,56,900,57,2427,58,943,63,1081,48.5
2026-04-18 01:22:56 PM,KXATPCHALLENGERMATCH-26APR19ILASAM-SAM,42,236,41,1541,40,150,30,333,19,526,55,26,56,900,57,2427,58,943,63,1081,48.5
2026-04-18 01:22:56 PM,KXATPCHALLENGERMATCH-26APR19ILASAM-SAM,42,1036,41,1541,40,150,30,333,19,526,55,26,56,900,57,2427,58,943,63,1081,48.5
2026-04-18 01:22:56 PM,KXATPCHALLENGERMATCH-26APR19ILASAM-SAM,43,800,42,1036,41,1541,40,150,30,333,55,26,56,900,57,2427,58,943,63,1081,49.0
2026-04-18 01:22:56 PM,KXATPCHALLENGERMATCH-26APR19ILASAM-SAM,43,800,42,1036,41,1541,40,150,30,333,53,800,55,26,56,900,57,2427,58,943,48.0
2026-04-18 01:22:56 PM,KXATPCHALLENGERMATCH-26APR19ILASAM-SAM,43,800,42,1036,41,1541,40,150,30,333,53,800,55,26,56,1700,57,2427,58,943,48.0
2026-04-18 01:22:56 PM,KXATPCHALLENGERMATCH-26APR19ILASAM-SAM,43,800,42,1036,41,1541,40,150,30,333,53,800,55,826,56,1700,57,2427,58,943,48.0
2026-04-18 01:22:56 PM,KXATPCHALLENGERMATCH-26APR19ILASAM-SAM,43,800,42,1036,41,1300,40,150,30,333,53,800,55,826,56,1700,57,2427,58,943,48.0
2026-04-18 01:22:56 PM,KXATPCHALLENGERMATCH-26APR19ILASAM-SAM,43,800,42,1036,41,1300,30,333,19,526,53,800,55,826,56,1700,57,2427,58,943,48.0
2026-04-18 01:22:56 PM,KXATPCHALLENGERMATCH-26APR19ILASAM-SAM,43,800,42,1036,41,1300,30,333,19,526,53,800,55,826,56,1700,57,1507,58,943,48.0
2026-04-18 01:22:56 PM,KXATPCHALLENGERMATCH-26APR19ILASAM-SAM,43,800,42,1036,41,1300,30,333,19,526,53,800,55,826,56,800,57,1507,58,943,48.0
2026-04-18 01:22:56 PM,KXATPCHALLENGERMATCH-26APR19ILASAM-SAM,43,800,42,1036,41,1300,30,333,19,526,53,800,55,826,56,800,57,1507,74,1538,48.0
2026-04-18 01:22:56 PM,KXATPCHALLENGERMATCH-26APR19ILASAM-SAM,43,800,42,897,41,1300,30,333,19,526,53,800,55,826,56,800,57,1507,74,1538,48.0
2026-04-18 01:22:56 PM,KXATPCHALLENGERMATCH-26APR19ILASAM-SAM,43,800,42,897,41,1300,30,333,19,526,53,800,55,800,56,800,57,1507,74,1538,48.0
2026-04-18 01:22:56 PM,KXATPCHALLENGERMATCH-26APR19ILASAM-SAM,43,800,42,897,41,1300,30,333,19,526,52,25,53,800,55,800,56,800,57,1507,47.5
2026-04-18 01:22:56 PM,KXATPCHALLENGERMATCH-26APR19ILASAM-SAM,44,214,43,800,42,897,41,1300,30,333,52,25,53,800,55,800,56,800,57,1507,48.0
2026-04-18 01:22:56 PM,KXATPCHALLENGERMATCH-26APR19ILASAM-SAM,44,214,43,898,42,897,41,1300,30,333,52,25,53,800,55,800,56,800,57,1507,48.0
2026-04-18 01:22:56 PM,KXATPCHALLENGERMATCH-26APR19ILASAM-SAM,44,214,43,898,42,897,41,1300,30,333,52,850,53,800,55,800,56,800,57,1507,48.0
2026-04-18 01:22:56 PM,KXATPCHALLENGERMATCH-26APR19ILASAM-SAM,44,214,43,898,42,897,41,1300,30,333,52,850,53,1643,55,800,56,800,57,1507,48.0
2026-04-18 01:22:56 PM,KXATPCHALLENGERMATCH-26APR19ILASAM-SAM,44,214,43,898,42,897,41,1300,30,333,52,850,53,1643,54,861,55,800,56,800,48.0
2026-04-18 01:22:56 PM,KXATPCHALLENGERMATCH-26APR19ILASAM-SAM,44,214,43,898,42,897,41,1300,30,333,52,850,53,1643,54,861,55,1689,56,800,48.0
2026-04-18 01:22:59 PM,KXATPCHALLENGERMATCH-26APR19ILASAM-SAM,44,214,43,898,42,897,41,500,30,333,52,850,53,1643,54,861,55,1689,56,800,48.0
2026-04-18 01:22:59 PM,KXATPCHALLENGERMATCH-26APR19ILASAM-SAM,44,214,43,898,42,897,41,500,30,333,52,850,53,1643,54,861,55,889,56,800,48.0
2026-04-18 01:22:59 PM,KXATPCHALLENGERMATCH-26APR19ILASAM-SAM,44,214,43,898,42,897,41,500,30,333,52,850,53,1643,54,861,55,889,57,1507,48.0
2026-04-18 01:23:00 PM,KXATPCHALLENGERMATCH-26APR19ILASAM-SAM,45,800,44,214,43,898,42,897,41,500,52,850,53,1643,54,861,55,889,57,1507,48.5
2026-04-18 01:23:00 PM,KXATPCHALLENGERMATCH-26APR19ILASAM-SAM,45,800,44,214,43,898,42,897,41,500,52,1650,53,1643,54,861,55,889,57,1507,48.5
2026-04-18 01:23:00 PM,KXATPCHALLENGERMATCH-26APR19ILASAM-SAM,45,800,44,214,43,898,42,897,41,500,51,800,52,1650,53,1643,54,861,55,889,48.0
2026-04-18 01:23:00 PM,KXATPCHALLENGERMATCH-26APR19ILASAM-SAM,45,800,44,214,43,898,42,897,41,500,51,800,52,1625,53,1643,54,861,55,889,48.0
2026-04-18 01:23:26 PM,KXATPCHALLENGERMATCH-26APR19ILASAM-SAM,45,800,44,214,43,898,42,897,41,500,51,800,52,1625,53,1643,54,861,57,1507,48.0
2026-04-18 01:23:26 PM,KXATPCHALLENGERMATCH-26APR19ILASAM-SAM,45,800,44,214,43,898,42,897,41,500,51,800,52,1625,53,1643,57,1507,74,1538,48.0
2026-04-18 01:23:26 PM,KXATPCHALLENGERMATCH-26APR19ILASAM-SAM,45,800,44,214,43,898,42,897,41,500,51,800,52,1625,53,800,57,1507,74,1538,48.0
2026-04-18 01:23:26 PM,KXATPCHALLENGERMATCH-26APR19ILASAM-SAM,45,800,44,214,43,898,42,897,41,500,51,800,52,1477,53,800,57,1507,74,1538,48.0
2026-04-18 01:23:26 PM,KXATPCHALLENGERMATCH-26APR19ILASAM-SAM,45,800,44,214,43,898,42,897,41,500,50,792,51,800,52,1477,53,800,57,1507,47.5
2026-04-18 01:23:26 PM,KXATPCHALLENGERMATCH-26APR19ILASAM-SAM,45,800,44,214,43,898,42,897,41,500,50,792,51,1608,52,1477,53,800,57,1507,47.5
2026-04-18 01:23:26 PM,KXATPCHALLENGERMATCH-26APR19ILASAM-SAM,45,800,44,214,43,898,42,897,41,500,50,792,51,1608,52,1477,53,800,56,909,47.5
2026-04-18 01:23:35 PM,KXATPCHALLENGERMATCH-26APR19ILASAM-SAM,45,800,44,84,43,898,42,897,41,500,50,792,51,1608,52,1477,53,800,56,909,47.5
2026-04-18 01:23:35 PM,KXATPCHALLENGERMATCH-26APR19ILASAM-SAM,45,800,44,84,43,898,42,897,41,500,47,111,50,792,51,1608,52,1477,53,800,46.0
2026-04-18 01:23:36 PM,KXATPCHALLENGERMATCH-26APR19ILASAM-SAM,45,800,44,84,43,898,42,897,41,500,47,111,50,792,51,1608,52,677,53,800,46.0
2026-04-18 01:23:36 PM,KXATPCHALLENGERMATCH-26APR19ILASAM-SAM,45,800,44,84,43,898,42,897,41,500,47,111,50,792,51,1608,52,677,56,909,46.0
2026-04-18 01:23:36 PM,KXATPCHALLENGERMATCH-26APR19ILASAM-SAM,45,800,44,84,43,898,42,897,41,500,47,111,48,800,50,792,51,1608,52,677,46.0
2026-04-18 01:23:36 PM,KXATPCHALLENGERMATCH-26APR19ILASAM-SAM,45,800,44,84,43,898,42,897,41,500,47,111,48,800,50,1592,51,1608,52,677,46.0
2026-04-18 01:24:05 PM,KXATPCHALLENGERMATCH-26APR19ILASAM-SAM,45,800,44,84,43,898,42,897,41,500,47,111,48,800,50,1532,51,1608,52,677,46.0
2026-04-18 01:24:05 PM,KXATPCHALLENGERMATCH-26APR19ILASAM-SAM,45,800,44,84,43,898,42,897,41,500,47,111,48,800,50,1532,51,1608,56,909,46.0
2026-04-18 01:24:05 PM,KXATPCHALLENGERMATCH-26APR19ILASAM-SAM,45,800,44,84,43,898,42,897,41,500,47,111,48,800,50,1532,51,1608,57,1507,46.0
2026-04-18 01:24:05 PM,KXATPCHALLENGERMATCH-26APR19ILASAM-SAM,45,800,44,84,43,898,42,897,41,500,47,111,48,800,50,1532,51,1170,57,1507,46.0
2026-04-18 01:24:05 PM,KXATPCHALLENGERMATCH-26APR19ILASAM-SAM,45,800,44,84,43,898,42,897,41,500,47,111,48,800,49,776,50,1532,51,1170,46.0
2026-04-18 01:35:19 PM,KXATPCHALLENGERMATCH-26APR19ILASAM-SAM,45,800,44,84,43,898,42,897,41,500,48,800,49,776,50,1532,51,1170,57,1507,46.5
2026-04-18 01:35:19 PM,KXATPCHALLENGERMATCH-26APR19ILASAM-SAM,45,800,44,203,43,898,42,897,41,500,48,800,49,776,50,1532,51,1170,57,1507,46.5
2026-04-18 01:35:19 PM,KXATPCHALLENGERMATCH-26APR19ILASAM-SAM,45,800,44,203,43,898,42,897,41,500,47,22,48,800,49,776,50,1532,51,1170,46.0
2026-04-18 01:35:27 PM,KXATPCHALLENGERMATCH-26APR19ILASAM-SAM,45,800,44,203,43,898,42,897,41,500,48,800,49,776,50,1532,51,1170,57,1507,46.5
2026-04-18 01:35:36 PM,KXATPCHALLENGERMATCH-26APR19ILASAM-SAM,45,800,44,203,43,898,42,897,41,500,48,600,49,776,50,1532,51,1170,57,1507,46.5
2026-04-18 01:35:37 PM,KXATPCHALLENGERMATCH-26APR19ILASAM-SAM,45,800,44,203,43,898,42,97,41,500,48,600,49,776,50,1532,51,1170,57,1507,46.5
2026-04-18 01:35:37 PM,KXATPCHALLENGERMATCH-26APR19ILASAM-SAM,45,800,44,203,43,898,42,97,41,500,49,776,50,1532,51,1170,57,1507,63,1081,47.0
2026-04-18 01:35:37 PM,KXATPCHALLENGERMATCH-26APR19ILASAM-SAM,45,800,44,203,43,898,42,97,41,500,49,776,50,732,51,1170,57,1507,63,1081,47.0
2026-04-18 01:35:37 PM,KXATPCHALLENGERMATCH-26APR19ILASAM-SAM,45,800,44,1003,43,898,42,97,41,500,49,776,50,732,51,1170,57,1507,63,1081,47.0
2026-04-18 01:35:37 PM,KXATPCHALLENGERMATCH-26APR19ILASAM-SAM,45,800,44,1003,43,898,42,97,41,500,49,776,50,732,51,1170,52,800,57,1507,47.0
2026-04-18 01:35:37 PM,KXATPCHALLENGERMATCH-26APR19ILASAM-SAM,45,800,44,1003,43,898,42,97,41,500,49,1576,50,732,51,1170,52,800,57,1507,47.0
2026-04-18 01:35:54 PM,KXATPCHALLENGERMATCH-26APR19ILASAM-SAM,45,800,44,1003,43,898,42,97,41,500,49,1577,50,732,51,1170,52,800,57,1507,47.0
2026-04-18 01:36:50 PM,KXATPCHALLENGERMATCH-26APR19ILASAM-SAM,45,800,44,1003,43,898,42,97,41,500,49,1576,50,732,51,1170,52,800,57,1507,47.0
2026-04-18 01:37:54 PM,KXATPCHALLENGERMATCH-26APR19ILASAM-SAM,45,800,44,1003,43,898,42,97,41,500,48,100,49,1576,50,732,51,1170,52,800,46.5
2026-04-18 01:43:59 PM,KXATPCHALLENGERMATCH-26APR19ILASAM-SAM,45,800,44,1003,43,898,42,97,41,500,48,140,49,1576,50,732,51,1170,52,800,46.5
2026-04-18 02:07:15 PM,KXATPCHALLENGERMATCH-26APR19ILASAM-SAM,45,800,44,1016,43,898,42,97,41,500,48,140,49,1576,50,732,51,1170,52,800,46.5
2026-04-18 02:07:15 PM,KXATPCHALLENGERMATCH-26APR19ILASAM-SAM,45,800,44,1016,43,908,42,97,41,500,48,140,49,1576,50,732,51,1170,52,800,46.5
2026-04-18 02:07:15 PM,KXATPCHALLENGERMATCH-26APR19ILASAM-SAM,45,800,44,1016,43,908,42,97,41,500,48,140,49,1589,50,732,51,1170,52,800,46.5
2026-04-18 02:07:16 PM,KXATPCHALLENGERMATCH-26APR19ILASAM-SAM,45,800,44,1016,43,908,42,97,41,500,48,140,49,1589,50,742,51,1170,52,800,46.5
2026-04-18 02:23:34 PM,KXATPCHALLENGERMATCH-26APR19ILASAM-SAM,45,800,44,1016,43,908,42,97,41,500,48,332,49,1589,50,742,51,1170,52,800,46.5
2026-04-18 02:28:57 PM,KXATPCHALLENGERMATCH-26APR19ILASAM-SAM,45,800,44,1016,43,898,42,97,41,500,48,332,49,1589,50,742,51,1170,52,800,46.5
2026-04-18 02:29:33 PM,KXATPCHALLENGERMATCH-26APR19ILASAM-SAM,45,814,44,1016,43,898,42,97,41,500,48,332,49,1589,50,742,51,1170,52,800,46.5
2026-04-18 03:04:12 PM,KXATPCHALLENGERMATCH-26APR19ILASAM-SAM,45,814,44,1016,43,898,42,97,41,500,48,332,49,1589,50,742,51,1170,52,800,46.5
2026-04-18 03:13:47 PM,KXATPCHALLENGERMATCH-26APR19ILASAM-SAM,45,814,44,216,43,898,42,97,41,500,48,332,49,1589,50,742,51,1170,52,800,46.5
2026-04-18 03:13:47 PM,KXATPCHALLENGERMATCH-26APR19ILASAM-SAM,45,814,44,216,43,898,42,97,41,500,48,332,49,789,50,742,51,1170,52,800,46.5
2026-04-18 03:13:47 PM,KXATPCHALLENGERMATCH-26APR19ILASAM-SAM,45,814,44,216,43,898,42,97,41,500,48,332,49,789,50,742,51,1170,63,1081,46.5
2026-04-18 03:13:47 PM,KXATPCHALLENGERMATCH-26APR19ILASAM-SAM,45,814,44,216,43,898,42,897,41,500,48,332,49,789,50,742,51,1170,63,1081,46.5
2026-04-18 03:13:47 PM,KXATPCHALLENGERMATCH-26APR19ILASAM-SAM,45,814,44,216,43,898,42,897,41,500,48,332,49,789,50,1542,51,1170,63,1081,46.5
2026-04-18 03:13:47 PM,KXATPCHALLENGERMATCH-26APR19ILASAM-SAM,45,814,44,216,43,898,42,897,41,500,48,1132,49,789,50,1542,51,1170,63,1081,46.5
2026-04-18 03:28:00 PM,KXATPCHALLENGERMATCH-26APR19ILASAM-SAM,45,814,44,216,43,898,42,897,41,500,48,1133,49,789,50,1542,51,1170,63,1081,46.5
2026-04-18 03:37:28 PM,KXATPCHALLENGERMATCH-26APR19ILASAM-SAM,45,814,44,216,43,898,42,897,41,500,48,1133,49,789,50,1542,51,1170,63,1081,46.5,3325,5715,0.368
2026-04-18 03:38:00 PM,KXATPCHALLENGERMATCH-26APR19ILASAM-SAM,45,814,44,216,43,898,42,897,41,500,48,1132,49,789,50,1542,51,1170,63,1081,46.5,3325,5714,0.368
2026-04-18 03:56:55 PM,KXATPCHALLENGERMATCH-26APR19ILASAM-SAM,45,814,44,216,43,898,42,897,41,500,48,1132,49,789,50,1542,51,1170,63,1081,46.5,3325,5714,0.368
2026-04-18 03:57:40 PM,KXATPCHALLENGERMATCH-26APR19ILASAM-SAM,45,814,44,216,43,898,42,897,41,500,48,1132,49,789,50,1542,51,1170,63,1081,46.5,3325,5714,0.368
2026-04-18 04:07:19 PM,KXATPCHALLENGERMATCH-26APR19ILASAM-SAM,45,814,44,216,43,898,42,897,41,500,48,1132,49,789,50,1542,51,1170,63,1081,46.5,3325,5714,0.368
2026-04-18 04:10:04 PM,KXATPCHALLENGERMATCH-26APR19ILASAM-SAM,45,800,44,216,43,898,42,897,41,500,48,1132,49,789,50,1542,51,1170,63,1081,46.5,3311,5714,0.367
2026-04-18 04:10:04 PM,KXATPCHALLENGERMATCH-26APR19ILASAM-SAM,45,800,44,203,43,898,42,897,41,500,48,1132,49,789,50,1542,51,1170,63,1081,46.5,3298,5714,0.366
2026-04-18 04:10:04 PM,KXATPCHALLENGERMATCH-26APR19ILASAM-SAM,45,800,44,203,43,898,42,897,41,500,48,1132,49,789,50,1532,51,1170,63,1081,46.5,3298,5704,0.366
2026-04-18 04:10:04 PM,KXATPCHALLENGERMATCH-26APR19ILASAM-SAM,45,800,44,203,43,898,42,897,41,500,48,1132,49,776,50,1532,51,1170,63,1081,46.5,3298,5691,0.367
2026-04-18 04:12:52 PM,KXATPCHALLENGERMATCH-26APR19ILASAM-SAM,45,814,44,203,43,898,42,897,41,500,48,1132,49,776,50,1532,51,1170,63,1081,46.5,3312,5691,0.368
2026-04-18 04:12:52 PM,KXATPCHALLENGERMATCH-26APR19ILASAM-SAM,45,814,44,213,43,898,42,897,41,500,48,1132,49,776,50,1532,51,1170,63,1081,46.5,3322,5691,0.369
2026-04-18 04:15:00 PM,KXATPCHALLENGERMATCH-26APR19ILASAM-SAM,45,814,44,213,43,898,42,897,41,500,48,1132,49,790,50,1532,51,1170,63,1081,46.5,3322,5705,0.368
2026-04-18 04:15:00 PM,KXATPCHALLENGERMATCH-26APR19ILASAM-SAM,45,814,44,213,43,898,42,897,41,500,48,1132,49,790,50,1542,51,1170,63,1081,46.5,3322,5715,0.368
2026-04-18 04:20:02 PM,KXATPCHALLENGERMATCH-26APR19ILASAM-SAM,45,814,44,213,43,908,42,897,41,500,48,1132,49,790,50,1542,51,1170,63,1081,46.5,3332,5715,0.368
2026-04-18 04:20:02 PM,KXATPCHALLENGERMATCH-26APR19ILASAM-SAM,45,814,44,213,43,918,42,897,41,500,48,1132,49,790,50,1542,51,1170,63,1081,46.5,3342,5715,0.369
2026-04-18 04:20:02 PM,KXATPCHALLENGERMATCH-26APR19ILASAM-SAM,45,814,44,213,43,928,42,897,41,500,48,1132,49,790,50,1542,51,1170,63,1081,46.5,3352,5715,0.370
2026-04-18 04:20:02 PM,KXATPCHALLENGERMATCH-26APR19ILASAM-SAM,45,814,44,213,43,928,42,897,41,500,48,1132,49,800,50,1542,51,1170,63,1081,46.5,3352,5725,0.369
2026-04-18 04:20:02 PM,KXATPCHALLENGERMATCH-26APR19ILASAM-SAM,45,814,44,213,43,928,42,897,41,500,48,1132,49,810,50,1542,51,1170,63,1081,46.5,3352,5735,0.369
2026-04-18 04:41:36 PM,KXATPCHALLENGERMATCH-26APR19ILASAM-SAM,45,814,44,213,43,928,42,897,41,500,48,1132,49,810,50,1542,51,1170,54,719,46.5,3352,5373,0.384
2026-04-18 04:47:36 PM,KXATPCHALLENGERMATCH-26APR19ILASAM-SAM,45,814,44,213,43,928,42,897,41,500,48,1132,49,810,50,1542,51,1170,54,719,46.5,3352,5373,0.384
