ts_et,ticker,bid_1,bid_1_sz,bid_2,bid_2_sz,bid_3,bid_3_sz,bid_4,bid_4_sz,bid_5,bid_5_sz,ask_1,ask_1_sz,ask_2,ask_2_sz,ask_3,ask_3_sz,ask_4,ask_4_sz,ask_5,ask_5_sz,mid
2026-04-18 10:13:44 AM,KXATPCHALLENGERMATCH-26APR18TOKSHI-TOK,4,500,1,1826,,,,,,,96,500,99,1827,,,,,,,50.0
2026-04-18 10:14:10 AM,KXATPCHALLENGERMATCH-26APR18TOKSHI-TOK,4,500,1,1826,,,,,,,94,350,96,500,99,1827,,,,,49.0
2026-04-18 10:14:16 AM,KXATPCHALLENGERMATCH-26APR18TOKSHI-TOK,4,500,1,1826,,,,,,,94,350,96,500,98,3,99,1827,,,49.0
2026-04-18 10:16:20 AM,KXATPCHALLENGERMATCH-26APR18TOKSHI-TOK,4,500,1,1826,,,,,,,94,350,95,10,96,500,98,3,99,1827,49.0
2026-04-18 10:19:22 AM,KXATPCHALLENGERMATCH-26APR18TOKSHI-TOK,4,500,1,1826,,,,,,,94,350,95,10,96,500,97,2,98,3,49.0
2026-04-18 10:22:57 AM,KXATPCHALLENGERMATCH-26APR18TOKSHI-TOK,62,800,4,500,1,1826,,,,,94,350,95,10,96,500,97,2,98,3,78.0
2026-04-18 10:22:57 AM,KXATPCHALLENGERMATCH-26APR18TOKSHI-TOK,63,800,62,800,4,500,1,1826,,,94,350,95,10,96,500,97,2,98,3,78.5
2026-04-18 10:22:57 AM,KXATPCHALLENGERMATCH-26APR18TOKSHI-TOK,65,800,63,800,62,800,4,500,1,1826,94,350,95,10,96,500,97,2,98,3,79.5
2026-04-18 10:22:57 AM,KXATPCHALLENGERMATCH-26APR18TOKSHI-TOK,65,800,63,800,62,800,4,500,1,1826,88,800,94,350,95,10,96,500,97,2,76.5
2026-04-18 10:22:57 AM,KXATPCHALLENGERMATCH-26APR18TOKSHI-TOK,65,800,63,800,62,800,4,500,1,1826,88,800,91,800,94,350,95,10,96,500,76.5
2026-04-18 10:22:57 AM,KXATPCHALLENGERMATCH-26APR18TOKSHI-TOK,65,800,63,800,62,800,4,500,1,1826,88,800,90,800,91,800,94,350,95,10,76.5
2026-04-18 10:24:27 AM,KXATPCHALLENGERMATCH-26APR18TOKSHI-TOK,65,800,63,800,62,800,4,500,1,1826,88,800,90,800,91,800,94,350,95,11,76.5
2026-04-18 10:28:25 AM,KXATPCHALLENGERMATCH-26APR18TOKSHI-TOK,65,800,63,800,62,800,4,500,1,3326,88,800,90,800,91,800,94,350,95,11,76.5
2026-04-18 10:28:25 AM,KXATPCHALLENGERMATCH-26APR18TOKSHI-TOK,65,800,63,800,62,800,4,500,2,900,88,800,90,800,91,800,94,350,95,11,76.5
2026-04-18 10:28:26 AM,KXATPCHALLENGERMATCH-26APR18TOKSHI-TOK,65,800,63,800,62,800,4,500,3,540,88,800,90,800,91,800,94,350,95,11,76.5
2026-04-18 10:28:26 AM,KXATPCHALLENGERMATCH-26APR18TOKSHI-TOK,65,800,63,800,62,800,4,823,3,540,88,800,90,800,91,800,94,350,95,11,76.5
2026-04-18 10:28:26 AM,KXATPCHALLENGERMATCH-26APR18TOKSHI-TOK,65,800,63,800,62,800,5,194,4,823,88,800,90,800,91,800,94,350,95,11,76.5
2026-04-18 10:28:27 AM,KXATPCHALLENGERMATCH-26APR18TOKSHI-TOK,65,800,63,800,62,800,5,194,4,823,88,800,90,800,91,800,94,350,95,36,76.5
2026-04-18 10:28:27 AM,KXATPCHALLENGERMATCH-26APR18TOKSHI-TOK,65,800,63,800,62,800,6,116,5,194,88,800,90,800,91,800,94,350,95,36,76.5
2026-04-18 10:28:27 AM,KXATPCHALLENGERMATCH-26APR18TOKSHI-TOK,65,800,63,800,62,800,6,116,5,194,88,800,90,800,91,800,94,365,95,36,76.5
2026-04-18 10:28:41 AM,KXATPCHALLENGERMATCH-26APR18TOKSHI-TOK,65,797,63,800,62,800,6,116,5,194,88,800,90,800,91,800,94,365,95,36,76.5
2026-04-18 10:28:42 AM,KXATPCHALLENGERMATCH-26APR18TOKSHI-TOK,65,800,63,800,62,800,6,116,5,194,88,800,90,800,91,800,94,365,95,36,76.5
2026-04-18 10:41:36 AM,KXATPCHALLENGERMATCH-26APR18TOKSHI-TOK,65,800,63,800,62,800,6,116,5,194,88,772,90,800,91,800,94,365,95,36,76.5
2026-04-18 10:41:37 AM,KXATPCHALLENGERMATCH-26APR18TOKSHI-TOK,65,800,63,800,62,800,6,116,5,194,88,801,90,800,91,800,94,365,95,36,76.5
2026-04-18 10:41:39 AM,KXATPCHALLENGERMATCH-26APR18TOKSHI-TOK,65,800,63,800,62,800,7,100,6,116,88,801,90,800,91,800,94,365,95,36,76.5
2026-04-18 10:41:39 AM,KXATPCHALLENGERMATCH-26APR18TOKSHI-TOK,65,800,63,800,62,800,7,100,6,116,88,801,90,800,91,800,94,365,95,96,76.5
2026-04-18 10:41:42 AM,KXATPCHALLENGERMATCH-26APR18TOKSHI-TOK,65,800,63,800,62,800,7,200,6,116,88,801,90,800,91,800,94,365,95,96,76.5
2026-04-18 10:44:38 AM,KXATPCHALLENGERMATCH-26APR18TOKSHI-TOK,65,800,63,800,62,800,7,200,6,116,88,801,90,800,91,800,94,365,95,36,76.5
2026-04-18 10:44:38 AM,KXATPCHALLENGERMATCH-26APR18TOKSHI-TOK,65,800,63,800,62,800,7,100,6,116,88,801,90,800,91,800,94,365,95,36,76.5
2026-04-18 10:44:38 AM,KXATPCHALLENGERMATCH-26APR18TOKSHI-TOK,65,800,63,800,62,800,6,116,5,194,88,801,90,800,91,800,94,365,95,36,76.5
2026-04-18 10:50:23 AM,KXATPCHALLENGERMATCH-26APR18TOKSHI-TOK,69,400,65,800,63,800,62,800,6,116,88,801,90,800,91,800,94,365,95,36,78.5
2026-04-18 10:52:57 AM,KXATPCHALLENGERMATCH-26APR18TOKSHI-TOK,69,400,65,797,63,800,62,800,6,116,88,801,90,800,91,800,94,365,95,36,78.5
2026-04-18 10:52:57 AM,KXATPCHALLENGERMATCH-26APR18TOKSHI-TOK,69,400,63,800,62,800,6,116,5,194,88,801,90,800,91,800,94,365,95,36,78.5
2026-04-18 10:52:57 AM,KXATPCHALLENGERMATCH-26APR18TOKSHI-TOK,69,400,63,800,6,116,5,194,4,823,88,801,90,800,91,800,94,365,95,36,78.5
2026-04-18 10:52:57 AM,KXATPCHALLENGERMATCH-26APR18TOKSHI-TOK,69,400,6,116,5,194,4,823,3,540,88,801,90,800,91,800,94,365,95,36,78.5
2026-04-18 10:52:57 AM,KXATPCHALLENGERMATCH-26APR18TOKSHI-TOK,69,1200,6,116,5,194,4,823,3,540,88,801,90,800,91,800,94,365,95,36,78.5
2026-04-18 10:52:57 AM,KXATPCHALLENGERMATCH-26APR18TOKSHI-TOK,70,800,69,1200,6,116,5,194,4,823,88,801,90,800,91,800,94,365,95,36,79.0
2026-04-18 10:52:57 AM,KXATPCHALLENGERMATCH-26APR18TOKSHI-TOK,70,800,69,1200,68,800,6,116,5,194,88,801,90,800,91,800,94,365,95,36,79.0
2026-04-18 10:52:57 AM,KXATPCHALLENGERMATCH-26APR18TOKSHI-TOK,70,800,69,1200,68,800,6,116,5,194,87,92,88,801,90,800,91,800,94,365,78.5
2026-04-18 10:58:57 AM,KXATPCHALLENGERMATCH-26APR18TOKSHI-TOK,70,800,69,1200,68,800,6,116,5,194,87,92,88,801,91,800,94,365,95,36,78.5
2026-04-18 10:58:57 AM,KXATPCHALLENGERMATCH-26APR18TOKSHI-TOK,70,800,69,1200,68,800,6,116,5,194,87,92,88,801,94,365,95,36,96,543,78.5
2026-04-18 10:58:57 AM,KXATPCHALLENGERMATCH-26APR18TOKSHI-TOK,70,800,69,1200,68,800,6,116,5,194,86,800,87,92,88,801,94,365,95,36,78.0
2026-04-18 10:58:57 AM,KXATPCHALLENGERMATCH-26APR18TOKSHI-TOK,70,800,69,1200,68,800,6,116,5,194,86,800,87,892,88,801,94,365,95,36,78.0
2026-04-18 10:58:57 AM,KXATPCHALLENGERMATCH-26APR18TOKSHI-TOK,70,800,69,1200,68,800,6,116,5,194,86,800,87,800,88,801,94,365,95,36,78.0
2026-04-18 10:58:57 AM,KXATPCHALLENGERMATCH-26APR18TOKSHI-TOK,70,800,69,1200,68,800,6,116,5,194,85,80,86,800,87,800,88,801,94,365,77.5
2026-04-18 11:00:08 AM,KXATPCHALLENGERMATCH-26APR18TOKSHI-TOK,70,800,69,1200,68,800,65,100,6,116,85,80,86,800,87,800,88,801,94,365,77.5
2026-04-18 11:00:08 AM,KXATPCHALLENGERMATCH-26APR18TOKSHI-TOK,70,800,69,1200,68,800,65,100,6,116,85,580,86,800,87,800,88,801,94,365,77.5
2026-04-18 11:00:19 AM,KXATPCHALLENGERMATCH-26APR18TOKSHI-TOK,70,800,69,1200,68,800,65,100,6,116,85,80,86,800,87,800,88,801,94,365,77.5
2026-04-18 11:00:19 AM,KXATPCHALLENGERMATCH-26APR18TOKSHI-TOK,70,800,69,1200,68,800,6,116,5,194,85,80,86,800,87,800,88,801,94,365,77.5
2026-04-18 11:04:03 AM,KXATPCHALLENGERMATCH-26APR18TOKSHI-TOK,70,800,69,1200,68,800,63,2000,6,116,85,80,86,800,87,800,88,801,94,365,77.5
2026-04-18 11:04:57 AM,KXATPCHALLENGERMATCH-26APR18TOKSHI-TOK,70,800,69,1200,68,800,63,2000,6,116,85,80,86,800,88,801,94,365,95,36,77.5
2026-04-18 11:04:57 AM,KXATPCHALLENGERMATCH-26APR18TOKSHI-TOK,70,800,69,1200,68,800,63,2000,6,116,85,80,86,800,88,772,94,365,95,36,77.5
2026-04-18 11:04:57 AM,KXATPCHALLENGERMATCH-26APR18TOKSHI-TOK,70,800,69,1200,68,800,63,2000,6,116,85,80,86,800,88,1,94,365,95,36,77.5
2026-04-18 11:04:57 AM,KXATPCHALLENGERMATCH-26APR18TOKSHI-TOK,70,800,69,1200,68,800,63,2000,6,116,84,800,85,80,86,800,88,1,94,365,77.0
2026-04-18 11:04:57 AM,KXATPCHALLENGERMATCH-26APR18TOKSHI-TOK,70,800,69,1200,68,800,63,2000,6,116,84,800,85,880,86,800,88,1,94,365,77.0
2026-04-18 11:04:57 AM,KXATPCHALLENGERMATCH-26APR18TOKSHI-TOK,70,800,69,1200,68,800,63,2000,6,116,84,800,85,800,86,800,88,1,94,365,77.0
2026-04-18 11:04:57 AM,KXATPCHALLENGERMATCH-26APR18TOKSHI-TOK,70,800,69,1200,68,800,63,2000,6,116,83,70,84,800,85,800,86,800,88,1,76.5
2026-04-18 11:07:23 AM,KXATPCHALLENGERMATCH-26APR18TOKSHI-TOK,70,800,69,1200,68,800,63,2000,7,10000,83,70,84,800,85,800,86,800,88,1,76.5
2026-04-18 11:10:57 AM,KXATPCHALLENGERMATCH-26APR18TOKSHI-TOK,70,800,69,1200,68,800,63,2000,7,10000,83,70,85,800,86,800,88,1,94,365,76.5
2026-04-18 11:10:57 AM,KXATPCHALLENGERMATCH-26APR18TOKSHI-TOK,70,800,69,1200,68,800,63,2000,7,10000,83,70,86,800,88,1,94,365,95,36,76.5
2026-04-18 11:10:57 AM,KXATPCHALLENGERMATCH-26APR18TOKSHI-TOK,70,800,69,1200,68,800,63,2000,7,10000,83,70,88,1,94,365,95,36,96,543,76.5
2026-04-18 11:10:57 AM,KXATPCHALLENGERMATCH-26APR18TOKSHI-TOK,70,800,69,1200,68,800,63,2000,7,10000,83,70,88,1,90,800,94,365,95,36,76.5
2026-04-18 11:10:57 AM,KXATPCHALLENGERMATCH-26APR18TOKSHI-TOK,70,800,69,1200,68,800,63,2000,7,10000,83,70,88,1,90,800,91,800,94,365,76.5
2026-04-18 11:10:57 AM,KXATPCHALLENGERMATCH-26APR18TOKSHI-TOK,70,800,69,1200,68,800,63,2000,7,10000,83,70,88,801,90,800,91,800,94,365,76.5
2026-04-18 11:19:00 AM,KXATPCHALLENGERMATCH-26APR18TOKSHI-TOK,72,153,70,800,69,1200,68,800,63,2000,83,70,88,801,90,800,91,800,94,365,77.5
2026-04-18 11:19:00 AM,KXATPCHALLENGERMATCH-26APR18TOKSHI-TOK,72,153,70,800,69,1200,68,800,63,2000,78,97,83,70,88,801,90,800,91,800,75.0
2026-04-18 11:19:00 AM,KXATPCHALLENGERMATCH-26APR18TOKSHI-TOK,73,167,72,153,70,800,69,1200,68,800,78,97,83,70,88,801,90,800,91,800,75.5
2026-04-18 11:19:00 AM,KXATPCHALLENGERMATCH-26APR18TOKSHI-TOK,73,167,72,153,70,800,69,1200,68,800,78,97,79,184,83,70,88,801,90,800,75.5
2026-04-18 11:19:00 AM,KXATPCHALLENGERMATCH-26APR18TOKSHI-TOK,73,278,72,153,70,800,69,1200,68,800,78,97,79,184,83,70,88,801,90,800,75.5
2026-04-18 11:19:00 AM,KXATPCHALLENGERMATCH-26APR18TOKSHI-TOK,73,278,72,153,70,800,69,1200,68,800,78,161,79,184,83,70,88,801,90,800,75.5
2026-04-18 11:19:00 AM,KXATPCHALLENGERMATCH-26APR18TOKSHI-TOK,73,278,72,153,70,800,69,1200,68,800,78,161,79,308,83,70,88,801,90,800,75.5
2026-04-18 11:19:00 AM,KXATPCHALLENGERMATCH-26APR18TOKSHI-TOK,73,278,72,261,70,800,69,1200,68,800,78,161,79,308,83,70,88,801,90,800,75.5
2026-04-18 11:19:00 AM,KXATPCHALLENGERMATCH-26APR18TOKSHI-TOK,73,278,72,261,70,800,69,1200,68,800,78,161,79,308,88,801,90,800,91,800,75.5
2026-04-18 11:19:47 AM,KXATPCHALLENGERMATCH-26APR18TOKSHI-TOK,73,278,72,261,70,800,69,1200,68,800,78,161,79,308,88,801,89,1,90,800,75.5
2026-04-18 11:22:57 AM,KXATPCHALLENGERMATCH-26APR18TOKSHI-TOK,73,278,72,261,70,800,69,400,68,800,78,161,79,308,88,801,89,1,90,800,75.5
2026-04-18 11:22:57 AM,KXATPCHALLENGERMATCH-26APR18TOKSHI-TOK,73,278,72,261,70,800,69,400,63,2000,78,161,79,308,88,801,89,1,90,800,75.5
2026-04-18 11:22:57 AM,KXATPCHALLENGERMATCH-26APR18TOKSHI-TOK,73,278,72,261,69,400,63,2000,8,191,78,161,79,308,88,801,89,1,90,800,75.5
2026-04-18 11:22:57 AM,KXATPCHALLENGERMATCH-26APR18TOKSHI-TOK,73,278,72,261,69,400,63,2000,8,191,78,161,79,308,88,1,89,1,90,800,75.5
2026-04-18 11:22:57 AM,KXATPCHALLENGERMATCH-26APR18TOKSHI-TOK,73,278,72,261,69,400,63,2000,8,191,78,161,79,308,88,1,89,1,91,800,75.5
2026-04-18 11:22:57 AM,KXATPCHALLENGERMATCH-26APR18TOKSHI-TOK,73,278,72,261,69,400,63,2000,8,191,78,161,79,308,88,1,89,1,94,365,75.5
2026-04-18 11:22:57 AM,KXATPCHALLENGERMATCH-26APR18TOKSHI-TOK,74,800,73,278,72,261,69,400,63,2000,78,161,79,308,88,1,89,1,94,365,76.0
2026-04-18 11:22:57 AM,KXATPCHALLENGERMATCH-26APR18TOKSHI-TOK,74,800,73,278,72,1061,69,400,63,2000,78,161,79,308,88,1,89,1,94,365,76.0
2026-04-18 11:22:57 AM,KXATPCHALLENGERMATCH-26APR18TOKSHI-TOK,74,800,73,1078,72,1061,69,400,63,2000,78,161,79,308,88,1,89,1,94,365,76.0
2026-04-18 11:22:57 AM,KXATPCHALLENGERMATCH-26APR18TOKSHI-TOK,74,800,73,1078,72,1061,69,400,63,2000,78,961,79,308,88,1,89,1,94,365,76.0
2026-04-18 11:22:57 AM,KXATPCHALLENGERMATCH-26APR18TOKSHI-TOK,74,800,73,1078,72,1061,69,400,63,2000,78,961,79,308,81,800,88,1,89,1,76.0
2026-04-18 11:22:57 AM,KXATPCHALLENGERMATCH-26APR18TOKSHI-TOK,74,800,73,1078,72,1061,69,400,63,2000,78,961,79,308,80,800,81,800,88,1,76.0
2026-04-18 11:22:57 AM,KXATPCHALLENGERMATCH-26APR18TOKSHI-TOK,74,800,73,1078,72,1061,69,400,8,191,78,961,79,308,80,800,81,800,88,1,76.0
2026-04-18 11:22:57 AM,KXATPCHALLENGERMATCH-26APR18TOKSHI-TOK,74,800,73,1078,72,1061,69,400,67,2000,78,961,79,308,80,800,81,800,88,1,76.0
2026-04-18 11:33:39 AM,KXATPCHALLENGERMATCH-26APR18TOKSHI-TOK,74,800,73,1078,72,1061,69,400,8,191,78,961,79,308,80,800,81,800,88,1,76.0
2026-04-18 11:37:48 AM,KXATPCHALLENGERMATCH-26APR18TOKSHI-TOK,74,800,73,1078,72,1061,69,400,30,11,78,961,79,308,80,800,81,800,88,1,76.0
2026-04-18 11:40:40 AM,KXATPCHALLENGERMATCH-26APR18TOKSHI-TOK,74,800,73,1078,72,1061,69,400,30,11,78,911,79,308,80,800,81,800,88,1,76.0
2026-04-18 11:46:58 AM,KXATPCHALLENGERMATCH-26APR18TOKSHI-TOK,74,800,73,1078,72,1061,69,400,30,11,78,909,79,308,80,800,81,800,88,1,76.0
2026-04-18 11:53:38 AM,KXATPCHALLENGERMATCH-26APR18TOKSHI-TOK,76,100,74,800,73,1078,72,1061,69,400,78,909,79,308,80,800,81,800,88,1,77.0
2026-04-18 11:53:47 AM,KXATPCHALLENGERMATCH-26APR18TOKSHI-TOK,74,800,73,1078,72,1061,69,400,30,11,78,909,79,308,80,800,81,800,88,1,76.0
2026-04-18 11:53:55 AM,KXATPCHALLENGERMATCH-26APR18TOKSHI-TOK,77,100,74,800,73,1078,72,1061,69,400,78,909,79,308,80,800,81,800,88,1,77.5
2026-04-18 11:54:04 AM,KXATPCHALLENGERMATCH-26APR18TOKSHI-TOK,74,800,73,1078,72,1061,69,400,30,11,78,909,79,308,80,800,81,800,88,1,76.0
2026-04-18 11:54:21 AM,KXATPCHALLENGERMATCH-26APR18TOKSHI-TOK,74,800,73,1078,72,1061,69,400,30,11,78,864,79,308,80,800,81,800,88,1,76.0
2026-04-18 11:54:21 AM,KXATPCHALLENGERMATCH-26APR18TOKSHI-TOK,74,800,73,1078,72,1061,69,400,30,11,78,809,79,308,80,800,81,800,88,1,76.0
2026-04-18 11:54:22 AM,KXATPCHALLENGERMATCH-26APR18TOKSHI-TOK,74,800,73,1078,72,1061,69,400,30,11,78,809,79,308,80,998,81,800,88,1,76.0
2026-04-18 11:54:22 AM,KXATPCHALLENGERMATCH-26APR18TOKSHI-TOK,74,800,73,1078,72,1061,69,400,30,11,78,809,79,308,80,1129,81,800,88,1,76.0
2026-04-18 11:56:42 AM,KXATPCHALLENGERMATCH-26APR18TOKSHI-TOK,74,800,73,1078,72,1061,69,400,30,11,78,808,79,308,80,1129,81,800,88,1,76.0
2026-04-18 12:04:06 PM,KXATPCHALLENGERMATCH-26APR18TOKSHI-TOK,74,800,73,1084,72,1061,69,400,30,11,78,808,79,308,80,1129,81,800,88,1,76.0
2026-04-18 12:05:14 PM,KXATPCHALLENGERMATCH-26APR18TOKSHI-TOK,74,800,73,1084,72,1061,69,400,67,2000,78,808,79,308,80,1129,81,800,88,1,76.0
2026-04-18 12:05:30 PM,KXATPCHALLENGERMATCH-26APR18TOKSHI-TOK,74,800,73,1084,72,1061,69,400,67,2000,78,808,79,308,80,1129,81,800,86,2000,76.0
2026-04-18 12:08:16 PM,KXATPCHALLENGERMATCH-26APR18TOKSHI-TOK,74,800,73,1084,72,1061,69,400,67,2000,78,800,79,308,80,1129,81,800,86,2000,76.0
2026-04-18 12:08:16 PM,KXATPCHALLENGERMATCH-26APR18TOKSHI-TOK,74,800,73,1084,72,1061,69,400,67,2000,78,798,79,308,80,1129,81,800,86,2000,76.0
2026-04-18 12:08:16 PM,KXATPCHALLENGERMATCH-26APR18TOKSHI-TOK,74,800,73,1101,72,1061,69,400,67,2000,78,798,79,308,80,1129,81,800,86,2000,76.0
2026-04-18 12:08:16 PM,KXATPCHALLENGERMATCH-26APR18TOKSHI-TOK,74,800,73,1101,72,1072,69,400,67,2000,78,798,79,308,80,1129,81,800,86,2000,76.0
2026-04-18 12:08:17 PM,KXATPCHALLENGERMATCH-26APR18TOKSHI-TOK,74,800,73,1101,72,1072,69,400,67,2000,78,801,79,308,80,1129,81,800,86,2000,76.0
2026-04-18 12:08:17 PM,KXATPCHALLENGERMATCH-26APR18TOKSHI-TOK,74,800,73,1101,72,1072,69,400,67,2000,78,801,79,325,80,1129,81,800,86,2000,76.0
2026-04-18 12:08:17 PM,KXATPCHALLENGERMATCH-26APR18TOKSHI-TOK,74,800,73,1101,72,1072,69,400,67,2000,78,801,79,325,80,1140,81,800,86,2000,76.0
2026-04-18 12:10:29 PM,KXATPCHALLENGERMATCH-26APR18TOKSHI-TOK,74,800,73,1095,72,1072,69,400,67,2000,78,801,79,325,80,1140,81,800,86,2000,76.0
2026-04-18 12:12:07 PM,KXATPCHALLENGERMATCH-26APR18TOKSHI-TOK,74,800,73,1095,72,1072,69,400,67,2000,78,800,79,325,80,1140,81,800,86,2000,76.0
2026-04-18 12:12:09 PM,KXATPCHALLENGERMATCH-26APR18TOKSHI-TOK,74,800,73,1095,72,1072,69,400,67,2000,78,801,79,325,80,1140,81,800,86,2000,76.0
2026-04-18 12:14:36 PM,KXATPCHALLENGERMATCH-26APR18TOKSHI-TOK,74,800,73,1095,72,1072,69,400,67,2000,78,781,79,325,80,1140,81,800,86,2000,76.0
2026-04-18 12:14:38 PM,KXATPCHALLENGERMATCH-26APR18TOKSHI-TOK,74,800,73,1095,72,1072,69,400,67,2000,78,780,79,325,80,1140,81,800,86,2000,76.0
2026-04-18 12:14:38 PM,KXATPCHALLENGERMATCH-26APR18TOKSHI-TOK,74,800,73,1095,72,1072,69,400,67,2000,78,801,79,325,80,1140,81,800,86,2000,76.0
2026-04-18 12:16:46 PM,KXATPCHALLENGERMATCH-26APR18TOKSHI-TOK,74,800,73,1101,72,1072,69,400,67,2000,78,801,79,325,80,1140,81,800,86,2000,76.0
2026-04-18 12:17:24 PM,KXATPCHALLENGERMATCH-26APR18TOKSHI-TOK,74,806,73,1101,72,1072,69,400,67,2000,78,801,79,325,80,1140,81,800,86,2000,76.0
2026-04-18 12:17:24 PM,KXATPCHALLENGERMATCH-26APR18TOKSHI-TOK,74,806,73,1107,72,1072,69,400,67,2000,78,801,79,325,80,1140,81,800,86,2000,76.0
2026-04-18 12:17:25 PM,KXATPCHALLENGERMATCH-26APR18TOKSHI-TOK,74,806,73,1107,72,1078,69,400,67,2000,78,801,79,325,80,1140,81,800,86,2000,76.0
2026-04-18 12:17:25 PM,KXATPCHALLENGERMATCH-26APR18TOKSHI-TOK,74,806,73,1107,72,1078,70,6,69,400,78,801,79,325,80,1140,81,800,86,2000,76.0
2026-04-18 12:17:25 PM,KXATPCHALLENGERMATCH-26APR18TOKSHI-TOK,74,806,73,1107,72,1078,70,6,69,407,78,801,79,325,80,1140,81,800,86,2000,76.0
2026-04-18 12:23:17 PM,KXATPCHALLENGERMATCH-26APR18TOKSHI-TOK,74,806,73,1101,72,1078,70,6,69,407,78,801,79,325,80,1140,81,800,86,2000,76.0
2026-04-18 12:34:24 PM,KXATPCHALLENGERMATCH-26APR18TOKSHI-TOK,74,806,73,1237,72,1078,70,6,69,407,78,801,79,325,80,1140,81,800,86,2000,76.0
2026-04-18 12:34:24 PM,KXATPCHALLENGERMATCH-26APR18TOKSHI-TOK,74,806,73,1237,72,1216,70,6,69,407,78,801,79,325,80,1140,81,800,86,2000,76.0
2026-04-18 12:34:24 PM,KXATPCHALLENGERMATCH-26APR18TOKSHI-TOK,74,806,73,1237,72,1216,71,139,70,6,78,801,79,325,80,1140,81,800,86,2000,76.0
2026-04-18 12:34:24 PM,KXATPCHALLENGERMATCH-26APR18TOKSHI-TOK,74,806,73,1237,72,1216,71,139,70,6,78,2107,79,325,80,1140,81,800,86,2000,76.0
2026-04-18 12:34:24 PM,KXATPCHALLENGERMATCH-26APR18TOKSHI-TOK,74,806,73,1237,72,1216,71,139,70,6,78,2107,79,910,80,1140,81,800,86,2000,76.0
2026-04-18 12:34:24 PM,KXATPCHALLENGERMATCH-26APR18TOKSHI-TOK,74,806,73,1237,72,1216,71,139,70,6,78,2107,79,910,80,1739,81,800,86,2000,76.0
2026-04-18 12:34:24 PM,KXATPCHALLENGERMATCH-26APR18TOKSHI-TOK,74,806,73,1237,72,1216,71,139,70,6,78,2107,79,910,80,1739,81,800,88,1,76.0
2026-04-18 12:34:24 PM,KXATPCHALLENGERMATCH-26APR18TOKSHI-TOK,74,806,73,1237,72,1216,71,139,70,6,78,2107,79,910,80,1739,81,800,84,2000,76.0
2026-04-18 12:40:06 PM,KXATPCHALLENGERMATCH-26APR18TOKSHI-TOK,74,816,73,1237,72,1216,71,139,70,6,78,2107,79,910,80,1739,81,800,84,2000,76.0
2026-04-18 12:44:30 PM,KXATPCHALLENGERMATCH-26APR18TOKSHI-TOK,74,816,73,1237,72,1216,71,139,70,6,78,2076,79,910,80,1739,81,800,84,2000,76.0
2026-04-18 12:44:31 PM,KXATPCHALLENGERMATCH-26APR18TOKSHI-TOK,74,816,73,1237,72,1216,71,139,70,6,78,2055,79,910,80,1739,81,800,84,2000,76.0
2026-04-18 12:44:31 PM,KXATPCHALLENGERMATCH-26APR18TOKSHI-TOK,74,816,73,1237,72,1216,71,139,70,6,78,2107,79,910,80,1739,81,800,84,2000,76.0
2026-04-18 12:50:52 PM,KXATPCHALLENGERMATCH-26APR18TOKSHI-TOK,74,816,73,1237,72,1216,71,139,70,6,78,2107,79,910,80,1739,81,800,88,1,76.0
2026-04-18 12:58:34 PM,KXATPCHALLENGERMATCH-26APR18TOKSHI-TOK,74,816,73,1237,72,1216,71,139,70,6,78,2101,79,910,80,1739,81,800,88,1,76.0
2026-04-18 12:58:37 PM,KXATPCHALLENGERMATCH-26APR18TOKSHI-TOK,74,816,73,1237,72,1216,71,139,70,6,78,2049,79,910,80,1739,81,800,88,1,76.0
2026-04-18 12:58:37 PM,KXATPCHALLENGERMATCH-26APR18TOKSHI-TOK,74,816,73,1237,72,1216,71,139,70,6,78,2107,79,910,80,1739,81,800,88,1,76.0
2026-04-18 01:01:44 PM,KXATPCHALLENGERMATCH-26APR18TOKSHI-TOK,74,816,73,1237,72,1216,71,139,70,6,78,2106,79,910,80,1739,81,800,88,1,76.0
2026-04-18 01:01:46 PM,KXATPCHALLENGERMATCH-26APR18TOKSHI-TOK,74,816,73,1237,72,1216,71,139,70,6,78,2048,79,910,80,1739,81,800,88,1,76.0
2026-04-18 01:01:46 PM,KXATPCHALLENGERMATCH-26APR18TOKSHI-TOK,74,816,73,1237,72,1216,71,139,70,6,78,2107,79,910,80,1739,81,800,88,1,76.0
2026-04-18 01:02:02 PM,KXATPCHALLENGERMATCH-26APR18TOKSHI-TOK,74,816,73,1237,72,1216,71,139,70,6,77,2182,78,2107,79,910,80,1739,81,800,75.5
2026-04-18 01:02:02 PM,KXATPCHALLENGERMATCH-26APR18TOKSHI-TOK,74,816,73,1237,72,1216,71,139,70,6,77,2182,78,2107,79,910,80,1728,81,800,75.5
2026-04-18 01:02:02 PM,KXATPCHALLENGERMATCH-26APR18TOKSHI-TOK,74,816,73,1237,72,1216,71,139,70,6,77,2182,78,2124,79,910,80,1728,81,800,75.5
2026-04-18 01:02:09 PM,KXATPCHALLENGERMATCH-26APR18TOKSHI-TOK,74,816,73,1237,72,1216,71,139,70,6,77,2172,78,2124,79,910,80,1728,81,800,75.5
2026-04-18 01:03:34 PM,KXATPCHALLENGERMATCH-26APR18TOKSHI-TOK,74,816,73,1237,72,1216,71,139,70,6,77,2172,78,2124,79,893,80,1728,81,800,75.5
2026-04-18 01:03:34 PM,KXATPCHALLENGERMATCH-26APR18TOKSHI-TOK,74,816,73,1237,72,1216,71,139,70,6,77,2200,78,2124,79,893,80,1728,81,800,75.5
2026-04-18 01:22:19 PM,KXATPCHALLENGERMATCH-26APR18TOKSHI-TOK,74,816,73,1237,72,1216,71,139,70,6,77,2200,78,2107,79,893,80,1728,81,800,75.5
2026-04-18 01:22:19 PM,KXATPCHALLENGERMATCH-26APR18TOKSHI-TOK,74,816,73,1237,72,1216,71,139,70,6,77,2200,78,2118,79,893,80,1728,81,800,75.5
2026-04-18 01:36:26 PM,KXATPCHALLENGERMATCH-26APR18TOKSHI-TOK,74,816,73,1237,72,1216,71,139,70,6,77,2074,78,2118,79,893,80,1728,81,800,75.5
2026-04-18 01:44:03 PM,KXATPCHALLENGERMATCH-26APR18TOKSHI-TOK,74,816,73,1237,72,1216,71,139,70,6,77,2114,78,2118,79,893,80,1728,81,800,75.5
2026-04-18 01:44:57 PM,KXATPCHALLENGERMATCH-26APR18TOKSHI-TOK,74,816,73,1237,72,1216,71,139,70,6,77,2109,78,2118,79,893,80,1728,81,800,75.5
2026-04-18 02:00:13 PM,KXATPCHALLENGERMATCH-26APR18TOKSHI-TOK,74,816,73,1247,72,1216,71,139,70,6,77,2109,78,2118,79,893,80,1728,81,800,75.5
2026-04-18 02:00:13 PM,KXATPCHALLENGERMATCH-26APR18TOKSHI-TOK,74,816,73,1257,72,1216,71,139,70,6,77,2109,78,2118,79,893,80,1728,81,800,75.5
2026-04-18 02:00:13 PM,KXATPCHALLENGERMATCH-26APR18TOKSHI-TOK,74,816,73,1267,72,1216,71,139,70,6,77,2109,78,2118,79,893,80,1728,81,800,75.5
2026-04-18 02:00:14 PM,KXATPCHALLENGERMATCH-26APR18TOKSHI-TOK,74,816,73,1277,72,1216,71,139,70,6,77,2109,78,2118,79,893,80,1728,81,800,75.5
2026-04-18 02:00:14 PM,KXATPCHALLENGERMATCH-26APR18TOKSHI-TOK,74,816,73,1277,72,1216,71,139,70,6,77,2109,78,2118,79,903,80,1728,81,800,75.5
2026-04-18 02:00:14 PM,KXATPCHALLENGERMATCH-26APR18TOKSHI-TOK,74,816,73,1277,72,1216,71,139,70,6,77,2109,78,2118,79,913,80,1728,81,800,75.5
2026-04-18 02:00:14 PM,KXATPCHALLENGERMATCH-26APR18TOKSHI-TOK,74,816,73,1277,72,1216,71,139,70,6,77,2109,78,2118,79,923,80,1728,81,800,75.5
2026-04-18 02:04:28 PM,KXATPCHALLENGERMATCH-26APR18TOKSHI-TOK,74,816,73,1277,72,1216,71,139,70,6,77,2108,78,2118,79,923,80,1728,81,800,75.5
2026-04-18 02:30:31 PM,KXATPCHALLENGERMATCH-26APR18TOKSHI-TOK,74,816,73,1277,72,1216,71,139,70,6,77,68,78,2118,79,923,80,1728,81,800,75.5
2026-04-18 02:33:56 PM,KXATPCHALLENGERMATCH-26APR18TOKSHI-TOK,74,816,73,1277,72,1216,71,139,70,6,77,68,78,2118,79,923,80,1728,81,816,75.5
2026-04-18 02:55:58 PM,KXATPCHALLENGERMATCH-26APR18TOKSHI-TOK,74,816,73,1277,72,1216,71,139,70,6,77,58,78,2118,79,923,80,1728,81,816,75.5
2026-04-18 02:55:58 PM,KXATPCHALLENGERMATCH-26APR18TOKSHI-TOK,74,816,73,1277,72,1205,71,139,70,6,77,58,78,2118,79,923,80,1728,81,816,75.5
2026-04-18 02:55:58 PM,KXATPCHALLENGERMATCH-26APR18TOKSHI-TOK,74,826,73,1277,72,1205,71,139,70,6,77,58,78,2118,79,923,80,1728,81,816,75.5
2026-04-18 02:55:58 PM,KXATPCHALLENGERMATCH-26APR18TOKSHI-TOK,74,826,73,1277,72,1205,71,139,70,6,77,65,78,2118,79,923,80,1728,81,816,75.5
2026-04-18 03:03:21 PM,KXATPCHALLENGERMATCH-26APR18TOKSHI-TOK,74,826,73,1277,72,1205,71,139,70,6,77,66,78,2118,79,923,80,1728,81,816,75.5
2026-04-18 03:04:12 PM,KXATPCHALLENGERMATCH-26APR18TOKSHI-TOK,74,826,73,1277,72,1205,71,139,70,6,77,65,78,2117,79,923,80,1728,81,816,75.5
2026-04-18 03:04:28 PM,KXATPCHALLENGERMATCH-26APR18TOKSHI-TOK,75,10,74,826,73,1277,72,1205,71,139,77,65,78,2117,79,923,80,1728,81,816,76.0
2026-04-18 03:04:28 PM,KXATPCHALLENGERMATCH-26APR18TOKSHI-TOK,75,10,74,826,73,1277,72,1205,71,139,77,48,78,2117,79,923,80,1728,81,816,76.0
2026-04-18 03:04:28 PM,KXATPCHALLENGERMATCH-26APR18TOKSHI-TOK,75,10,74,826,73,1277,72,1205,71,139,77,41,78,2117,79,923,80,1728,81,816,76.0
2026-04-18 03:04:28 PM,KXATPCHALLENGERMATCH-26APR18TOKSHI-TOK,75,10,74,826,73,1277,72,1205,71,139,77,41,78,2117,79,935,80,1728,81,816,76.0
2026-04-18 03:04:28 PM,KXATPCHALLENGERMATCH-26APR18TOKSHI-TOK,75,10,74,826,73,1277,72,1205,71,139,77,41,78,2117,79,935,80,1728,81,800,76.0
2026-04-18 03:04:28 PM,KXATPCHALLENGERMATCH-26APR18TOKSHI-TOK,75,10,74,826,73,1277,72,1205,71,139,77,41,78,2117,79,935,80,1732,81,800,76.0
2026-04-18 03:04:43 PM,KXATPCHALLENGERMATCH-26APR18TOKSHI-TOK,75,9,74,826,73,1277,72,1205,71,139,77,41,78,2117,79,935,80,1732,81,800,76.0
2026-04-18 03:04:43 PM,KXATPCHALLENGERMATCH-26APR18TOKSHI-TOK,75,9,74,826,73,1277,72,1205,71,139,77,41,78,2117,79,935,80,1739,81,800,76.0
2026-04-18 03:09:55 PM,KXATPCHALLENGERMATCH-26APR18TOKSHI-TOK,75,9,74,826,73,1277,72,1205,71,139,77,1,78,2117,79,935,80,1739,81,800,76.0
2026-04-18 03:09:55 PM,KXATPCHALLENGERMATCH-26APR18TOKSHI-TOK,75,9,74,826,73,1277,72,1205,71,139,78,2117,79,935,80,1739,81,800,89,1,76.5
2026-04-18 03:09:55 PM,KXATPCHALLENGERMATCH-26APR18TOKSHI-TOK,75,9,74,826,73,1277,72,1205,71,139,78,2106,79,935,80,1739,81,800,89,1,76.5
2026-04-18 03:09:55 PM,KXATPCHALLENGERMATCH-26APR18TOKSHI-TOK,75,9,74,826,73,1277,72,1205,71,139,78,2106,79,935,80,1751,81,800,89,1,76.5
2026-04-18 03:09:57 PM,KXATPCHALLENGERMATCH-26APR18TOKSHI-TOK,75,9,74,826,73,1277,72,1205,71,139,77,1,78,2106,79,935,80,1751,81,800,76.0
2026-04-18 03:09:57 PM,KXATPCHALLENGERMATCH-26APR18TOKSHI-TOK,75,9,74,826,73,1277,72,1205,71,139,77,1,78,2106,79,935,80,1739,81,800,76.0
2026-04-18 03:09:57 PM,KXATPCHALLENGERMATCH-26APR18TOKSHI-TOK,75,9,74,826,73,1277,72,1205,71,139,77,1,78,2120,79,935,80,1739,81,800,76.0
2026-04-18 03:13:24 PM,KXATPCHALLENGERMATCH-26APR18TOKSHI-TOK,75,9,74,826,73,1277,72,1205,71,139,78,2120,79,935,80,1739,81,800,89,1,76.5
2026-04-18 03:13:24 PM,KXATPCHALLENGERMATCH-26APR18TOKSHI-TOK,75,9,74,826,73,1277,72,1205,71,139,78,2059,79,935,80,1739,81,800,89,1,76.5
2026-04-18 03:13:24 PM,KXATPCHALLENGERMATCH-26APR18TOKSHI-TOK,75,9,74,826,73,1277,72,1205,71,139,78,2045,79,935,80,1739,81,800,89,1,76.5
2026-04-18 03:13:24 PM,KXATPCHALLENGERMATCH-26APR18TOKSHI-TOK,75,9,74,826,73,1277,72,1205,71,139,78,2045,79,935,80,1751,81,800,89,1,76.5
2026-04-18 03:13:25 PM,KXATPCHALLENGERMATCH-26APR18TOKSHI-TOK,75,9,74,826,73,1277,72,1205,71,139,78,1986,79,935,80,1751,81,800,89,1,76.5
2026-04-18 03:13:25 PM,KXATPCHALLENGERMATCH-26APR18TOKSHI-TOK,75,9,74,826,73,1277,72,1205,71,139,78,2106,79,935,80,1751,81,800,89,1,76.5
2026-04-18 03:13:26 PM,KXATPCHALLENGERMATCH-26APR18TOKSHI-TOK,75,9,74,826,73,1277,72,1205,71,139,77,1,78,2106,79,935,80,1751,81,800,76.0
2026-04-18 03:13:26 PM,KXATPCHALLENGERMATCH-26APR18TOKSHI-TOK,75,9,74,827,73,1277,72,1205,71,139,77,1,78,2106,79,935,80,1751,81,800,76.0
2026-04-18 03:13:26 PM,KXATPCHALLENGERMATCH-26APR18TOKSHI-TOK,75,9,74,827,73,1277,72,1205,71,139,77,1,78,2106,79,935,80,1739,81,800,76.0
2026-04-18 03:13:26 PM,KXATPCHALLENGERMATCH-26APR18TOKSHI-TOK,75,9,74,827,73,1277,72,1205,71,139,77,1,78,2120,79,935,80,1739,81,800,76.0
2026-04-18 03:18:59 PM,KXATPCHALLENGERMATCH-26APR18TOKSHI-TOK,75,9,74,827,73,1277,72,1205,71,139,78,2120,79,935,80,1739,81,800,89,1,76.5
2026-04-18 03:18:59 PM,KXATPCHALLENGERMATCH-26APR18TOKSHI-TOK,77,49,75,9,74,827,73,1277,72,1205,78,2120,79,935,80,1739,81,800,89,1,77.5
2026-04-18 03:18:59 PM,KXATPCHALLENGERMATCH-26APR18TOKSHI-TOK,77,49,75,9,74,827,73,1277,72,1205,78,2106,79,935,80,1739,81,800,89,1,77.5
2026-04-18 03:18:59 PM,KXATPCHALLENGERMATCH-26APR18TOKSHI-TOK,77,49,75,9,74,827,73,1277,72,1205,78,2106,79,935,80,1751,81,800,89,1,77.5
2026-04-18 03:19:01 PM,KXATPCHALLENGERMATCH-26APR18TOKSHI-TOK,77,49,75,9,74,827,73,1277,72,1205,78,2107,79,935,80,1751,81,800,89,1,77.5
2026-04-18 03:19:02 PM,KXATPCHALLENGERMATCH-26APR18TOKSHI-TOK,77,57,75,9,74,827,73,1277,72,1205,78,2107,79,935,80,1751,81,800,89,1,77.5
2026-04-18 03:19:02 PM,KXATPCHALLENGERMATCH-26APR18TOKSHI-TOK,77,57,75,9,74,27,73,1277,72,1205,78,2107,79,935,80,1751,81,800,89,1,77.5
2026-04-18 03:19:02 PM,KXATPCHALLENGERMATCH-26APR18TOKSHI-TOK,77,57,75,809,74,27,73,1277,72,1205,78,2107,79,935,80,1751,81,800,89,1,77.5
2026-04-18 03:19:02 PM,KXATPCHALLENGERMATCH-26APR18TOKSHI-TOK,77,57,75,809,74,192,73,1277,72,1205,78,2107,79,935,80,1751,81,800,89,1,77.5
2026-04-18 03:19:04 PM,KXATPCHALLENGERMATCH-26APR18TOKSHI-TOK,77,57,75,809,74,191,73,1277,72,1205,78,2107,79,935,80,1751,81,800,89,1,77.5
2026-04-18 03:29:01 PM,KXATPCHALLENGERMATCH-26APR18TOKSHI-TOK,77,57,75,809,74,191,73,1277,72,1205,78,2106,79,935,80,1751,81,800,89,1,77.5
2026-04-18 03:29:01 PM,KXATPCHALLENGERMATCH-26APR18TOKSHI-TOK,77,57,75,809,74,191,73,1277,72,1205,78,4429,79,935,80,1751,81,800,89,1,77.5
2026-04-18 03:31:21 PM,KXATPCHALLENGERMATCH-26APR18TOKSHI-TOK,77,57,75,809,74,26,73,1277,72,1205,78,4429,79,935,80,1751,81,800,89,1,77.5
2026-04-18 03:32:30 PM,KXATPCHALLENGERMATCH-26APR18TOKSHI-TOK,77,57,75,809,74,26,73,1277,72,1205,78,4427,79,935,80,1751,81,800,89,1,77.5
2026-04-18 03:32:32 PM,KXATPCHALLENGERMATCH-26APR18TOKSHI-TOK,77,57,75,809,74,26,73,1277,72,1205,78,4307,79,935,80,1751,81,800,89,1,77.5
2026-04-18 03:32:32 PM,KXATPCHALLENGERMATCH-26APR18TOKSHI-TOK,77,57,75,809,74,26,73,1277,72,1205,78,4429,79,935,80,1751,81,800,89,1,77.5
2026-04-18 03:34:27 PM,KXATPCHALLENGERMATCH-26APR18TOKSHI-TOK,77,57,75,809,74,26,73,1277,72,1205,78,4429,79,935,80,1744,81,800,89,1,77.5
2026-04-18 03:37:28 PM,KXATPCHALLENGERMATCH-26APR18TOKSHI-TOK,77,57,75,809,74,26,73,1277,72,1205,78,4429,79,935,80,1744,81,800,89,1,77.5,3374,7909,0.299
2026-04-18 03:38:17 PM,KXATPCHALLENGERMATCH-26APR18TOKSHI-TOK,77,57,75,809,74,26,73,1277,72,1205,78,4429,79,935,80,1740,81,800,89,1,77.5,3374,7905,0.299
2026-04-18 03:38:17 PM,KXATPCHALLENGERMATCH-26APR18TOKSHI-TOK,77,57,75,809,74,26,73,1277,72,1205,78,4429,79,935,80,1740,81,800,84,1565,77.5,3374,9469,0.263
2026-04-18 03:38:17 PM,KXATPCHALLENGERMATCH-26APR18TOKSHI-TOK,77,57,75,809,74,26,73,1260,72,1205,78,4429,79,935,80,1740,81,800,84,1565,77.5,3357,9469,0.262
2026-04-18 03:38:17 PM,KXATPCHALLENGERMATCH-26APR18TOKSHI-TOK,77,57,75,809,74,16,73,1260,72,1205,78,4429,79,935,80,1740,81,800,84,1565,77.5,3347,9469,0.261
2026-04-18 03:38:17 PM,KXATPCHALLENGERMATCH-26APR18TOKSHI-TOK,77,67,75,809,74,16,73,1260,72,1205,78,4429,79,935,80,1740,81,800,84,1565,77.5,3357,9469,0.262
2026-04-18 03:38:17 PM,KXATPCHALLENGERMATCH-26APR18TOKSHI-TOK,77,67,76,13,75,809,74,16,73,1260,78,4429,79,935,80,1740,81,800,84,1565,77.5,2165,9469,0.186
2026-04-18 03:56:55 PM,KXATPCHALLENGERMATCH-26APR18TOKSHI-TOK,77,67,76,13,75,809,74,16,73,1260,78,4429,79,935,80,1740,81,800,84,1565,77.5,2165,9469,0.186
2026-04-18 03:57:40 PM,KXATPCHALLENGERMATCH-26APR18TOKSHI-TOK,77,67,76,13,75,809,74,16,73,1260,78,4429,79,935,80,1740,81,800,84,1565,77.5,2165,9469,0.186
2026-04-18 04:07:19 PM,KXATPCHALLENGERMATCH-26APR18TOKSHI-TOK,77,67,76,13,75,809,74,16,73,1260,78,4429,79,935,80,1740,81,800,84,1565,77.5,2165,9469,0.186
2026-04-18 04:11:54 PM,KXATPCHALLENGERMATCH-26APR18TOKSHI-TOK,77,67,75,809,74,16,73,1260,72,1205,78,4429,79,935,80,1740,81,800,84,1565,77.5,3357,9469,0.262
2026-04-18 04:11:54 PM,KXATPCHALLENGERMATCH-26APR18TOKSHI-TOK,77,57,75,809,74,16,73,1260,72,1205,78,4429,79,935,80,1740,81,800,84,1565,77.5,3347,9469,0.261
2026-04-18 04:11:54 PM,KXATPCHALLENGERMATCH-26APR18TOKSHI-TOK,77,57,75,809,74,16,73,1260,72,1205,78,4429,79,935,80,1728,81,800,84,1565,77.5,3347,9457,0.261
2026-04-18 04:11:54 PM,KXATPCHALLENGERMATCH-26APR18TOKSHI-TOK,77,57,75,809,74,16,73,1260,72,1205,78,4429,79,923,80,1728,81,800,84,1565,77.5,3347,9445,0.262
2026-04-18 04:11:54 PM,KXATPCHALLENGERMATCH-26APR18TOKSHI-TOK,77,67,75,809,74,16,73,1260,72,1205,78,4429,79,923,80,1728,81,800,84,1565,77.5,3357,9445,0.262
2026-04-18 04:11:54 PM,KXATPCHALLENGERMATCH-26APR18TOKSHI-TOK,77,67,76,13,75,809,74,16,73,1260,78,4429,79,923,80,1728,81,800,84,1565,77.5,2165,9445,0.186
2026-04-18 04:11:54 PM,KXATPCHALLENGERMATCH-26APR18TOKSHI-TOK,77,67,76,13,75,809,74,16,73,1260,78,4429,79,937,80,1728,81,800,84,1565,77.5,2165,9459,0.186
2026-04-18 04:11:54 PM,KXATPCHALLENGERMATCH-26APR18TOKSHI-TOK,77,67,76,13,75,809,74,16,73,1260,78,4429,79,937,80,1741,81,800,84,1565,77.5,2165,9472,0.186
2026-04-18 04:13:41 PM,KXATPCHALLENGERMATCH-26APR18TOKSHI-TOK,77,67,76,13,75,809,74,16,73,1260,78,4428,79,937,80,1741,81,800,84,1565,77.5,2165,9471,0.186
2026-04-18 04:13:41 PM,KXATPCHALLENGERMATCH-26APR18TOKSHI-TOK,77,67,76,13,75,809,74,16,73,1260,78,4306,79,937,80,1741,81,800,84,1565,77.5,2165,9349,0.188
2026-04-18 04:13:41 PM,KXATPCHALLENGERMATCH-26APR18TOKSHI-TOK,77,67,76,13,75,809,74,16,73,1260,78,4429,79,937,80,1741,81,800,84,1565,77.5,2165,9472,0.186
2026-04-18 04:13:45 PM,KXATPCHALLENGERMATCH-26APR18TOKSHI-TOK,77,57,76,13,75,809,74,16,73,1260,78,4429,79,937,80,1741,81,800,84,1565,77.5,2155,9472,0.185
2026-04-18 04:13:45 PM,KXATPCHALLENGERMATCH-26APR18TOKSHI-TOK,77,57,75,809,74,16,73,1260,72,1205,78,4429,79,937,80,1741,81,800,84,1565,77.5,3347,9472,0.261
2026-04-18 04:13:45 PM,KXATPCHALLENGERMATCH-26APR18TOKSHI-TOK,77,57,75,809,74,16,73,1260,72,1205,78,4429,79,923,80,1741,81,800,84,1565,77.5,3347,9458,0.261
2026-04-18 04:13:45 PM,KXATPCHALLENGERMATCH-26APR18TOKSHI-TOK,77,57,75,809,74,16,73,1260,72,1205,78,4429,79,923,80,1728,81,800,84,1565,77.5,3347,9445,0.262
2026-04-18 04:13:45 PM,KXATPCHALLENGERMATCH-26APR18TOKSHI-TOK,77,67,75,809,74,16,73,1260,72,1205,78,4429,79,923,80,1728,81,800,84,1565,77.5,3357,9445,0.262
2026-04-18 04:13:45 PM,KXATPCHALLENGERMATCH-26APR18TOKSHI-TOK,77,67,76,13,75,809,74,16,73,1260,78,4429,79,923,80,1728,81,800,84,1565,77.5,2165,9445,0.186
2026-04-18 04:13:45 PM,KXATPCHALLENGERMATCH-26APR18TOKSHI-TOK,77,67,76,13,75,809,74,16,73,1260,78,4429,79,937,80,1728,81,800,84,1565,77.5,2165,9459,0.186
2026-04-18 04:13:45 PM,KXATPCHALLENGERMATCH-26APR18TOKSHI-TOK,77,67,76,13,75,809,74,16,73,1260,78,4429,79,937,80,1741,81,800,84,1565,77.5,2165,9472,0.186
2026-04-18 04:33:35 PM,KXATPCHALLENGERMATCH-26APR18TOKSHI-TOK,77,67,76,13,75,809,74,16,73,1260,78,4429,79,937,80,1741,81,800,89,1,77.5,2165,7908,0.215
2026-04-18 04:41:41 PM,KXATPCHALLENGERMATCH-26APR18TOKSHI-TOK,77,67,76,13,75,809,74,16,73,1260,78,4429,79,937,80,1741,81,800,84,1566,77.5,2165,9473,0.186
2026-04-18 04:46:15 PM,KXATPCHALLENGERMATCH-26APR18TOKSHI-TOK,77,67,76,13,75,809,74,16,73,1260,78,2106,79,937,80,1741,81,800,84,1566,77.5,2165,7150,0.232
2026-04-18 04:47:36 PM,KXATPCHALLENGERMATCH-26APR18TOKSHI-TOK,77,67,76,13,75,809,74,16,73,1260,78,2106,79,937,80,1741,81,800,84,1566,77.5,2165,7150,0.232
2026-04-18 04:48:53 PM,KXATPCHALLENGERMATCH-26APR18TOKSHI-TOK,77,67,76,13,75,809,74,16,73,1260,78,2094,79,937,80,1741,81,800,84,1566,77.5,2165,7138,0.233
2026-04-18 04:48:55 PM,KXATPCHALLENGERMATCH-26APR18TOKSHI-TOK,77,67,76,13,75,809,74,16,73,1260,78,1971,79,937,80,1741,81,800,84,1566,77.5,2165,7015,0.236
2026-04-18 04:48:55 PM,KXATPCHALLENGERMATCH-26APR18TOKSHI-TOK,77,67,76,13,75,809,74,16,73,1260,78,2106,79,937,80,1741,81,800,84,1566,77.5,2165,7150,0.232
