ts_et,ticker,bid_1,bid_1_sz,bid_2,bid_2_sz,bid_3,bid_3_sz,bid_4,bid_4_sz,bid_5,bid_5_sz,ask_1,ask_1_sz,ask_2,ask_2_sz,ask_3,ask_3_sz,ask_4,ask_4_sz,ask_5,ask_5_sz,mid
2026-04-17 09:43:06 PM,KXATPCHALLENGERMATCH-26APR18SAFROC-ROC,55,855,54,1284,53,810,52,94,51,400,57,685,58,1233,59,1478,60,1211,61,1238,56.0
2026-04-17 09:52:10 PM,KXATPCHALLENGERMATCH-26APR18SAFROC-ROC,55,855,54,1284,53,810,52,94,51,400,57,626,58,1233,59,1478,60,1211,61,1238,56.0
2026-04-17 09:52:10 PM,KXATPCHALLENGERMATCH-26APR18SAFROC-ROC,55,855,54,1284,53,810,52,94,51,400,57,612,58,1233,59,1478,60,1211,61,1238,56.0
2026-04-17 09:52:10 PM,KXATPCHALLENGERMATCH-26APR18SAFROC-ROC,55,855,54,1284,53,810,52,94,51,400,57,585,58,1233,59,1478,60,1211,61,1238,56.0
2026-04-17 09:52:10 PM,KXATPCHALLENGERMATCH-26APR18SAFROC-ROC,55,855,54,1284,53,801,52,94,51,400,57,585,58,1233,59,1478,60,1211,61,1238,56.0
2026-04-17 09:52:10 PM,KXATPCHALLENGERMATCH-26APR18SAFROC-ROC,55,865,54,1284,53,801,52,94,51,400,57,585,58,1233,59,1478,60,1211,61,1238,56.0
2026-04-17 09:52:10 PM,KXATPCHALLENGERMATCH-26APR18SAFROC-ROC,55,865,54,1284,53,801,52,94,51,400,57,593,58,1233,59,1478,60,1211,61,1238,56.0
2026-04-17 09:52:10 PM,KXATPCHALLENGERMATCH-26APR18SAFROC-ROC,55,865,54,1284,53,801,52,94,51,400,57,8,58,1233,59,1478,60,1211,61,1238,56.0
2026-04-17 09:52:10 PM,KXATPCHALLENGERMATCH-26APR18SAFROC-ROC,55,865,54,1284,53,801,52,94,51,400,58,1233,59,1478,60,1211,61,1238,72,97,56.5
2026-04-17 09:52:10 PM,KXATPCHALLENGERMATCH-26APR18SAFROC-ROC,55,865,54,1284,53,801,52,94,51,400,58,1242,59,1478,60,1211,61,1238,72,97,56.5
2026-04-17 09:52:10 PM,KXATPCHALLENGERMATCH-26APR18SAFROC-ROC,55,865,54,1284,53,801,52,94,51,400,58,1242,59,1487,60,1211,61,1238,72,97,56.5
2026-04-17 09:52:12 PM,KXATPCHALLENGERMATCH-26APR18SAFROC-ROC,55,865,54,1284,53,801,52,94,51,400,58,855,59,1487,60,1211,61,1238,72,97,56.5
2026-04-17 09:52:12 PM,KXATPCHALLENGERMATCH-26APR18SAFROC-ROC,55,865,54,1284,53,801,52,94,51,400,58,828,59,1487,60,1211,61,1238,72,97,56.5
2026-04-17 09:52:12 PM,KXATPCHALLENGERMATCH-26APR18SAFROC-ROC,55,865,54,1284,53,801,52,94,51,400,58,828,59,2487,60,1211,61,1238,72,97,56.5
2026-04-17 09:52:12 PM,KXATPCHALLENGERMATCH-26APR18SAFROC-ROC,55,878,54,1284,53,801,52,94,51,400,58,828,59,2487,60,1211,61,1238,72,97,56.5
2026-04-17 09:52:12 PM,KXATPCHALLENGERMATCH-26APR18SAFROC-ROC,55,878,54,1297,53,801,52,94,51,400,58,828,59,2487,60,1211,61,1238,72,97,56.5
2026-04-17 09:52:13 PM,KXATPCHALLENGERMATCH-26APR18SAFROC-ROC,55,878,54,1297,53,801,52,94,51,400,58,828,59,1487,60,1211,61,1238,72,97,56.5
2026-04-17 09:52:13 PM,KXATPCHALLENGERMATCH-26APR18SAFROC-ROC,55,878,54,1297,53,801,52,94,51,400,57,585,58,828,59,1487,60,1211,61,1238,56.0
2026-04-17 09:52:13 PM,KXATPCHALLENGERMATCH-26APR18SAFROC-ROC,55,878,54,1297,53,801,52,94,51,400,57,593,58,828,59,1487,60,1211,61,1238,56.0
2026-04-17 09:52:13 PM,KXATPCHALLENGERMATCH-26APR18SAFROC-ROC,55,878,54,1297,53,801,52,94,51,400,57,593,58,828,59,1478,60,1211,61,1238,56.0
2026-04-17 09:52:13 PM,KXATPCHALLENGERMATCH-26APR18SAFROC-ROC,55,878,54,1297,53,801,52,94,51,400,57,593,58,819,59,1478,60,1211,61,1238,56.0
2026-04-17 09:52:13 PM,KXATPCHALLENGERMATCH-26APR18SAFROC-ROC,55,878,54,1297,53,801,52,94,51,400,57,593,58,1233,59,1478,60,1211,61,1238,56.0
2026-04-17 10:03:57 PM,KXATPCHALLENGERMATCH-26APR18SAFROC-ROC,56,575,55,878,54,1297,53,801,52,94,57,593,58,1233,59,1478,60,1211,61,1238,56.5
2026-04-17 10:03:57 PM,KXATPCHALLENGERMATCH-26APR18SAFROC-ROC,56,990,55,878,54,1297,53,801,52,94,57,593,58,1233,59,1478,60,1211,61,1238,56.5
2026-04-17 10:03:57 PM,KXATPCHALLENGERMATCH-26APR18SAFROC-ROC,56,990,55,878,54,1297,53,801,52,94,57,593,58,1009,59,1478,60,1211,61,1238,56.5
2026-04-17 10:03:57 PM,KXATPCHALLENGERMATCH-26APR18SAFROC-ROC,56,990,55,878,54,1282,53,801,52,94,57,593,58,1009,59,1478,60,1211,61,1238,56.5
2026-04-17 10:03:57 PM,KXATPCHALLENGERMATCH-26APR18SAFROC-ROC,56,990,55,878,54,1282,53,801,51,400,57,593,58,1009,59,1478,60,1211,61,1238,56.5
2026-04-17 10:03:57 PM,KXATPCHALLENGERMATCH-26APR18SAFROC-ROC,56,990,55,878,54,1282,53,801,51,400,57,593,58,1009,59,512,60,1211,61,1238,56.5
2026-04-17 10:03:57 PM,KXATPCHALLENGERMATCH-26APR18SAFROC-ROC,56,990,55,878,54,1282,53,759,51,400,57,593,58,1009,59,512,60,1211,61,1238,56.5
2026-04-17 10:03:57 PM,KXATPCHALLENGERMATCH-26APR18SAFROC-ROC,56,990,55,1058,54,1282,53,759,51,400,57,593,58,1009,59,512,60,1211,61,1238,56.5
2026-04-17 10:03:57 PM,KXATPCHALLENGERMATCH-26APR18SAFROC-ROC,56,990,55,1058,54,1282,53,759,51,400,57,593,58,1009,59,512,60,1797,61,1238,56.5
2026-04-17 10:03:57 PM,KXATPCHALLENGERMATCH-26APR18SAFROC-ROC,56,990,55,1058,54,1282,53,759,51,400,57,593,58,1009,59,512,60,1797,61,1306,56.5
2026-04-17 10:03:57 PM,KXATPCHALLENGERMATCH-26APR18SAFROC-ROC,56,990,55,1058,54,1282,53,759,51,400,57,8,58,1009,59,512,60,1797,61,1306,56.5
2026-04-17 10:03:57 PM,KXATPCHALLENGERMATCH-26APR18SAFROC-ROC,56,990,55,1058,54,1282,53,759,51,400,57,8,58,595,59,512,60,1797,61,1306,56.5
2026-04-17 10:03:57 PM,KXATPCHALLENGERMATCH-26APR18SAFROC-ROC,56,990,55,1058,54,1282,53,759,51,400,58,595,59,512,60,1797,61,1306,62,400,57.0
2026-04-17 10:03:57 PM,KXATPCHALLENGERMATCH-26APR18SAFROC-ROC,56,990,55,1058,54,1282,53,759,51,400,57,96,58,595,59,512,60,1797,61,1306,56.5
2026-04-17 10:03:57 PM,KXATPCHALLENGERMATCH-26APR18SAFROC-ROC,56,990,55,1058,54,1282,53,759,51,400,57,96,58,604,59,512,60,1797,61,1306,56.5
2026-04-17 10:03:57 PM,KXATPCHALLENGERMATCH-26APR18SAFROC-ROC,56,990,55,1058,54,1282,53,759,51,400,57,96,58,604,59,522,60,1797,61,1306,56.5
2026-04-17 10:03:57 PM,KXATPCHALLENGERMATCH-26APR18SAFROC-ROC,56,990,55,1058,54,1282,53,759,51,400,58,604,59,522,60,1797,61,1306,62,400,57.0
2026-04-17 10:03:57 PM,KXATPCHALLENGERMATCH-26APR18SAFROC-ROC,56,990,55,1058,54,1282,53,759,51,400,58,604,59,1522,60,1797,61,1306,62,400,57.0
2026-04-17 10:03:57 PM,KXATPCHALLENGERMATCH-26APR18SAFROC-ROC,56,990,55,1058,54,1282,53,759,51,400,58,104,59,1522,60,1797,61,1306,62,400,57.0
2026-04-17 10:03:57 PM,KXATPCHALLENGERMATCH-26APR18SAFROC-ROC,56,990,55,1058,54,1282,53,759,51,400,58,101,59,1522,60,1797,61,1306,62,400,57.0
2026-04-17 10:03:57 PM,KXATPCHALLENGERMATCH-26APR18SAFROC-ROC,56,990,55,1058,54,1282,53,759,51,400,58,19,59,1522,60,1797,61,1306,62,400,57.0
2026-04-17 10:03:58 PM,KXATPCHALLENGERMATCH-26APR18SAFROC-ROC,56,990,55,1058,54,1282,53,759,51,400,58,19,59,1108,60,1797,61,1306,62,400,57.0
2026-04-17 10:03:58 PM,KXATPCHALLENGERMATCH-26APR18SAFROC-ROC,56,990,55,1058,54,1282,53,759,51,400,58,19,59,1108,60,2797,61,1306,62,400,57.0
2026-04-17 10:03:58 PM,KXATPCHALLENGERMATCH-26APR18SAFROC-ROC,56,990,55,1058,54,1282,53,759,51,400,58,19,59,1126,60,2797,61,1306,62,400,57.0
2026-04-17 10:03:58 PM,KXATPCHALLENGERMATCH-26APR18SAFROC-ROC,56,990,55,1058,54,1282,53,759,51,400,58,19,59,1126,60,2806,61,1306,62,400,57.0
2026-04-17 10:03:58 PM,KXATPCHALLENGERMATCH-26APR18SAFROC-ROC,56,990,55,1058,54,1282,53,759,51,400,58,10,59,1126,60,2806,61,1306,62,400,57.0
2026-04-17 10:03:58 PM,KXATPCHALLENGERMATCH-26APR18SAFROC-ROC,56,990,55,1058,54,1282,53,759,51,400,58,1,59,1126,60,2806,61,1306,62,400,57.0
2026-04-17 10:04:01 PM,KXATPCHALLENGERMATCH-26APR18SAFROC-ROC,56,990,55,1058,54,1282,53,759,51,400,58,1,59,1126,60,2806,61,1306,62,859,57.0
2026-04-17 10:04:01 PM,KXATPCHALLENGERMATCH-26APR18SAFROC-ROC,56,990,55,1058,54,1282,53,759,51,400,58,1,59,1126,60,2806,61,1306,62,1171,57.0
2026-04-17 10:04:01 PM,KXATPCHALLENGERMATCH-26APR18SAFROC-ROC,56,990,55,1058,54,1282,53,667,51,400,58,1,59,1126,60,2806,61,1306,62,1171,57.0
2026-04-17 10:04:01 PM,KXATPCHALLENGERMATCH-26APR18SAFROC-ROC,56,990,55,1058,54,1282,53,621,51,400,58,1,59,1126,60,2806,61,1306,62,1171,57.0
2026-04-17 10:04:01 PM,KXATPCHALLENGERMATCH-26APR18SAFROC-ROC,56,990,55,1058,54,1282,53,621,51,400,58,1,59,1126,60,2402,61,1306,62,1171,57.0
2026-04-17 10:04:01 PM,KXATPCHALLENGERMATCH-26APR18SAFROC-ROC,56,990,55,1058,54,1282,53,621,51,400,58,1,59,1126,60,1816,61,1306,62,1171,57.0
2026-04-17 10:04:01 PM,KXATPCHALLENGERMATCH-26APR18SAFROC-ROC,56,990,55,1020,54,1282,53,621,51,400,58,1,59,1126,60,1816,61,1306,62,1171,57.0
2026-04-17 10:04:01 PM,KXATPCHALLENGERMATCH-26APR18SAFROC-ROC,56,990,55,1020,54,1208,53,621,51,400,58,1,59,1126,60,1816,61,1306,62,1171,57.0
2026-04-17 10:04:01 PM,KXATPCHALLENGERMATCH-26APR18SAFROC-ROC,56,1167,55,1020,54,1208,53,621,51,400,58,1,59,1126,60,1816,61,1306,62,1171,57.0
2026-04-17 10:04:01 PM,KXATPCHALLENGERMATCH-26APR18SAFROC-ROC,56,1167,55,1020,54,1208,53,621,51,400,58,1,59,827,60,1816,61,1306,62,1171,57.0
2026-04-17 10:04:01 PM,KXATPCHALLENGERMATCH-26APR18SAFROC-ROC,56,1167,55,1020,54,1208,53,621,51,400,58,1,59,614,60,1816,61,1306,62,1171,57.0
2026-04-17 10:04:01 PM,KXATPCHALLENGERMATCH-26APR18SAFROC-ROC,56,1167,55,1020,54,1208,53,621,51,400,58,1,59,614,60,1816,61,1860,62,1171,57.0
2026-04-17 10:04:01 PM,KXATPCHALLENGERMATCH-26APR18SAFROC-ROC,56,1167,55,1020,54,1015,53,621,51,400,58,1,59,614,60,1816,61,1860,62,1171,57.0
2026-04-17 10:04:01 PM,KXATPCHALLENGERMATCH-26APR18SAFROC-ROC,56,1167,55,1020,54,1002,53,621,51,400,58,1,59,614,60,1816,61,1860,62,1171,57.0
2026-04-17 10:04:01 PM,KXATPCHALLENGERMATCH-26APR18SAFROC-ROC,56,1167,55,1020,54,1002,53,621,51,400,58,1,59,614,60,1816,61,1860,62,1346,57.0
2026-04-17 10:04:01 PM,KXATPCHALLENGERMATCH-26APR18SAFROC-ROC,56,1374,55,1020,54,1002,53,621,51,400,58,1,59,614,60,1816,61,1860,62,1346,57.0
2026-04-17 10:04:57 PM,KXATPCHALLENGERMATCH-26APR18SAFROC-ROC,56,1374,55,1020,54,1002,53,621,51,400,58,147,59,614,60,1816,61,1860,62,1346,57.0
2026-04-17 10:04:57 PM,KXATPCHALLENGERMATCH-26APR18SAFROC-ROC,56,1374,55,1020,54,1002,53,621,51,400,58,147,59,614,60,816,61,1860,62,1346,57.0
2026-04-17 10:04:58 PM,KXATPCHALLENGERMATCH-26APR18SAFROC-ROC,56,1374,55,1020,54,1002,53,621,51,400,58,732,59,614,60,816,61,1860,62,1346,57.0
2026-04-17 10:04:58 PM,KXATPCHALLENGERMATCH-26APR18SAFROC-ROC,56,1374,55,1020,54,1002,53,621,51,400,58,732,59,1028,60,816,61,1860,62,1346,57.0
2026-04-17 10:05:28 PM,KXATPCHALLENGERMATCH-26APR18SAFROC-ROC,56,1374,55,1020,54,1002,53,621,42,238,58,732,59,1028,60,816,61,1860,62,1346,57.0
2026-04-17 10:05:31 PM,KXATPCHALLENGERMATCH-26APR18SAFROC-ROC,56,1374,55,1020,54,1002,53,1021,42,238,58,732,59,1028,60,816,61,1860,62,1346,57.0
2026-04-17 10:07:08 PM,KXATPCHALLENGERMATCH-26APR18SAFROC-ROC,56,1374,55,1020,54,1002,53,1021,42,238,58,732,59,1028,60,807,61,1860,62,1346,57.0
2026-04-17 10:07:08 PM,KXATPCHALLENGERMATCH-26APR18SAFROC-ROC,56,1374,55,1020,54,1002,53,1021,42,238,58,732,59,1010,60,807,61,1860,62,1346,57.0
2026-04-17 10:07:08 PM,KXATPCHALLENGERMATCH-26APR18SAFROC-ROC,56,1374,55,1020,54,1002,53,1021,42,238,58,750,59,1010,60,807,61,1860,62,1346,57.0
2026-04-17 10:09:02 PM,KXATPCHALLENGERMATCH-26APR18SAFROC-ROC,56,1374,55,1020,54,1002,53,1021,42,238,58,749,59,1010,60,807,61,1860,62,1346,57.0
2026-04-17 10:09:40 PM,KXATPCHALLENGERMATCH-26APR18SAFROC-ROC,56,1374,55,1020,54,998,53,1021,42,238,58,749,59,1010,60,807,61,1860,62,1346,57.0
2026-04-17 10:09:40 PM,KXATPCHALLENGERMATCH-26APR18SAFROC-ROC,56,1374,55,1020,54,989,53,1021,42,238,58,749,59,1010,60,807,61,1860,62,1346,57.0
2026-04-17 10:09:40 PM,KXATPCHALLENGERMATCH-26APR18SAFROC-ROC,56,1374,55,1020,54,989,53,1021,42,238,58,731,59,1010,60,807,61,1860,62,1346,57.0
2026-04-17 10:09:40 PM,KXATPCHALLENGERMATCH-26APR18SAFROC-ROC,56,1378,55,1020,54,989,53,1021,42,238,58,731,59,1010,60,807,61,1860,62,1346,57.0
2026-04-17 10:09:40 PM,KXATPCHALLENGERMATCH-26APR18SAFROC-ROC,56,1384,55,1020,54,989,53,1021,42,238,58,731,59,1010,60,807,61,1860,62,1346,57.0
2026-04-17 10:09:40 PM,KXATPCHALLENGERMATCH-26APR18SAFROC-ROC,56,1384,55,1020,54,989,53,1021,42,238,58,739,59,1010,60,807,61,1860,62,1346,57.0
2026-04-17 10:09:41 PM,KXATPCHALLENGERMATCH-26APR18SAFROC-ROC,56,1380,55,1020,54,989,53,1021,42,238,58,739,59,1010,60,807,61,1860,62,1346,57.0
2026-04-17 10:09:41 PM,KXATPCHALLENGERMATCH-26APR18SAFROC-ROC,56,1374,55,1020,54,989,53,1021,42,238,58,739,59,1010,60,807,61,1860,62,1346,57.0
2026-04-17 10:09:41 PM,KXATPCHALLENGERMATCH-26APR18SAFROC-ROC,56,1374,55,1020,54,993,53,1021,42,238,58,739,59,1010,60,807,61,1860,62,1346,57.0
2026-04-17 10:09:41 PM,KXATPCHALLENGERMATCH-26APR18SAFROC-ROC,56,1374,55,1020,54,993,53,1021,42,238,58,749,59,1010,60,807,61,1860,62,1346,57.0
2026-04-17 10:09:41 PM,KXATPCHALLENGERMATCH-26APR18SAFROC-ROC,56,1374,55,1020,54,999,53,1021,42,238,58,749,59,1010,60,807,61,1860,62,1346,57.0
2026-04-17 10:10:02 PM,KXATPCHALLENGERMATCH-26APR18SAFROC-ROC,56,1374,55,1020,54,999,53,1021,42,238,58,748,59,1010,60,807,61,1860,62,1346,57.0
2026-04-17 10:15:19 PM,KXATPCHALLENGERMATCH-26APR18SAFROC-ROC,56,1374,55,1020,54,995,53,1021,42,238,58,748,59,1010,60,807,61,1860,62,1346,57.0
2026-04-17 10:15:19 PM,KXATPCHALLENGERMATCH-26APR18SAFROC-ROC,56,1374,55,1020,54,989,53,1021,42,238,58,748,59,1010,60,807,61,1860,62,1346,57.0
2026-04-17 10:15:19 PM,KXATPCHALLENGERMATCH-26APR18SAFROC-ROC,56,1374,55,1020,54,989,53,1021,42,238,58,740,59,1010,60,807,61,1860,62,1346,57.0
2026-04-17 10:15:19 PM,KXATPCHALLENGERMATCH-26APR18SAFROC-ROC,56,1384,55,1020,54,989,53,1021,42,238,58,740,59,1010,60,807,61,1860,62,1346,57.0
2026-04-17 10:15:20 PM,KXATPCHALLENGERMATCH-26APR18SAFROC-ROC,56,1384,55,1020,54,993,53,1021,42,238,58,740,59,1010,60,807,61,1860,62,1346,57.0
2026-04-17 10:15:20 PM,KXATPCHALLENGERMATCH-26APR18SAFROC-ROC,56,1384,55,1020,54,993,53,1021,42,238,58,748,59,1010,60,807,61,1860,62,1346,57.0
2026-04-17 10:15:20 PM,KXATPCHALLENGERMATCH-26APR18SAFROC-ROC,56,1374,55,1020,54,993,53,1021,42,238,58,748,59,1010,60,807,61,1860,62,1346,57.0
2026-04-17 10:15:20 PM,KXATPCHALLENGERMATCH-26APR18SAFROC-ROC,56,1374,55,1020,54,999,53,1021,42,238,58,748,59,1010,60,807,61,1860,62,1346,57.0
2026-04-17 10:15:57 PM,KXATPCHALLENGERMATCH-26APR18SAFROC-ROC,56,1374,55,1020,54,995,53,1021,42,238,58,748,59,1010,60,807,61,1860,62,1346,57.0
2026-04-17 10:15:57 PM,KXATPCHALLENGERMATCH-26APR18SAFROC-ROC,56,1374,55,1020,54,989,53,1021,42,238,58,748,59,1010,60,807,61,1860,62,1346,57.0
2026-04-17 10:15:57 PM,KXATPCHALLENGERMATCH-26APR18SAFROC-ROC,56,1374,55,1020,54,989,53,1021,42,238,58,738,59,1010,60,807,61,1860,62,1346,57.0
2026-04-17 10:15:57 PM,KXATPCHALLENGERMATCH-26APR18SAFROC-ROC,56,1384,55,1020,54,989,53,1021,42,238,58,738,59,1010,60,807,61,1860,62,1346,57.0
2026-04-17 10:15:58 PM,KXATPCHALLENGERMATCH-26APR18SAFROC-ROC,56,1374,55,1020,54,989,53,1021,42,238,58,738,59,1010,60,807,61,1860,62,1346,57.0
2026-04-17 10:15:58 PM,KXATPCHALLENGERMATCH-26APR18SAFROC-ROC,56,1374,55,1020,54,993,53,1021,42,238,58,738,59,1010,60,807,61,1860,62,1346,57.0
2026-04-17 10:15:58 PM,KXATPCHALLENGERMATCH-26APR18SAFROC-ROC,56,1374,55,1020,54,993,53,1021,42,238,58,748,59,1010,60,807,61,1860,62,1346,57.0
2026-04-17 10:15:59 PM,KXATPCHALLENGERMATCH-26APR18SAFROC-ROC,56,1374,55,1020,54,999,53,1021,42,238,58,748,59,1010,60,807,61,1860,62,1346,57.0
2026-04-17 10:19:19 PM,KXATPCHALLENGERMATCH-26APR18SAFROC-ROC,56,1374,55,1020,54,995,53,1021,42,238,58,748,59,1010,60,807,61,1860,62,1346,57.0
2026-04-17 10:19:19 PM,KXATPCHALLENGERMATCH-26APR18SAFROC-ROC,56,1374,55,1020,54,989,53,1021,42,238,58,748,59,1010,60,807,61,1860,62,1346,57.0
2026-04-17 10:19:19 PM,KXATPCHALLENGERMATCH-26APR18SAFROC-ROC,56,1374,55,1020,54,989,53,1021,42,238,58,740,59,1010,60,807,61,1860,62,1346,57.0
2026-04-17 10:19:19 PM,KXATPCHALLENGERMATCH-26APR18SAFROC-ROC,56,1384,55,1020,54,989,53,1021,42,238,58,740,59,1010,60,807,61,1860,62,1346,57.0
2026-04-17 10:19:19 PM,KXATPCHALLENGERMATCH-26APR18SAFROC-ROC,56,1374,55,1020,54,989,53,1021,42,238,58,740,59,1010,60,807,61,1860,62,1346,57.0
2026-04-17 10:19:19 PM,KXATPCHALLENGERMATCH-26APR18SAFROC-ROC,56,1374,55,1020,54,993,53,1021,42,238,58,740,59,1010,60,807,61,1860,62,1346,57.0
2026-04-17 10:19:19 PM,KXATPCHALLENGERMATCH-26APR18SAFROC-ROC,56,1374,55,1020,54,993,53,1021,42,238,58,748,59,1010,60,807,61,1860,62,1346,57.0
2026-04-17 10:19:20 PM,KXATPCHALLENGERMATCH-26APR18SAFROC-ROC,56,1374,55,1020,54,999,53,1021,42,238,58,748,59,1010,60,807,61,1860,62,1346,57.0
2026-04-17 10:20:07 PM,KXATPCHALLENGERMATCH-26APR18SAFROC-ROC,56,1374,55,1020,54,995,53,1021,42,238,58,748,59,1010,60,807,61,1860,62,1346,57.0
2026-04-17 10:20:07 PM,KXATPCHALLENGERMATCH-26APR18SAFROC-ROC,56,1374,55,1020,54,989,53,1021,42,238,58,748,59,1010,60,807,61,1860,62,1346,57.0
2026-04-17 10:20:07 PM,KXATPCHALLENGERMATCH-26APR18SAFROC-ROC,56,1374,55,1020,54,989,53,1021,42,238,58,738,59,1010,60,807,61,1860,62,1346,57.0
2026-04-17 10:20:07 PM,KXATPCHALLENGERMATCH-26APR18SAFROC-ROC,56,1384,55,1020,54,989,53,1021,42,238,58,738,59,1010,60,807,61,1860,62,1346,57.0
2026-04-17 10:24:07 PM,KXATPCHALLENGERMATCH-26APR18SAFROC-ROC,56,1384,55,1020,54,989,53,1021,42,238,58,638,59,1010,60,807,61,1860,62,1346,57.0
2026-04-17 10:25:39 PM,KXATPCHALLENGERMATCH-26APR18SAFROC-ROC,56,1384,55,1020,54,989,53,1021,42,238,58,637,59,1010,60,807,61,1860,62,1346,57.0
2026-04-17 10:44:48 PM,KXATPCHALLENGERMATCH-26APR18SAFROC-ROC,56,1384,55,1020,54,989,53,1021,42,238,58,595,59,1010,60,807,61,1860,62,1346,57.0
2026-04-17 10:44:48 PM,KXATPCHALLENGERMATCH-26APR18SAFROC-ROC,56,1384,55,1020,54,989,53,1021,42,238,58,588,59,1010,60,807,61,1860,62,1346,57.0
2026-04-17 10:44:49 PM,KXATPCHALLENGERMATCH-26APR18SAFROC-ROC,56,1387,55,1020,54,989,53,1021,42,238,58,588,59,1010,60,807,61,1860,62,1346,57.0
2026-04-17 10:44:49 PM,KXATPCHALLENGERMATCH-26APR18SAFROC-ROC,56,1387,55,1023,54,989,53,1021,42,238,58,588,59,1010,60,807,61,1860,62,1346,57.0
2026-04-17 10:57:37 PM,KXATPCHALLENGERMATCH-26APR18SAFROC-ROC,56,1387,55,1023,54,989,53,1021,42,238,58,588,59,1010,60,471,61,1860,62,1346,57.0
2026-04-17 10:57:37 PM,KXATPCHALLENGERMATCH-26APR18SAFROC-ROC,56,1387,55,1023,54,989,53,1021,42,238,58,588,59,1010,60,471,61,1860,62,1198,57.0
2026-04-17 10:57:37 PM,KXATPCHALLENGERMATCH-26APR18SAFROC-ROC,56,1387,55,1058,54,989,53,1021,42,238,58,588,59,1010,60,471,61,1860,62,1198,57.0
2026-04-17 10:57:37 PM,KXATPCHALLENGERMATCH-26APR18SAFROC-ROC,56,1387,55,1058,54,989,53,1021,42,238,58,588,59,1010,61,1860,62,1198,63,403,57.0
2026-04-17 10:57:46 PM,KXATPCHALLENGERMATCH-26APR18SAFROC-ROC,56,1387,55,1058,54,989,53,1021,42,238,58,588,59,1010,61,1702,62,1198,63,403,57.0
2026-04-17 10:57:46 PM,KXATPCHALLENGERMATCH-26APR18SAFROC-ROC,56,1387,55,1058,54,989,53,1021,42,238,58,588,59,1010,61,1702,62,1181,63,403,57.0
2026-04-17 10:57:46 PM,KXATPCHALLENGERMATCH-26APR18SAFROC-ROC,56,1387,55,1058,54,1028,53,1021,42,238,58,588,59,1010,61,1702,62,1181,63,403,57.0
2026-04-17 10:57:47 PM,KXATPCHALLENGERMATCH-26APR18SAFROC-ROC,57,803,56,1387,55,1058,54,1028,53,1021,58,588,59,1010,61,1702,62,1181,63,403,57.5
2026-04-17 10:57:47 PM,KXATPCHALLENGERMATCH-26APR18SAFROC-ROC,57,803,56,1387,55,1058,54,1028,53,651,58,588,59,1010,61,1702,62,1181,63,403,57.5
2026-04-17 10:57:47 PM,KXATPCHALLENGERMATCH-26APR18SAFROC-ROC,57,1325,56,1387,55,1058,54,1028,53,651,58,588,59,1010,61,1702,62,1181,63,403,57.5
2026-04-17 10:57:47 PM,KXATPCHALLENGERMATCH-26APR18SAFROC-ROC,57,1325,56,1387,55,1058,54,1028,53,400,58,588,59,1010,61,1702,62,1181,63,403,57.5
2026-04-17 10:57:47 PM,KXATPCHALLENGERMATCH-26APR18SAFROC-ROC,57,1325,56,1387,55,865,54,1028,53,400,58,588,59,1010,61,1702,62,1181,63,403,57.5
2026-04-17 10:57:47 PM,KXATPCHALLENGERMATCH-26APR18SAFROC-ROC,57,1325,56,1387,55,852,54,1028,53,400,58,588,59,1010,61,1702,62,1181,63,403,57.5
2026-04-17 10:57:47 PM,KXATPCHALLENGERMATCH-26APR18SAFROC-ROC,57,1325,56,1387,55,849,54,1028,53,400,58,588,59,1010,61,1702,62,1181,63,403,57.5
2026-04-17 10:57:47 PM,KXATPCHALLENGERMATCH-26APR18SAFROC-ROC,57,1536,56,1387,55,849,54,1028,53,400,58,588,59,1010,61,1702,62,1181,63,403,57.5
2026-04-17 10:59:13 PM,KXATPCHALLENGERMATCH-26APR18SAFROC-ROC,57,1536,56,1387,55,849,54,1028,42,238,58,588,59,1010,61,1702,62,1181,63,403,57.5
2026-04-17 10:59:15 PM,KXATPCHALLENGERMATCH-26APR18SAFROC-ROC,57,1536,56,1387,55,849,54,1428,42,238,58,588,59,1010,61,1702,62,1181,63,403,57.5
2026-04-17 11:08:20 PM,KXATPCHALLENGERMATCH-26APR18SAFROC-ROC,57,1536,56,1387,55,849,54,1428,42,238,58,11,59,1010,61,1702,62,1181,63,403,57.5
2026-04-17 11:08:20 PM,KXATPCHALLENGERMATCH-26APR18SAFROC-ROC,57,1536,56,1387,55,849,54,1428,42,238,58,115,59,1010,61,1702,62,1181,63,403,57.5
2026-04-17 11:08:21 PM,KXATPCHALLENGERMATCH-26APR18SAFROC-ROC,57,1536,56,1387,55,849,54,1428,42,238,58,115,59,596,61,1702,62,1181,63,403,57.5
2026-04-17 11:08:21 PM,KXATPCHALLENGERMATCH-26APR18SAFROC-ROC,57,1536,56,1387,55,849,54,1428,42,238,58,115,59,589,61,1702,62,1181,63,403,57.5
2026-04-17 11:08:21 PM,KXATPCHALLENGERMATCH-26APR18SAFROC-ROC,57,1536,56,1387,55,849,54,1428,42,238,58,115,59,589,60,1000,61,1702,62,1181,57.5
2026-04-17 11:09:54 PM,KXATPCHALLENGERMATCH-26APR18SAFROC-ROC,57,1536,56,1387,55,849,54,1428,42,238,58,107,59,589,60,1000,61,1702,62,1181,57.5
2026-04-17 11:09:54 PM,KXATPCHALLENGERMATCH-26APR18SAFROC-ROC,57,1536,56,1387,55,849,54,1428,42,238,58,3,59,589,60,1000,61,1702,62,1181,57.5
2026-04-17 11:09:54 PM,KXATPCHALLENGERMATCH-26APR18SAFROC-ROC,57,1536,56,1387,55,849,54,1428,42,238,58,3,59,598,60,1000,61,1702,62,1181,57.5
2026-04-17 11:09:54 PM,KXATPCHALLENGERMATCH-26APR18SAFROC-ROC,57,1536,56,1387,55,849,54,1428,42,238,58,3,59,598,60,1010,61,1702,62,1181,57.5
2026-04-17 11:09:54 PM,KXATPCHALLENGERMATCH-26APR18SAFROC-ROC,57,1536,56,1387,55,849,54,1428,42,238,58,3,59,21,60,1010,61,1702,62,1181,57.5
2026-04-17 11:09:54 PM,KXATPCHALLENGERMATCH-26APR18SAFROC-ROC,57,1536,56,1387,55,849,54,1428,42,238,58,3,59,21,60,588,61,1702,62,1181,57.5
2026-04-17 11:09:55 PM,KXATPCHALLENGERMATCH-26APR18SAFROC-ROC,57,1536,56,1387,55,849,54,1428,42,238,58,3,59,21,60,588,61,2702,62,1181,57.5
2026-04-17 11:10:00 PM,KXATPCHALLENGERMATCH-26APR18SAFROC-ROC,57,1536,56,1387,55,849,54,1428,42,238,58,3,59,79,60,588,61,2702,62,1181,57.5
2026-04-17 11:10:52 PM,KXATPCHALLENGERMATCH-26APR18SAFROC-ROC,57,1546,56,1387,55,849,54,1428,42,238,58,3,59,79,60,588,61,2702,62,1181,57.5
2026-04-17 11:10:52 PM,KXATPCHALLENGERMATCH-26APR18SAFROC-ROC,57,1556,56,1387,55,849,54,1428,42,238,58,3,59,79,60,588,61,2702,62,1181,57.5
2026-04-17 11:10:52 PM,KXATPCHALLENGERMATCH-26APR18SAFROC-ROC,57,1556,56,1387,55,849,54,1428,42,238,58,3,59,79,60,588,61,2712,62,1181,57.5
2026-04-17 11:10:52 PM,KXATPCHALLENGERMATCH-26APR18SAFROC-ROC,57,1556,56,1387,55,849,54,1428,42,238,58,3,59,79,60,588,61,2722,62,1181,57.5
2026-04-17 11:21:12 PM,KXATPCHALLENGERMATCH-26APR18SAFROC-ROC,57,1556,56,1387,55,849,54,1428,42,238,58,3,59,75,60,588,61,2722,62,1181,57.5
2026-04-17 11:21:12 PM,KXATPCHALLENGERMATCH-26APR18SAFROC-ROC,57,1556,56,1392,55,849,54,1428,42,238,58,3,59,75,60,588,61,2722,62,1181,57.5
2026-04-17 11:24:42 PM,KXATPCHALLENGERMATCH-26APR18SAFROC-ROC,57,1556,56,1392,55,849,54,1428,42,238,58,3,59,75,60,588,61,2815,62,1181,57.5
2026-04-17 11:24:42 PM,KXATPCHALLENGERMATCH-26APR18SAFROC-ROC,57,1556,56,1485,55,849,54,1428,42,238,58,3,59,75,60,588,61,2815,62,1181,57.5
2026-04-17 11:24:55 PM,KXATPCHALLENGERMATCH-26APR18SAFROC-ROC,57,2018,56,1485,55,849,54,1428,42,238,58,3,59,75,60,588,61,2815,62,1181,57.5
2026-04-17 11:24:55 PM,KXATPCHALLENGERMATCH-26APR18SAFROC-ROC,57,2018,56,1485,55,849,54,1428,42,238,58,3,59,75,60,588,61,3183,62,1181,57.5
2026-04-17 11:24:56 PM,KXATPCHALLENGERMATCH-26APR18SAFROC-ROC,57,2018,56,1392,55,849,54,1428,42,238,58,3,59,75,60,588,61,3183,62,1181,57.5
2026-04-17 11:25:11 PM,KXATPCHALLENGERMATCH-26APR18SAFROC-ROC,57,2018,56,1854,55,849,54,1428,42,238,58,3,59,75,60,588,61,3183,62,1181,57.5
2026-04-17 11:25:11 PM,KXATPCHALLENGERMATCH-26APR18SAFROC-ROC,57,1556,56,1854,55,849,54,1428,42,238,58,3,59,75,60,588,61,3183,62,1181,57.5
2026-04-17 11:25:12 PM,KXATPCHALLENGERMATCH-26APR18SAFROC-ROC,57,1556,56,1392,55,849,54,1428,42,238,58,3,59,75,60,588,61,3183,62,1181,57.5
2026-04-17 11:25:31 PM,KXATPCHALLENGERMATCH-26APR18SAFROC-ROC,57,2018,56,1392,55,849,54,1428,42,238,58,3,59,75,60,588,61,3183,62,1181,57.5
2026-04-17 11:25:34 PM,KXATPCHALLENGERMATCH-26APR18SAFROC-ROC,57,1556,56,1392,55,849,54,1428,42,238,58,3,59,75,60,588,61,3183,62,1181,57.5
2026-04-17 11:25:50 PM,KXATPCHALLENGERMATCH-26APR18SAFROC-ROC,57,2018,56,1392,55,849,54,1428,42,238,58,3,59,75,60,588,61,3183,62,1181,57.5
2026-04-17 11:29:45 PM,KXATPCHALLENGERMATCH-26APR18SAFROC-ROC,57,2018,56,1392,55,849,54,1428,42,238,58,3,59,74,60,588,61,3183,62,1181,57.5
2026-04-17 11:35:16 PM,KXATPCHALLENGERMATCH-26APR18SAFROC-ROC,57,2018,56,1392,55,849,54,1428,42,238,58,3,59,73,60,588,61,3183,62,1181,57.5
2026-04-17 11:35:52 PM,KXATPCHALLENGERMATCH-26APR18SAFROC-ROC,57,1556,56,1392,55,849,54,1428,42,238,58,3,59,73,60,588,61,3183,62,1181,57.5
2026-04-17 11:35:53 PM,KXATPCHALLENGERMATCH-26APR18SAFROC-ROC,57,1556,56,1854,55,849,54,1428,42,238,58,3,59,73,60,588,61,3183,62,1181,57.5
2026-04-17 11:36:45 PM,KXATPCHALLENGERMATCH-26APR18SAFROC-ROC,57,2018,56,1854,55,849,54,1428,42,238,58,3,59,73,60,588,61,3183,62,1181,57.5
2026-04-17 11:39:29 PM,KXATPCHALLENGERMATCH-26APR18SAFROC-ROC,57,2018,56,1854,55,858,54,1428,42,238,58,3,59,73,60,588,61,3183,62,1181,57.5
2026-04-17 11:39:29 PM,KXATPCHALLENGERMATCH-26APR18SAFROC-ROC,57,2018,56,1392,55,858,54,1428,42,238,58,3,59,73,60,588,61,3183,62,1181,57.5
2026-04-17 11:40:01 PM,KXATPCHALLENGERMATCH-26APR18SAFROC-ROC,57,2018,56,1854,55,858,54,1428,42,238,58,3,59,73,60,588,61,3183,62,1181,57.5
2026-04-17 11:40:01 PM,KXATPCHALLENGERMATCH-26APR18SAFROC-ROC,57,1556,56,1854,55,858,54,1428,42,238,58,3,59,73,60,588,61,3183,62,1181,57.5
2026-04-17 11:40:03 PM,KXATPCHALLENGERMATCH-26APR18SAFROC-ROC,57,1556,56,1392,55,858,54,1428,42,238,58,3,59,73,60,588,61,3183,62,1181,57.5
2026-04-17 11:40:17 PM,KXATPCHALLENGERMATCH-26APR18SAFROC-ROC,57,1556,56,1854,55,858,54,1428,42,238,58,3,59,73,60,588,61,3183,62,1181,57.5
2026-04-17 11:45:36 PM,KXATPCHALLENGERMATCH-26APR18SAFROC-ROC,57,1556,56,1854,55,849,54,1428,42,238,58,3,59,73,60,588,61,3183,62,1181,57.5
2026-04-17 11:45:37 PM,KXATPCHALLENGERMATCH-26APR18SAFROC-ROC,57,1556,56,1854,55,858,54,1428,42,238,58,3,59,73,60,588,61,3183,62,1181,57.5
2026-04-17 11:45:42 PM,KXATPCHALLENGERMATCH-26APR18SAFROC-ROC,57,2018,56,1854,55,858,54,1428,42,238,58,3,59,73,60,588,61,3183,62,1181,57.5
2026-04-17 11:45:42 PM,KXATPCHALLENGERMATCH-26APR18SAFROC-ROC,57,2018,56,1392,55,858,54,1428,42,238,58,3,59,73,60,588,61,3183,62,1181,57.5
2026-04-17 11:46:22 PM,KXATPCHALLENGERMATCH-26APR18SAFROC-ROC,57,2018,56,1392,55,858,54,1428,42,238,58,3,59,15,60,588,61,3183,62,1181,57.5
2026-04-17 11:51:53 PM,KXATPCHALLENGERMATCH-26APR18SAFROC-ROC,57,2018,56,1392,55,849,54,1428,42,238,58,3,59,15,60,588,61,3183,62,1181,57.5
2026-04-17 11:51:54 PM,KXATPCHALLENGERMATCH-26APR18SAFROC-ROC,57,2018,56,1392,55,858,54,1428,42,238,58,3,59,15,60,588,61,3183,62,1181,57.5
2026-04-17 11:55:42 PM,KXATPCHALLENGERMATCH-26APR18SAFROC-ROC,57,2018,56,1854,55,858,54,1428,42,238,58,3,59,15,60,588,61,3183,62,1181,57.5
2026-04-17 11:55:42 PM,KXATPCHALLENGERMATCH-26APR18SAFROC-ROC,57,1556,56,1854,55,858,54,1428,42,238,58,3,59,15,60,588,61,3183,62,1181,57.5
2026-04-17 11:57:31 PM,KXATPCHALLENGERMATCH-26APR18SAFROC-ROC,57,1556,56,1854,55,858,54,1428,42,238,58,3,59,11,60,588,61,3183,62,1181,57.5
2026-04-17 11:57:31 PM,KXATPCHALLENGERMATCH-26APR18SAFROC-ROC,57,1556,56,1854,55,858,54,1428,42,238,58,3,59,2,60,588,61,3183,62,1181,57.5
2026-04-17 11:57:31 PM,KXATPCHALLENGERMATCH-26APR18SAFROC-ROC,57,1556,56,1854,55,848,54,1428,42,238,58,3,59,2,60,588,61,3183,62,1181,57.5
2026-04-17 11:57:31 PM,KXATPCHALLENGERMATCH-26APR18SAFROC-ROC,57,1563,56,1854,55,848,54,1428,42,238,58,3,59,2,60,588,61,3183,62,1181,57.5
2026-04-17 11:57:31 PM,KXATPCHALLENGERMATCH-26APR18SAFROC-ROC,57,1563,56,1854,55,848,54,1428,42,238,58,3,59,158,60,588,61,3183,62,1181,57.5
2026-04-17 11:57:31 PM,KXATPCHALLENGERMATCH-26APR18SAFROC-ROC,57,2025,56,1854,55,848,54,1428,42,238,58,3,59,158,60,588,61,3183,62,1181,57.5
2026-04-17 11:57:31 PM,KXATPCHALLENGERMATCH-26APR18SAFROC-ROC,57,2025,56,1392,55,848,54,1428,42,238,58,3,59,158,60,588,61,3183,62,1181,57.5
2026-04-17 11:57:32 PM,KXATPCHALLENGERMATCH-26APR18SAFROC-ROC,57,2029,56,1392,55,848,54,1428,42,238,58,3,59,158,60,588,61,3183,62,1181,57.5
2026-04-17 11:57:32 PM,KXATPCHALLENGERMATCH-26APR18SAFROC-ROC,57,2029,56,1392,55,848,54,1428,42,238,58,3,59,166,60,588,61,3183,62,1181,57.5
2026-04-17 11:57:32 PM,KXATPCHALLENGERMATCH-26APR18SAFROC-ROC,57,1567,56,1392,55,848,54,1428,42,238,58,3,59,166,60,588,61,3183,62,1181,57.5
2026-04-17 11:57:32 PM,KXATPCHALLENGERMATCH-26APR18SAFROC-ROC,57,1567,56,1392,55,848,54,1428,42,238,58,3,59,166,60,588,61,2183,62,1181,57.5
2026-04-17 11:57:32 PM,KXATPCHALLENGERMATCH-26APR18SAFROC-ROC,57,1567,56,1392,55,848,54,1428,42,238,58,3,59,743,60,588,61,2183,62,1181,57.5
2026-04-17 11:57:32 PM,KXATPCHALLENGERMATCH-26APR18SAFROC-ROC,57,1567,56,1392,55,848,54,1428,42,238,58,3,59,743,60,1010,61,2183,62,1181,57.5
2026-04-17 11:58:24 PM,KXATPCHALLENGERMATCH-26APR18SAFROC-ROC,57,1567,56,1392,55,839,54,1428,42,238,58,3,59,743,60,1010,61,2183,62,1181,57.5
2026-04-17 11:58:24 PM,KXATPCHALLENGERMATCH-26APR18SAFROC-ROC,57,2029,56,1392,55,839,54,1428,42,238,58,3,59,743,60,1010,61,2183,62,1181,57.5
2026-04-17 11:58:25 PM,KXATPCHALLENGERMATCH-26APR18SAFROC-ROC,57,2029,56,1392,55,848,54,1428,42,238,58,3,59,743,60,1010,61,2183,62,1181,57.5
2026-04-18 12:00:12 AM,KXATPCHALLENGERMATCH-26APR18SAFROC-ROC,57,2029,56,1854,55,848,54,1428,42,238,58,3,59,743,60,1010,61,2183,62,1181,57.5
2026-04-18 12:00:12 AM,KXATPCHALLENGERMATCH-26APR18SAFROC-ROC,57,2029,56,1854,55,848,54,1428,42,238,58,3,59,743,60,1472,61,2183,62,1181,57.5
2026-04-18 12:00:12 AM,KXATPCHALLENGERMATCH-26APR18SAFROC-ROC,57,1567,56,1854,55,848,54,1428,42,238,58,3,59,743,60,1472,61,2183,62,1181,57.5
2026-04-18 12:00:12 AM,KXATPCHALLENGERMATCH-26APR18SAFROC-ROC,57,1567,56,1392,55,848,54,1428,42,238,58,3,59,743,60,1472,61,2183,62,1181,57.5
2026-04-18 12:00:12 AM,KXATPCHALLENGERMATCH-26APR18SAFROC-ROC,57,1567,56,1392,55,848,54,1428,42,238,58,3,59,743,60,1010,61,2183,62,1181,57.5
2026-04-18 12:00:20 AM,KXATPCHALLENGERMATCH-26APR18SAFROC-ROC,57,2029,56,1392,55,848,54,1428,42,238,58,3,59,743,60,1010,61,2183,62,1181,57.5
2026-04-18 12:00:27 AM,KXATPCHALLENGERMATCH-26APR18SAFROC-ROC,57,1567,56,1392,55,848,54,1428,42,238,58,3,59,743,60,1010,61,2183,62,1181,57.5
2026-04-18 12:00:28 AM,KXATPCHALLENGERMATCH-26APR18SAFROC-ROC,57,1567,56,1392,55,848,54,1428,42,238,58,3,59,743,60,1472,61,2183,62,1181,57.5
2026-04-18 12:00:30 AM,KXATPCHALLENGERMATCH-26APR18SAFROC-ROC,57,2029,56,1392,55,848,54,1428,42,238,58,3,59,743,60,1472,61,2183,62,1181,57.5
2026-04-18 12:00:30 AM,KXATPCHALLENGERMATCH-26APR18SAFROC-ROC,57,2029,56,1392,55,848,54,1428,42,238,58,3,59,743,60,1010,61,2183,62,1181,57.5
2026-04-18 12:00:58 AM,KXATPCHALLENGERMATCH-26APR18SAFROC-ROC,57,2029,56,1392,55,849,54,1428,42,238,58,3,59,743,60,1010,61,2183,62,1181,57.5
2026-04-18 12:00:58 AM,KXATPCHALLENGERMATCH-26APR18SAFROC-ROC,57,2029,56,1392,55,849,54,1429,42,238,58,3,59,743,60,1010,61,2183,62,1181,57.5
2026-04-18 12:01:46 AM,KXATPCHALLENGERMATCH-26APR18SAFROC-ROC,57,2029,56,1854,55,849,54,1429,42,238,58,3,59,743,60,1010,61,2183,62,1181,57.5
2026-04-18 12:01:46 AM,KXATPCHALLENGERMATCH-26APR18SAFROC-ROC,57,1567,56,1854,55,849,54,1429,42,238,58,3,59,743,60,1010,61,2183,62,1181,57.5
2026-04-18 12:01:46 AM,KXATPCHALLENGERMATCH-26APR18SAFROC-ROC,57,1567,56,1392,55,849,54,1429,42,238,58,3,59,743,60,1010,61,2183,62,1181,57.5
2026-04-18 12:01:54 AM,KXATPCHALLENGERMATCH-26APR18SAFROC-ROC,57,2029,56,1392,55,849,54,1429,42,238,58,3,59,743,60,1010,61,2183,62,1181,57.5
2026-04-18 12:02:08 AM,KXATPCHALLENGERMATCH-26APR18SAFROC-ROC,57,2029,56,1854,55,849,54,1429,42,238,58,3,59,743,60,1010,61,2183,62,1181,57.5
2026-04-18 12:02:08 AM,KXATPCHALLENGERMATCH-26APR18SAFROC-ROC,57,1567,56,1854,55,849,54,1429,42,238,58,3,59,743,60,1010,61,2183,62,1181,57.5
2026-04-18 12:02:22 AM,KXATPCHALLENGERMATCH-26APR18SAFROC-ROC,57,2029,56,1854,55,849,54,1429,42,238,58,3,59,743,60,1010,61,2183,62,1181,57.5
2026-04-18 12:02:22 AM,KXATPCHALLENGERMATCH-26APR18SAFROC-ROC,57,2029,56,1392,55,849,54,1429,42,238,58,3,59,743,60,1010,61,2183,62,1181,57.5
2026-04-18 12:03:20 AM,KXATPCHALLENGERMATCH-26APR18SAFROC-ROC,57,2029,56,1854,55,849,54,1429,42,238,58,3,59,743,60,1010,61,2183,62,1181,57.5
2026-04-18 12:03:20 AM,KXATPCHALLENGERMATCH-26APR18SAFROC-ROC,57,1567,56,1854,55,849,54,1429,42,238,58,3,59,743,60,1010,61,2183,62,1181,57.5
2026-04-18 12:04:02 AM,KXATPCHALLENGERMATCH-26APR18SAFROC-ROC,57,2029,56,1854,55,849,54,1429,42,238,58,3,59,743,60,1010,61,2183,62,1181,57.5
2026-04-18 12:04:02 AM,KXATPCHALLENGERMATCH-26APR18SAFROC-ROC,57,2029,56,1392,55,849,54,1429,42,238,58,3,59,743,60,1010,61,2183,62,1181,57.5
2026-04-18 12:04:37 AM,KXATPCHALLENGERMATCH-26APR18SAFROC-ROC,57,2029,56,1392,55,840,54,1429,42,238,58,3,59,743,60,1010,61,2183,62,1181,57.5
2026-04-18 12:04:38 AM,KXATPCHALLENGERMATCH-26APR18SAFROC-ROC,57,2029,56,1392,55,849,54,1429,42,238,58,3,59,743,60,1010,61,2183,62,1181,57.5
2026-04-18 12:06:14 AM,KXATPCHALLENGERMATCH-26APR18SAFROC-ROC,57,2029,56,1392,55,849,54,1429,42,238,58,3,59,735,60,1010,61,2183,62,1181,57.5
2026-04-18 12:06:14 AM,KXATPCHALLENGERMATCH-26APR18SAFROC-ROC,57,2029,56,1392,55,849,54,1429,42,238,58,3,59,735,60,1000,61,2183,62,1181,57.5
2026-04-18 12:06:44 AM,KXATPCHALLENGERMATCH-26APR18SAFROC-ROC,57,2049,56,1392,55,849,54,1429,42,238,58,3,59,735,60,1000,61,2183,62,1181,57.5
2026-04-18 12:06:44 AM,KXATPCHALLENGERMATCH-26APR18SAFROC-ROC,57,2049,56,1392,55,849,54,1429,42,238,58,3,59,735,60,1000,61,2192,62,1181,57.5
2026-04-18 12:06:44 AM,KXATPCHALLENGERMATCH-26APR18SAFROC-ROC,57,2049,56,1392,55,849,54,1429,42,238,58,3,59,735,60,1000,61,2192,62,1191,57.5
2026-04-18 12:09:40 AM,KXATPCHALLENGERMATCH-26APR18SAFROC-ROC,57,2029,56,1392,55,849,54,1429,42,238,58,3,59,735,60,1000,61,2192,62,1191,57.5
2026-04-18 12:09:40 AM,KXATPCHALLENGERMATCH-26APR18SAFROC-ROC,57,2029,56,1392,55,849,54,1429,42,238,58,3,59,735,60,1000,61,2183,62,1191,57.5
2026-04-18 12:09:40 AM,KXATPCHALLENGERMATCH-26APR18SAFROC-ROC,57,2029,56,1392,55,849,54,1429,42,238,58,3,59,735,60,1000,61,2183,62,1181,57.5
2026-04-18 12:09:40 AM,KXATPCHALLENGERMATCH-26APR18SAFROC-ROC,57,2029,56,1392,55,849,54,1429,42,238,58,3,59,743,60,1000,61,2183,62,1181,57.5
2026-04-18 12:09:40 AM,KXATPCHALLENGERMATCH-26APR18SAFROC-ROC,57,2029,56,1392,55,849,54,1429,42,238,58,3,59,743,60,1011,61,2183,62,1181,57.5
2026-04-18 12:10:50 AM,KXATPCHALLENGERMATCH-26APR18SAFROC-ROC,57,2029,56,1392,55,840,54,1429,42,238,58,3,59,743,60,1011,61,2183,62,1181,57.5
2026-04-18 12:20:33 AM,KXATPCHALLENGERMATCH-26APR18SAFROC-ROC,57,2029,56,1392,55,840,54,1429,42,238,58,3,59,743,60,1011,61,1673,62,1181,57.5
2026-04-18 12:20:33 AM,KXATPCHALLENGERMATCH-26APR18SAFROC-ROC,57,2029,56,1392,55,840,54,1429,31,323,58,3,59,743,60,1011,61,1673,62,1181,57.5
2026-04-18 12:20:33 AM,KXATPCHALLENGERMATCH-26APR18SAFROC-ROC,57,2029,56,1392,55,840,54,1429,28,76,58,3,59,743,60,1011,61,1673,62,1181,57.5
2026-04-18 12:20:33 AM,KXATPCHALLENGERMATCH-26APR18SAFROC-ROC,57,2029,56,1392,55,840,54,1335,28,76,58,3,59,743,60,1011,61,1673,62,1181,57.5
2026-04-18 12:20:33 AM,KXATPCHALLENGERMATCH-26APR18SAFROC-ROC,57,2029,56,1392,55,840,54,1296,28,76,58,3,59,743,60,1011,61,1673,62,1181,57.5
2026-04-18 12:20:33 AM,KXATPCHALLENGERMATCH-26APR18SAFROC-ROC,57,2029,56,1392,55,840,54,1296,28,76,58,3,59,743,60,1011,61,1277,62,1181,57.5
2026-04-18 12:20:33 AM,KXATPCHALLENGERMATCH-26APR18SAFROC-ROC,57,2029,56,1392,55,840,54,1296,28,76,58,3,59,743,60,1011,61,884,62,1181,57.5
2026-04-18 12:20:33 AM,KXATPCHALLENGERMATCH-26APR18SAFROC-ROC,57,2029,56,1392,55,840,54,1296,28,76,58,3,59,743,60,1011,61,816,62,1181,57.5
2026-04-18 12:20:33 AM,KXATPCHALLENGERMATCH-26APR18SAFROC-ROC,57,2029,56,1392,55,806,54,1296,28,76,58,3,59,743,60,1011,61,816,62,1181,57.5
2026-04-18 12:20:33 AM,KXATPCHALLENGERMATCH-26APR18SAFROC-ROC,57,2203,56,1392,55,806,54,1296,28,76,58,3,59,743,60,1011,61,816,62,1181,57.5
2026-04-18 12:20:33 AM,KXATPCHALLENGERMATCH-26APR18SAFROC-ROC,57,2203,56,1392,55,806,54,1296,43,233,58,3,59,743,60,1011,61,816,62,1181,57.5
2026-04-18 12:20:33 AM,KXATPCHALLENGERMATCH-26APR18SAFROC-ROC,57,2203,56,1392,55,806,54,1296,43,233,58,3,59,743,60,1011,61,816,62,1774,57.5
2026-04-18 12:20:43 AM,KXATPCHALLENGERMATCH-26APR18SAFROC-ROC,57,2203,56,1392,55,806,54,1296,43,233,58,3,59,743,60,1011,61,816,62,2241,57.5
2026-04-18 12:20:43 AM,KXATPCHALLENGERMATCH-26APR18SAFROC-ROC,57,2203,56,1392,55,806,54,1296,43,233,58,3,59,743,60,1011,61,723,62,2241,57.5
2026-04-18 12:20:43 AM,KXATPCHALLENGERMATCH-26APR18SAFROC-ROC,57,2203,56,1392,55,806,54,1296,43,233,58,3,59,743,60,1011,61,355,62,2241,57.5
2026-04-18 12:20:53 AM,KXATPCHALLENGERMATCH-26APR18SAFROC-ROC,57,2203,56,1392,55,806,54,1296,43,233,58,3,59,743,60,1011,61,823,62,2241,57.5
2026-04-18 12:20:54 AM,KXATPCHALLENGERMATCH-26APR18SAFROC-ROC,57,2203,56,1392,55,806,54,1296,43,233,58,3,59,743,60,1011,61,823,62,1774,57.5
2026-04-18 12:21:03 AM,KXATPCHALLENGERMATCH-26APR18SAFROC-ROC,57,2203,56,1392,55,771,54,1296,43,233,58,3,59,743,60,1011,61,823,62,1774,57.5
2026-04-18 12:22:36 AM,KXATPCHALLENGERMATCH-26APR18SAFROC-ROC,57,2203,56,1392,55,771,54,1296,43,233,58,3,59,743,60,1011,61,823,62,1741,57.5
2026-04-18 12:22:36 AM,KXATPCHALLENGERMATCH-26APR18SAFROC-ROC,57,2203,56,1392,55,771,54,1296,43,233,58,3,59,743,60,1011,61,488,62,1741,57.5
2026-04-18 12:22:36 AM,KXATPCHALLENGERMATCH-26APR18SAFROC-ROC,57,2203,56,1392,55,771,54,758,43,233,58,3,59,743,60,1011,61,488,62,1741,57.5
2026-04-18 12:22:36 AM,KXATPCHALLENGERMATCH-26APR18SAFROC-ROC,57,2203,56,1392,55,378,54,758,43,233,58,3,59,743,60,1011,61,488,62,1741,57.5
2026-04-18 12:22:37 AM,KXATPCHALLENGERMATCH-26APR18SAFROC-ROC,57,2203,56,1392,55,378,54,758,43,233,58,3,59,743,60,1478,61,488,62,1741,57.5
2026-04-18 12:22:37 AM,KXATPCHALLENGERMATCH-26APR18SAFROC-ROC,57,1741,56,1392,55,378,54,758,43,233,58,3,59,743,60,1478,61,488,62,1741,57.5
2026-04-18 12:22:37 AM,KXATPCHALLENGERMATCH-26APR18SAFROC-ROC,57,1741,56,1859,55,378,54,758,43,233,58,3,59,743,60,1478,61,488,62,1741,57.5
2026-04-18 12:22:37 AM,KXATPCHALLENGERMATCH-26APR18SAFROC-ROC,57,1741,56,1859,55,378,54,758,43,233,58,3,59,743,60,1478,61,20,62,1741,57.5
2026-04-18 12:22:39 AM,KXATPCHALLENGERMATCH-26APR18SAFROC-ROC,57,1741,56,1859,55,378,54,758,43,233,58,3,59,743,60,1011,61,20,62,1741,57.5
2026-04-18 12:22:46 AM,KXATPCHALLENGERMATCH-26APR18SAFROC-ROC,57,2208,56,1859,55,378,54,758,43,233,58,3,59,743,60,1011,61,20,62,1741,57.5
2026-04-18 12:22:46 AM,KXATPCHALLENGERMATCH-26APR18SAFROC-ROC,57,2208,56,1859,55,378,54,758,43,233,58,3,59,743,60,1011,61,487,62,1741,57.5
2026-04-18 12:23:02 AM,KXATPCHALLENGERMATCH-26APR18SAFROC-ROC,57,2208,56,1392,55,378,54,758,43,233,58,3,59,743,60,1011,61,487,62,1741,57.5
2026-04-18 12:23:29 AM,KXATPCHALLENGERMATCH-26APR18SAFROC-ROC,57,2208,56,1392,55,387,54,758,43,233,58,3,59,743,60,1011,61,487,62,1741,57.5
2026-04-18 12:26:34 AM,KXATPCHALLENGERMATCH-26APR18SAFROC-ROC,57,2208,56,1392,55,387,54,758,43,233,58,3,59,587,60,1011,61,487,62,1741,57.5
2026-04-18 12:26:34 AM,KXATPCHALLENGERMATCH-26APR18SAFROC-ROC,57,2208,56,1392,55,387,54,758,43,233,58,3,59,10,60,1011,61,487,62,1741,57.5
2026-04-18 12:26:34 AM,KXATPCHALLENGERMATCH-26APR18SAFROC-ROC,57,2208,56,1392,55,387,54,758,43,233,58,3,59,2,60,1011,61,487,62,1741,57.5
2026-04-18 12:26:34 AM,KXATPCHALLENGERMATCH-26APR18SAFROC-ROC,57,2208,56,1392,55,387,54,758,43,233,58,3,59,2,60,434,61,487,62,1741,57.5
2026-04-18 12:26:34 AM,KXATPCHALLENGERMATCH-26APR18SAFROC-ROC,57,2208,56,1392,55,387,54,758,43,233,58,3,59,2,60,12,61,487,62,1741,57.5
2026-04-18 12:26:34 AM,KXATPCHALLENGERMATCH-26APR18SAFROC-ROC,57,2208,56,1392,55,387,54,758,43,233,58,3,59,2,60,1,61,487,62,1741,57.5
2026-04-18 12:26:34 AM,KXATPCHALLENGERMATCH-26APR18SAFROC-ROC,57,2208,56,1392,55,387,54,758,43,233,58,3,59,2,60,1,61,477,62,1741,57.5
2026-04-18 12:26:34 AM,KXATPCHALLENGERMATCH-26APR18SAFROC-ROC,57,2208,56,1392,55,387,54,758,43,233,58,3,59,2,60,1,61,467,62,1741,57.5
2026-04-18 12:26:34 AM,KXATPCHALLENGERMATCH-26APR18SAFROC-ROC,57,2208,56,1392,55,387,54,758,43,233,58,3,59,2,60,1,62,1741,63,1552,57.5
2026-04-18 12:26:34 AM,KXATPCHALLENGERMATCH-26APR18SAFROC-ROC,57,2208,56,1392,55,387,54,758,43,233,58,3,59,2,60,1,62,1564,63,1552,57.5
2026-04-18 12:26:34 AM,KXATPCHALLENGERMATCH-26APR18SAFROC-ROC,57,2208,56,1392,55,387,54,758,43,233,58,3,59,2,60,9,62,1564,63,1552,57.5
2026-04-18 12:26:34 AM,KXATPCHALLENGERMATCH-26APR18SAFROC-ROC,57,2208,56,1392,55,387,54,758,43,233,58,3,59,2,60,9,61,10,62,1564,57.5
2026-04-18 12:26:34 AM,KXATPCHALLENGERMATCH-26APR18SAFROC-ROC,59,35,57,2208,56,1392,55,387,54,758,58,3,59,2,60,9,61,10,62,1564,58.5
2026-04-18 12:26:35 AM,KXATPCHALLENGERMATCH-26APR18SAFROC-ROC,59,35,57,2208,56,1392,55,387,54,758,58,3,59,2,60,9,61,477,62,1564,58.5
2026-04-18 12:26:35 AM,KXATPCHALLENGERMATCH-26APR18SAFROC-ROC,59,35,58,8,57,2208,56,1392,55,387,58,3,59,2,60,9,61,477,62,1564,58.5
2026-04-18 12:26:35 AM,KXATPCHALLENGERMATCH-26APR18SAFROC-ROC,59,35,58,8,57,2208,56,1392,55,387,58,3,59,2,60,12,61,477,62,1564,58.5
2026-04-18 12:26:35 AM,KXATPCHALLENGERMATCH-26APR18SAFROC-ROC,59,35,58,8,57,2208,56,1387,55,387,58,3,59,2,60,12,61,477,62,1564,58.5
2026-04-18 12:26:35 AM,KXATPCHALLENGERMATCH-26APR18SAFROC-ROC,59,35,58,8,57,2208,56,1377,55,387,58,3,59,2,60,12,61,477,62,1564,58.5
2026-04-18 12:26:35 AM,KXATPCHALLENGERMATCH-26APR18SAFROC-ROC,59,35,58,627,57,2208,56,1377,55,387,58,3,59,2,60,12,61,477,62,1564,58.5
2026-04-18 12:26:35 AM,KXATPCHALLENGERMATCH-26APR18SAFROC-ROC,59,35,58,627,57,2208,56,1170,55,387,58,3,59,2,60,12,61,477,62,1564,58.5
2026-04-18 12:26:36 AM,KXATPCHALLENGERMATCH-26APR18SAFROC-ROC,59,35,58,627,57,2208,56,1167,55,387,58,3,59,2,60,12,61,477,62,1564,58.5
2026-04-18 12:26:36 AM,KXATPCHALLENGERMATCH-26APR18SAFROC-ROC,59,35,58,1627,57,2208,56,1167,55,387,58,3,59,2,60,12,61,477,62,1564,58.5
2026-04-18 12:26:36 AM,KXATPCHALLENGERMATCH-26APR18SAFROC-ROC,59,35,58,1627,57,2208,56,1167,55,387,58,3,59,2,60,120,61,477,62,1564,58.5
2026-04-18 12:26:36 AM,KXATPCHALLENGERMATCH-26APR18SAFROC-ROC,59,35,58,1627,57,2996,56,1167,55,387,58,3,59,2,60,120,61,477,62,1564,58.5
2026-04-18 12:26:36 AM,KXATPCHALLENGERMATCH-26APR18SAFROC-ROC,59,35,58,2094,57,2996,56,1167,55,387,58,3,59,2,60,120,61,477,62,1564,58.5
2026-04-18 12:26:36 AM,KXATPCHALLENGERMATCH-26APR18SAFROC-ROC,59,35,58,2094,57,2996,56,1167,55,387,58,3,59,2,60,120,61,10,62,1564,58.5
2026-04-18 12:26:37 AM,KXATPCHALLENGERMATCH-26APR18SAFROC-ROC,59,35,58,2094,57,2529,56,1167,55,387,58,3,59,2,60,120,61,10,62,1564,58.5
2026-04-18 12:26:37 AM,KXATPCHALLENGERMATCH-26APR18SAFROC-ROC,59,35,58,2094,57,2318,56,1167,55,387,58,3,59,2,60,120,61,10,62,1564,58.5
2026-04-18 12:26:37 AM,KXATPCHALLENGERMATCH-26APR18SAFROC-ROC,59,35,58,2094,57,1530,56,1167,55,387,58,3,59,2,60,120,61,10,62,1564,58.5
2026-04-18 12:26:37 AM,KXATPCHALLENGERMATCH-26APR18SAFROC-ROC,59,1035,58,2094,57,1530,56,1167,55,387,58,3,59,2,60,120,61,10,62,1564,58.5
2026-04-18 12:26:41 AM,KXATPCHALLENGERMATCH-26APR18SAFROC-ROC,59,1035,58,1627,57,1530,56,1167,55,387,58,3,59,2,60,120,61,10,62,1564,58.5
2026-04-18 12:26:58 AM,KXATPCHALLENGERMATCH-26APR18SAFROC-ROC,59,1035,58,1627,57,1997,56,1167,55,387,58,3,59,2,60,120,61,10,62,1564,58.5
2026-04-18 12:26:58 AM,KXATPCHALLENGERMATCH-26APR18SAFROC-ROC,59,1035,58,1627,57,1997,56,1167,55,387,58,3,59,2,60,120,61,477,62,1564,58.5
2026-04-18 12:27:54 AM,KXATPCHALLENGERMATCH-26APR18SAFROC-ROC,59,1045,58,1627,57,1997,56,1167,55,387,58,3,59,2,60,120,61,477,62,1564,58.5
2026-04-18 12:27:54 AM,KXATPCHALLENGERMATCH-26APR18SAFROC-ROC,59,1055,58,1627,57,1997,56,1167,55,387,58,3,59,2,60,120,61,477,62,1564,58.5
2026-04-18 12:29:02 AM,KXATPCHALLENGERMATCH-26APR18SAFROC-ROC,59,1055,58,1627,57,1997,56,1167,55,387,58,3,59,2,60,119,61,477,62,1564,58.5
2026-04-18 12:30:29 AM,KXATPCHALLENGERMATCH-26APR18SAFROC-ROC,59,1055,58,1627,57,1997,56,1167,55,378,58,3,59,2,60,119,61,477,62,1564,58.5
2026-04-18 12:33:15 AM,KXATPCHALLENGERMATCH-26APR18SAFROC-ROC,59,1055,58,1627,57,1997,56,1167,55,378,58,3,59,2,60,112,61,477,62,1564,58.5
2026-04-18 12:33:15 AM,KXATPCHALLENGERMATCH-26APR18SAFROC-ROC,59,1055,58,1627,57,1997,56,1167,55,378,58,3,59,2,60,109,61,477,62,1564,58.5
2026-04-18 12:33:15 AM,KXATPCHALLENGERMATCH-26APR18SAFROC-ROC,59,1055,58,1627,57,1997,56,1167,55,378,58,3,59,2,60,1,61,477,62,1564,58.5
2026-04-18 12:33:15 AM,KXATPCHALLENGERMATCH-26APR18SAFROC-ROC,59,1055,58,1627,57,1997,56,1167,55,378,58,3,59,2,60,1,61,467,62,1564,58.5
2026-04-18 12:33:15 AM,KXATPCHALLENGERMATCH-26APR18SAFROC-ROC,59,1055,58,1627,57,1997,56,1167,55,378,58,3,59,2,60,1,61,201,62,1564,58.5
2026-04-18 12:33:15 AM,KXATPCHALLENGERMATCH-26APR18SAFROC-ROC,59,1021,58,1627,57,1997,56,1167,55,378,58,3,59,2,60,1,61,201,62,1564,58.5
2026-04-18 12:33:15 AM,KXATPCHALLENGERMATCH-26APR18SAFROC-ROC,59,1021,58,1627,57,1997,56,1167,55,378,58,3,59,2,60,1,61,212,62,1564,58.5
2026-04-18 12:33:15 AM,KXATPCHALLENGERMATCH-26APR18SAFROC-ROC,59,1021,58,1627,57,1997,56,1167,55,378,58,3,59,2,60,1,61,212,62,1574,58.5
2026-04-18 12:33:15 AM,KXATPCHALLENGERMATCH-26APR18SAFROC-ROC,60,34,59,1021,58,1627,57,1997,56,1167,58,3,59,2,60,1,61,212,62,1574,59.0
2026-04-18 12:33:16 AM,KXATPCHALLENGERMATCH-26APR18SAFROC-ROC,60,34,59,1021,58,628,57,1997,56,1167,58,3,59,2,60,1,61,212,62,1574,59.0
2026-04-18 12:33:16 AM,KXATPCHALLENGERMATCH-26APR18SAFROC-ROC,60,1033,59,1021,58,628,57,1997,56,1167,58,3,59,2,60,1,61,212,62,1574,59.0
2026-04-18 12:33:16 AM,KXATPCHALLENGERMATCH-26APR18SAFROC-ROC,60,1033,59,1021,58,628,57,1997,56,1167,58,3,59,2,60,1,61,11,62,1574,59.0
2026-04-18 12:33:16 AM,KXATPCHALLENGERMATCH-26APR18SAFROC-ROC,60,1033,59,1021,58,628,57,1997,56,1167,58,3,59,2,60,1,61,146,62,1574,59.0
2026-04-18 12:33:16 AM,KXATPCHALLENGERMATCH-26APR18SAFROC-ROC,60,1033,59,1021,58,1095,57,1997,56,1167,58,3,59,2,60,1,61,146,62,1574,59.0
2026-04-18 12:33:16 AM,KXATPCHALLENGERMATCH-26APR18SAFROC-ROC,60,1033,59,1021,58,1095,57,1997,56,1167,58,3,59,2,60,1,61,146,62,1732,59.0
2026-04-18 12:33:16 AM,KXATPCHALLENGERMATCH-26APR18SAFROC-ROC,60,1033,59,1021,58,1095,57,1997,56,1167,58,3,59,2,60,1,61,181,62,1732,59.0
2026-04-18 12:33:16 AM,KXATPCHALLENGERMATCH-26APR18SAFROC-ROC,60,1033,59,1021,58,1095,57,1997,56,1167,58,3,59,2,60,1,61,146,62,1732,59.0
2026-04-18 12:33:16 AM,KXATPCHALLENGERMATCH-26APR18SAFROC-ROC,60,1033,59,1021,58,1095,57,1530,56,1167,58,3,59,2,60,1,61,146,62,1732,59.0
2026-04-18 12:33:16 AM,KXATPCHALLENGERMATCH-26APR18SAFROC-ROC,60,1033,59,1021,58,1095,57,1526,56,1167,58,3,59,2,60,1,61,146,62,1732,59.0
2026-04-18 12:33:16 AM,KXATPCHALLENGERMATCH-26APR18SAFROC-ROC,60,1033,59,1021,58,1095,57,1519,56,1167,58,3,59,2,60,1,61,146,62,1732,59.0
2026-04-18 12:33:16 AM,KXATPCHALLENGERMATCH-26APR18SAFROC-ROC,60,1033,59,1021,58,1087,57,1519,56,1167,58,3,59,2,60,1,61,146,62,1732,59.0
2026-04-18 12:33:16 AM,KXATPCHALLENGERMATCH-26APR18SAFROC-ROC,60,1033,59,1021,58,1087,57,1519,56,1167,58,3,59,2,60,1,61,135,62,1732,59.0
2026-04-18 12:33:16 AM,KXATPCHALLENGERMATCH-26APR18SAFROC-ROC,60,1033,59,1021,58,1087,57,1519,56,1167,58,3,59,2,60,1,61,135,62,1722,59.0
2026-04-18 12:33:22 AM,KXATPCHALLENGERMATCH-26APR18SAFROC-ROC,60,1033,59,1021,58,620,57,1519,56,1167,58,3,59,2,60,1,61,135,62,1722,59.0
2026-04-18 12:33:27 AM,KXATPCHALLENGERMATCH-26APR18SAFROC-ROC,60,1033,59,1021,58,620,57,1986,56,1167,58,3,59,2,60,1,61,135,62,1722,59.0
2026-04-18 12:33:27 AM,KXATPCHALLENGERMATCH-26APR18SAFROC-ROC,60,1033,59,1021,58,620,57,1986,56,1167,58,3,59,2,60,1,61,135,62,1921,59.0
2026-04-18 12:33:50 AM,KXATPCHALLENGERMATCH-26APR18SAFROC-ROC,60,1033,59,1021,58,620,57,1986,56,1167,58,3,59,2,60,1,61,491,62,1921,59.0
2026-04-18 12:33:51 AM,KXATPCHALLENGERMATCH-26APR18SAFROC-ROC,60,1033,59,1021,58,620,57,1986,56,1631,58,3,59,2,60,1,61,491,62,1921,59.0
2026-04-18 12:33:51 AM,KXATPCHALLENGERMATCH-26APR18SAFROC-ROC,60,1033,59,1021,58,620,57,1519,56,1631,58,3,59,2,60,1,61,491,62,1921,59.0
2026-04-18 12:33:51 AM,KXATPCHALLENGERMATCH-26APR18SAFROC-ROC,60,1033,59,1021,58,620,57,1345,56,1631,58,3,59,2,60,1,61,491,62,1921,59.0
2026-04-18 12:33:51 AM,KXATPCHALLENGERMATCH-26APR18SAFROC-ROC,60,1011,59,1021,58,620,57,1345,56,1631,58,3,59,2,60,1,61,491,62,1921,59.0
2026-04-18 12:33:51 AM,KXATPCHALLENGERMATCH-26APR18SAFROC-ROC,60,1011,59,1021,58,620,57,1345,56,1631,58,3,59,2,60,1,61,491,62,1819,59.0
2026-04-18 12:33:51 AM,KXATPCHALLENGERMATCH-26APR18SAFROC-ROC,60,1011,59,1021,58,620,57,1345,56,1631,58,3,59,2,60,1,61,1185,62,1819,59.0
2026-04-18 12:33:51 AM,KXATPCHALLENGERMATCH-26APR18SAFROC-ROC,60,1011,59,1021,58,620,57,823,56,1631,58,3,59,2,60,1,61,1185,62,1819,59.0
2026-04-18 12:33:51 AM,KXATPCHALLENGERMATCH-26APR18SAFROC-ROC,60,1011,59,1021,58,620,57,823,56,1631,58,3,59,2,60,1,61,1615,62,1819,59.0
2026-04-18 12:33:51 AM,KXATPCHALLENGERMATCH-26APR18SAFROC-ROC,60,1011,59,1021,58,620,57,823,56,1631,58,3,59,2,60,1,61,1615,62,1620,59.0
2026-04-18 12:33:51 AM,KXATPCHALLENGERMATCH-26APR18SAFROC-ROC,60,1011,59,1021,58,620,57,823,56,1631,58,3,59,2,60,1,61,1615,62,1462,59.0
2026-04-18 12:33:51 AM,KXATPCHALLENGERMATCH-26APR18SAFROC-ROC,60,1011,59,1041,58,620,57,823,56,1631,58,3,59,2,60,1,61,1615,62,1462,59.0
2026-04-18 12:33:51 AM,KXATPCHALLENGERMATCH-26APR18SAFROC-ROC,60,1011,59,1041,58,620,57,20,56,1631,58,3,59,2,60,1,61,1615,62,1462,59.0
2026-04-18 12:33:51 AM,KXATPCHALLENGERMATCH-26APR18SAFROC-ROC,60,1011,59,1041,58,1,57,20,56,1631,58,3,59,2,60,1,61,1615,62,1462,59.0
2026-04-18 12:33:51 AM,KXATPCHALLENGERMATCH-26APR18SAFROC-ROC,60,1011,59,1041,58,1,57,20,56,1631,58,3,59,2,60,1,61,2630,62,1462,59.0
2026-04-18 12:33:53 AM,KXATPCHALLENGERMATCH-26APR18SAFROC-ROC,60,12,59,1041,58,1,57,20,56,1631,58,3,59,2,60,1,61,2630,62,1462,59.0
2026-04-18 12:33:53 AM,KXATPCHALLENGERMATCH-26APR18SAFROC-ROC,60,12,59,1041,58,1000,57,20,56,1631,58,3,59,2,60,1,61,2630,62,1462,59.0
2026-04-18 12:33:53 AM,KXATPCHALLENGERMATCH-26APR18SAFROC-ROC,60,12,59,1041,58,1000,57,20,56,1631,58,3,59,2,60,1,61,2682,62,1462,59.0
2026-04-18 12:33:59 AM,KXATPCHALLENGERMATCH-26APR18SAFROC-ROC,60,12,59,1041,58,1000,57,20,56,1167,58,3,59,2,60,1,61,2682,62,1462,59.0
2026-04-18 12:33:59 AM,KXATPCHALLENGERMATCH-26APR18SAFROC-ROC,60,12,59,1041,58,1000,57,20,56,1167,58,3,59,2,60,1,61,2630,62,1462,59.0
2026-04-18 12:33:59 AM,KXATPCHALLENGERMATCH-26APR18SAFROC-ROC,60,12,59,1041,58,1000,57,20,56,1631,58,3,59,2,60,1,61,2630,62,1462,59.0
2026-04-18 12:34:07 AM,KXATPCHALLENGERMATCH-26APR18SAFROC-ROC,60,12,59,1031,58,1000,57,20,56,1631,58,3,59,2,60,1,61,2630,62,1462,59.0
2026-04-18 12:34:07 AM,KXATPCHALLENGERMATCH-26APR18SAFROC-ROC,60,12,59,1021,58,1000,57,20,56,1631,58,3,59,2,60,1,61,2630,62,1462,59.0
2026-04-18 12:34:21 AM,KXATPCHALLENGERMATCH-26APR18SAFROC-ROC,60,12,59,1021,58,1000,57,20,56,1631,58,3,59,2,60,1,61,2630,62,1240,59.0
2026-04-18 12:47:01 AM,KXATPCHALLENGERMATCH-26APR18SAFROC-ROC,60,12,59,1021,58,1000,57,10,56,1631,58,3,59,2,60,1,61,2630,62,1240,59.0
2026-04-18 12:47:01 AM,KXATPCHALLENGERMATCH-26APR18SAFROC-ROC,60,12,59,1021,58,1000,56,1631,55,906,58,3,59,2,60,1,61,2630,62,1240,59.0
2026-04-18 12:47:02 AM,KXATPCHALLENGERMATCH-26APR18SAFROC-ROC,60,12,59,1021,58,1000,56,1641,55,906,58,3,59,2,60,1,61,2630,62,1240,59.0
2026-04-18 12:47:02 AM,KXATPCHALLENGERMATCH-26APR18SAFROC-ROC,60,12,59,1021,58,1000,56,1651,55,906,58,3,59,2,60,1,61,2630,62,1240,59.0
2026-04-18 12:48:30 AM,KXATPCHALLENGERMATCH-26APR18SAFROC-ROC,60,12,59,1021,58,1000,56,1651,55,905,58,3,59,2,60,1,61,2630,62,1240,59.0
2026-04-18 12:58:25 AM,KXATPCHALLENGERMATCH-26APR18SAFROC-ROC,60,12,59,1021,58,1000,56,1651,55,905,58,3,59,2,60,1,61,2599,62,1240,59.0
2026-04-18 12:58:30 AM,KXATPCHALLENGERMATCH-26APR18SAFROC-ROC,60,12,59,1021,58,1000,56,1651,55,905,58,3,59,2,60,1,61,2651,62,1240,59.0
2026-04-18 01:00:00 AM,KXATPCHALLENGERMATCH-26APR18SAFROC-ROC,60,12,59,1021,58,1000,57,464,56,1651,58,3,59,2,60,1,61,2651,62,1240,59.0
2026-04-18 01:00:00 AM,KXATPCHALLENGERMATCH-26APR18SAFROC-ROC,60,12,59,1021,58,1000,57,464,56,1187,58,3,59,2,60,1,61,2651,62,1240,59.0
2026-04-18 01:00:00 AM,KXATPCHALLENGERMATCH-26APR18SAFROC-ROC,60,12,59,1021,58,1000,57,464,56,1187,58,3,59,2,60,1,61,2599,62,1240,59.0
2026-04-18 01:00:11 AM,KXATPCHALLENGERMATCH-26APR18SAFROC-ROC,60,12,59,1021,58,1000,57,464,56,1651,58,3,59,2,60,1,61,2599,62,1240,59.0
2026-04-18 01:00:11 AM,KXATPCHALLENGERMATCH-26APR18SAFROC-ROC,60,12,59,1021,58,1000,56,1651,55,905,58,3,59,2,60,1,61,2599,62,1240,59.0
2026-04-18 01:02:49 AM,KXATPCHALLENGERMATCH-26APR18SAFROC-ROC,60,12,59,1021,58,1000,57,464,56,1651,58,3,59,2,60,1,61,2599,62,1240,59.0
2026-04-18 01:02:49 AM,KXATPCHALLENGERMATCH-26APR18SAFROC-ROC,60,12,59,1021,58,1000,57,464,56,1187,58,3,59,2,60,1,61,2599,62,1240,59.0
2026-04-18 01:05:34 AM,KXATPCHALLENGERMATCH-26APR18SAFROC-ROC,60,12,59,1021,58,1000,57,464,56,1187,58,3,59,2,60,1,61,2584,62,1240,59.0
2026-04-18 01:05:38 AM,KXATPCHALLENGERMATCH-26APR18SAFROC-ROC,60,12,59,1021,58,1000,57,464,56,1187,58,3,59,2,60,1,61,2636,62,1240,59.0
2026-04-18 01:05:39 AM,KXATPCHALLENGERMATCH-26APR18SAFROC-ROC,60,12,59,1021,58,1000,57,464,56,1187,58,3,59,2,60,1,61,2646,62,1240,59.0
2026-04-18 01:05:39 AM,KXATPCHALLENGERMATCH-26APR18SAFROC-ROC,60,12,59,1021,58,1000,57,464,56,1187,58,3,59,2,60,1,61,2594,62,1240,59.0
2026-04-18 01:05:59 AM,KXATPCHALLENGERMATCH-26APR18SAFROC-ROC,60,12,59,1021,58,1000,57,464,56,1187,58,3,59,2,60,1,61,2646,62,1240,59.0
2026-04-18 01:09:59 AM,KXATPCHALLENGERMATCH-26APR18SAFROC-ROC,60,12,59,1021,58,1000,57,464,56,1187,58,3,59,2,60,1,61,2629,62,1240,59.0
2026-04-18 01:09:59 AM,KXATPCHALLENGERMATCH-26APR18SAFROC-ROC,60,12,59,1021,58,1000,57,464,56,1187,58,3,59,2,60,1,61,2577,62,1240,59.0
2026-04-18 01:10:21 AM,KXATPCHALLENGERMATCH-26APR18SAFROC-ROC,60,12,59,1021,58,1000,57,464,56,1187,58,3,59,2,60,1,61,2629,62,1240,59.0
2026-04-18 01:12:06 AM,KXATPCHALLENGERMATCH-26APR18SAFROC-ROC,60,12,59,1020,58,999,57,464,56,1187,61,2627,62,1239,63,1554,64,1000,67,1886,60.5
2026-04-18 01:13:31 AM,KXATPCHALLENGERMATCH-26APR18SAFROC-ROC,60,12,59,1020,58,999,57,464,56,1187,61,2627,62,1239,63,1554,64,1000,68,1,60.5
2026-04-18 01:13:31 AM,KXATPCHALLENGERMATCH-26APR18SAFROC-ROC,60,12,59,1020,58,999,57,464,56,1187,61,2575,62,1239,63,1554,64,1000,68,1,60.5
2026-04-18 01:13:44 AM,KXATPCHALLENGERMATCH-26APR18SAFROC-ROC,60,12,59,1020,58,999,57,464,56,1187,61,2627,62,1239,63,1554,64,1000,68,1,60.5
2026-04-18 01:13:44 AM,KXATPCHALLENGERMATCH-26APR18SAFROC-ROC,60,12,59,1020,58,999,57,464,56,1187,61,2575,62,1239,63,1554,64,1000,68,1,60.5
2026-04-18 01:13:45 AM,KXATPCHALLENGERMATCH-26APR18SAFROC-ROC,60,12,59,1020,58,999,57,464,56,1187,61,2627,62,1239,63,1554,64,1000,68,1,60.5
2026-04-18 01:13:45 AM,KXATPCHALLENGERMATCH-26APR18SAFROC-ROC,60,12,59,1020,58,999,57,464,56,1187,61,2575,62,1239,63,1554,64,1000,68,1,60.5
2026-04-18 01:14:04 AM,KXATPCHALLENGERMATCH-26APR18SAFROC-ROC,60,12,59,1020,58,999,57,464,56,1187,61,2627,62,1239,63,1554,64,1000,68,1,60.5
2026-04-18 01:14:04 AM,KXATPCHALLENGERMATCH-26APR18SAFROC-ROC,60,12,59,1020,58,999,57,464,56,1187,61,2575,62,1239,63,1554,64,1000,68,1,60.5
2026-04-18 01:14:05 AM,KXATPCHALLENGERMATCH-26APR18SAFROC-ROC,60,12,59,1020,58,999,57,464,56,1187,61,2627,62,1239,63,1554,64,1000,68,1,60.5
2026-04-18 01:14:05 AM,KXATPCHALLENGERMATCH-26APR18SAFROC-ROC,60,12,59,1020,58,999,57,464,56,1187,61,2575,62,1239,63,1554,64,1000,68,1,60.5
2026-04-18 01:17:29 AM,KXATPCHALLENGERMATCH-26APR18SAFROC-ROC,60,12,59,1020,58,999,57,464,56,1187,61,2575,62,1239,63,1554,64,1000,68,1,60.5
2026-04-18 01:17:41 AM,KXATPCHALLENGERMATCH-26APR18SAFROC-ROC,60,12,59,1020,58,999,57,464,56,1651,61,2575,62,1239,63,1554,64,1000,68,1,60.5
2026-04-18 01:17:41 AM,KXATPCHALLENGERMATCH-26APR18SAFROC-ROC,60,12,59,1020,58,999,56,1651,55,905,61,2575,62,1239,63,1554,64,1000,68,1,60.5
2026-04-18 01:17:42 AM,KXATPCHALLENGERMATCH-26APR18SAFROC-ROC,60,12,59,1020,58,999,56,1187,55,905,61,2575,62,1239,63,1554,64,1000,68,1,60.5
2026-04-18 01:17:49 AM,KXATPCHALLENGERMATCH-26APR18SAFROC-ROC,60,12,59,1020,58,999,57,464,56,1187,61,2575,62,1239,63,1554,64,1000,68,1,60.5
2026-04-18 01:22:47 AM,KXATPCHALLENGERMATCH-26APR18SAFROC-ROC,60,12,59,1020,58,999,57,464,56,1187,61,2568,62,1239,63,1554,64,1000,68,1,60.5
2026-04-18 01:22:57 AM,KXATPCHALLENGERMATCH-26APR18SAFROC-ROC,60,12,59,1020,58,999,57,464,56,1187,61,2620,62,1239,63,1554,64,1000,68,1,60.5
2026-04-18 01:23:25 AM,KXATPCHALLENGERMATCH-26APR18SAFROC-ROC,60,12,59,1020,58,999,57,464,56,1187,61,2568,62,1239,63,1554,64,1000,68,1,60.5
2026-04-18 01:23:35 AM,KXATPCHALLENGERMATCH-26APR18SAFROC-ROC,60,12,59,1020,58,999,57,464,56,1187,61,2568,62,1277,63,1554,64,1000,68,1,60.5
2026-04-18 01:28:30 AM,KXATPCHALLENGERMATCH-26APR18SAFROC-ROC,60,12,59,1020,58,999,57,464,56,1187,61,2530,62,1277,63,1554,64,1000,68,1,60.5
2026-04-18 01:28:32 AM,KXATPCHALLENGERMATCH-26APR18SAFROC-ROC,60,12,59,1020,58,999,57,464,56,1187,61,2582,62,1277,63,1554,64,1000,68,1,60.5
2026-04-18 01:28:36 AM,KXATPCHALLENGERMATCH-26APR18SAFROC-ROC,60,12,59,1020,58,999,57,464,56,1187,61,2530,62,1277,63,1554,64,1000,68,1,60.5
2026-04-18 01:28:47 AM,KXATPCHALLENGERMATCH-26APR18SAFROC-ROC,60,12,59,1020,58,999,57,464,56,1187,61,2582,62,1277,63,1554,64,1000,68,1,60.5
2026-04-18 01:29:43 AM,KXATPCHALLENGERMATCH-26APR18SAFROC-ROC,60,12,59,1020,58,999,57,464,56,1187,61,2530,62,1277,63,1554,64,1000,68,1,60.5
2026-04-18 01:29:51 AM,KXATPCHALLENGERMATCH-26APR18SAFROC-ROC,59,1020,58,999,57,464,56,1187,55,905,61,2530,62,1277,63,1554,64,1000,68,1,60.0
2026-04-18 01:29:51 AM,KXATPCHALLENGERMATCH-26APR18SAFROC-ROC,59,1020,58,999,57,464,56,1187,55,905,60,238,61,2530,62,1277,63,1554,64,1000,59.5
2026-04-18 01:29:51 AM,KXATPCHALLENGERMATCH-26APR18SAFROC-ROC,59,1020,58,1016,57,464,56,1187,55,905,60,238,61,2530,62,1277,63,1554,64,1000,59.5
2026-04-18 01:29:51 AM,KXATPCHALLENGERMATCH-26APR18SAFROC-ROC,59,1020,58,1016,57,474,56,1187,55,905,60,238,61,2530,62,1277,63,1554,64,1000,59.5
2026-04-18 01:29:51 AM,KXATPCHALLENGERMATCH-26APR18SAFROC-ROC,59,1020,58,1016,57,474,56,1187,55,905,60,238,61,2543,62,1277,63,1554,64,1000,59.5
2026-04-18 01:29:51 AM,KXATPCHALLENGERMATCH-26APR18SAFROC-ROC,59,1020,58,1016,57,474,56,1187,55,905,60,238,61,2543,62,1287,63,1554,64,1000,59.5
2026-04-18 01:30:00 AM,KXATPCHALLENGERMATCH-26APR18SAFROC-ROC,59,1020,58,1016,57,474,56,1187,55,905,60,649,61,2543,62,1287,63,1554,64,1000,59.5
2026-04-18 01:30:46 AM,KXATPCHALLENGERMATCH-26APR18SAFROC-ROC,59,1020,58,1016,57,474,56,1187,55,905,60,649,61,2533,62,1287,63,1554,64,1000,59.5
2026-04-18 01:30:58 AM,KXATPCHALLENGERMATCH-26APR18SAFROC-ROC,59,1020,58,1016,57,474,56,1187,55,905,60,411,61,2533,62,1287,63,1554,64,1000,59.5
2026-04-18 01:33:05 AM,KXATPCHALLENGERMATCH-26APR18SAFROC-ROC,59,1020,58,1016,57,474,56,1187,55,905,60,411,61,2533,62,1337,63,1554,64,1000,59.5
2026-04-18 01:33:05 AM,KXATPCHALLENGERMATCH-26APR18SAFROC-ROC,59,1020,58,1016,57,474,56,1187,55,905,60,411,61,2533,62,1337,63,1554,68,1,59.5
2026-04-18 01:33:05 AM,KXATPCHALLENGERMATCH-26APR18SAFROC-ROC,59,1020,58,1016,57,474,56,1187,55,905,60,411,61,2533,62,1337,63,2554,68,1,59.5
2026-04-18 01:33:05 AM,KXATPCHALLENGERMATCH-26APR18SAFROC-ROC,59,1020,58,1016,57,474,56,1187,55,905,60,411,61,2533,62,1337,63,1554,68,1,59.5
2026-04-18 01:33:05 AM,KXATPCHALLENGERMATCH-26APR18SAFROC-ROC,59,1020,58,1016,57,474,56,1187,55,905,60,411,61,2533,62,1337,63,1554,64,1000,59.5
2026-04-18 01:33:55 AM,KXATPCHALLENGERMATCH-26APR18SAFROC-ROC,59,1020,58,1016,57,474,56,1651,55,905,60,411,61,2533,62,1337,63,1554,64,1000,59.5
2026-04-18 01:33:55 AM,KXATPCHALLENGERMATCH-26APR18SAFROC-ROC,59,1020,58,1016,57,10,56,1651,55,905,60,411,61,2533,62,1337,63,1554,64,1000,59.5
2026-04-18 01:33:56 AM,KXATPCHALLENGERMATCH-26APR18SAFROC-ROC,59,1020,58,1016,57,10,56,1187,55,905,60,411,61,2533,62,1337,63,1554,64,1000,59.5
2026-04-18 01:34:03 AM,KXATPCHALLENGERMATCH-26APR18SAFROC-ROC,59,1020,58,1016,57,10,56,1187,55,905,60,411,61,2533,62,1337,63,1554,68,1,59.5
2026-04-18 01:34:03 AM,KXATPCHALLENGERMATCH-26APR18SAFROC-ROC,59,1020,58,1016,57,10,56,1187,55,905,60,411,61,2533,62,1337,63,2554,68,1,59.5
2026-04-18 01:34:08 AM,KXATPCHALLENGERMATCH-26APR18SAFROC-ROC,59,1020,58,1016,57,474,56,1187,55,905,60,411,61,2533,62,1337,63,2554,68,1,59.5
2026-04-18 01:34:33 AM,KXATPCHALLENGERMATCH-26APR18SAFROC-ROC,59,1020,58,1016,57,474,56,1187,55,905,60,411,61,2533,62,1362,63,2554,68,1,59.5
2026-04-18 01:34:57 AM,KXATPCHALLENGERMATCH-26APR18SAFROC-ROC,59,1020,58,1016,57,474,56,1187,55,905,60,411,61,2533,62,1362,63,2554,66,2011,59.5
2026-04-18 01:37:01 AM,KXATPCHALLENGERMATCH-26APR18SAFROC-ROC,59,1020,58,1016,57,474,56,1187,55,905,60,410,61,2533,62,1362,63,2554,66,2011,59.5
2026-04-18 01:43:24 AM,KXATPCHALLENGERMATCH-26APR18SAFROC-ROC,59,1021,58,1016,57,474,56,1187,55,905,60,410,61,2533,62,1362,63,2554,66,2011,59.5
2026-04-18 01:44:51 AM,KXATPCHALLENGERMATCH-26APR18SAFROC-ROC,59,1021,58,1016,57,474,56,1187,55,905,61,2533,62,1362,63,2554,66,2011,68,1,60.0
2026-04-18 01:44:51 AM,KXATPCHALLENGERMATCH-26APR18SAFROC-ROC,59,1021,58,1016,57,474,56,1187,55,905,61,2510,62,1362,63,2554,66,2011,68,1,60.0
2026-04-18 01:44:51 AM,KXATPCHALLENGERMATCH-26APR18SAFROC-ROC,59,1021,58,1016,57,474,56,1187,55,905,61,2154,62,1362,63,2554,66,2011,68,1,60.0
2026-04-18 01:44:51 AM,KXATPCHALLENGERMATCH-26APR18SAFROC-ROC,59,1021,58,1016,57,474,56,1187,55,905,61,2140,62,1362,63,2554,66,2011,68,1,60.0
2026-04-18 01:44:51 AM,KXATPCHALLENGERMATCH-26APR18SAFROC-ROC,59,1008,58,1016,57,474,56,1187,55,905,61,2140,62,1362,63,2554,66,2011,68,1,60.0
2026-04-18 01:44:52 AM,KXATPCHALLENGERMATCH-26APR18SAFROC-ROC,59,1008,58,1016,57,474,56,1187,55,905,61,2210,62,1362,63,2554,66,2011,68,1,60.0
2026-04-18 01:45:06 AM,KXATPCHALLENGERMATCH-26APR18SAFROC-ROC,59,1008,58,1016,57,474,56,1187,55,905,61,2262,62,1362,63,2554,66,2011,68,1,60.0
2026-04-18 01:48:33 AM,KXATPCHALLENGERMATCH-26APR18SAFROC-ROC,59,1008,58,1480,57,474,56,1187,55,905,61,2262,62,1362,63,2554,66,2011,68,1,60.0
2026-04-18 01:48:33 AM,KXATPCHALLENGERMATCH-26APR18SAFROC-ROC,59,1008,58,1480,57,474,56,1187,55,905,61,2262,62,1362,63,2629,66,2011,68,1,60.0
2026-04-18 01:48:33 AM,KXATPCHALLENGERMATCH-26APR18SAFROC-ROC,59,1008,58,1016,57,474,56,1187,55,905,61,2262,62,1362,63,2629,66,2011,68,1,60.0
2026-04-18 01:48:33 AM,KXATPCHALLENGERMATCH-26APR18SAFROC-ROC,59,1008,58,1016,57,474,56,1187,55,905,61,2192,62,1362,63,2629,66,2011,68,1,60.0
2026-04-18 01:48:33 AM,KXATPCHALLENGERMATCH-26APR18SAFROC-ROC,59,1008,58,1016,57,474,56,1187,55,905,61,2192,62,1362,63,2554,66,2011,68,1,60.0
2026-04-18 01:48:34 AM,KXATPCHALLENGERMATCH-26APR18SAFROC-ROC,59,1008,58,1016,57,474,56,1187,55,905,61,2041,62,1362,63,2554,66,2011,68,1,60.0
2026-04-18 01:48:34 AM,KXATPCHALLENGERMATCH-26APR18SAFROC-ROC,59,1008,58,1016,57,474,56,1187,55,905,61,2041,62,1303,63,2554,66,2011,68,1,60.0
2026-04-18 01:48:34 AM,KXATPCHALLENGERMATCH-26APR18SAFROC-ROC,59,1008,58,1016,57,1052,56,1187,55,905,61,2041,62,1303,63,2554,66,2011,68,1,60.0
2026-04-18 01:48:34 AM,KXATPCHALLENGERMATCH-26APR18SAFROC-ROC,59,1008,58,1016,57,1052,56,1187,55,977,61,2041,62,1303,63,2554,66,2011,68,1,60.0
2026-04-18 01:48:34 AM,KXATPCHALLENGERMATCH-26APR18SAFROC-ROC,59,1008,58,1016,57,1052,56,1187,55,977,61,2041,62,1303,63,2554,66,1479,68,1,60.0
2026-04-18 01:48:34 AM,KXATPCHALLENGERMATCH-26APR18SAFROC-ROC,59,1008,58,1016,57,1922,56,1187,55,977,61,2041,62,1303,63,2554,66,1479,68,1,60.0
2026-04-18 01:48:34 AM,KXATPCHALLENGERMATCH-26APR18SAFROC-ROC,59,1008,58,1016,57,1922,56,1187,55,977,61,2041,62,1303,63,2554,66,1069,68,1,60.0
2026-04-18 01:48:37 AM,KXATPCHALLENGERMATCH-26APR18SAFROC-ROC,59,1008,58,17,57,1922,56,1187,55,977,61,2041,62,1303,63,2554,66,1069,68,1,60.0
2026-04-18 01:48:38 AM,KXATPCHALLENGERMATCH-26APR18SAFROC-ROC,59,1008,58,52,57,1922,56,1187,55,977,61,2041,62,1303,63,2554,66,1069,68,1,60.0
2026-04-18 01:48:38 AM,KXATPCHALLENGERMATCH-26APR18SAFROC-ROC,60,999,59,1008,58,52,57,1922,56,1187,61,2041,62,1303,63,2554,66,1069,68,1,60.5
2026-04-18 01:48:46 AM,KXATPCHALLENGERMATCH-26APR18SAFROC-ROC,60,999,59,1008,58,518,57,1922,56,1187,61,2041,62,1303,63,2554,66,1069,68,1,60.5
2026-04-18 01:48:46 AM,KXATPCHALLENGERMATCH-26APR18SAFROC-ROC,60,999,59,1008,58,518,57,1922,56,1187,61,2041,62,1379,63,2554,66,1069,68,1,60.5
2026-04-18 01:48:46 AM,KXATPCHALLENGERMATCH-26APR18SAFROC-ROC,60,999,59,1008,58,518,57,1458,56,1187,61,2041,62,1379,63,2554,66,1069,68,1,60.5
2026-04-18 01:49:04 AM,KXATPCHALLENGERMATCH-26APR18SAFROC-ROC,60,999,59,1008,58,518,57,1458,56,1187,61,2041,62,1265,63,2554,66,1069,68,1,60.5
2026-04-18 01:49:19 AM,KXATPCHALLENGERMATCH-26APR18SAFROC-ROC,60,999,59,1008,58,518,57,1924,56,1187,61,2041,62,1265,63,2554,66,1069,68,1,60.5
2026-04-18 01:49:20 AM,KXATPCHALLENGERMATCH-26APR18SAFROC-ROC,60,999,59,1008,58,52,57,1924,56,1187,61,2041,62,1265,63,2554,66,1069,68,1,60.5
2026-04-18 01:49:20 AM,KXATPCHALLENGERMATCH-26APR18SAFROC-ROC,60,999,59,1008,58,52,57,1924,56,1187,61,2114,62,1265,63,2554,66,1069,68,1,60.5
2026-04-18 01:49:20 AM,KXATPCHALLENGERMATCH-26APR18SAFROC-ROC,60,999,59,1008,58,52,57,1924,56,1187,61,2114,62,1265,63,2554,68,1,70,35,60.5
2026-04-18 01:49:20 AM,KXATPCHALLENGERMATCH-26APR18SAFROC-ROC,60,999,59,1008,58,52,57,1924,56,1187,61,2114,62,1265,63,2554,67,1086,68,1,60.5
2026-04-18 01:49:20 AM,KXATPCHALLENGERMATCH-26APR18SAFROC-ROC,60,999,59,1008,58,52,57,1924,56,1187,61,2114,62,1189,63,2554,67,1086,68,1,60.5
2026-04-18 01:49:45 AM,KXATPCHALLENGERMATCH-26APR18SAFROC-ROC,60,999,59,1008,58,52,57,1924,56,1187,61,2124,62,1189,63,2554,67,1086,68,1,60.5
2026-04-18 01:50:39 AM,KXATPCHALLENGERMATCH-26APR18SAFROC-ROC,60,999,59,1008,58,52,57,1924,56,1187,61,2124,62,1264,63,2554,67,1086,68,1,60.5
2026-04-18 01:50:39 AM,KXATPCHALLENGERMATCH-26APR18SAFROC-ROC,60,999,59,1008,58,52,57,1924,56,1187,61,2051,62,1264,63,2554,67,1086,68,1,60.5
2026-04-18 01:50:39 AM,KXATPCHALLENGERMATCH-26APR18SAFROC-ROC,60,999,59,1008,58,518,57,1924,56,1187,61,2051,62,1264,63,2554,67,1086,68,1,60.5
2026-04-18 01:50:39 AM,KXATPCHALLENGERMATCH-26APR18SAFROC-ROC,60,999,59,1008,58,518,57,1458,56,1187,61,2051,62,1264,63,2554,67,1086,68,1,60.5
2026-04-18 01:50:41 AM,KXATPCHALLENGERMATCH-26APR18SAFROC-ROC,60,999,59,1008,58,52,57,1458,56,1187,61,2051,62,1264,63,2554,67,1086,68,1,60.5
2026-04-18 01:50:53 AM,KXATPCHALLENGERMATCH-26APR18SAFROC-ROC,60,999,59,1008,58,52,57,1924,56,1187,61,2051,62,1264,63,2554,67,1086,68,1,60.5
2026-04-18 01:50:53 AM,KXATPCHALLENGERMATCH-26APR18SAFROC-ROC,60,999,59,1008,58,52,57,1924,56,1187,61,2125,62,1264,63,2554,67,1086,68,1,60.5
2026-04-18 01:50:53 AM,KXATPCHALLENGERMATCH-26APR18SAFROC-ROC,60,999,59,1008,58,52,57,1924,56,1187,61,2125,62,1189,63,2554,67,1086,68,1,60.5
2026-04-18 01:51:19 AM,KXATPCHALLENGERMATCH-26APR18SAFROC-ROC,60,1000,59,1008,58,52,57,1924,56,1187,61,2125,62,1189,63,2554,67,1086,68,1,60.5
2026-04-18 01:51:19 AM,KXATPCHALLENGERMATCH-26APR18SAFROC-ROC,60,1000,59,1008,58,52,57,1924,56,1187,61,2125,62,1189,63,1554,67,1086,68,1,60.5
2026-04-18 01:51:19 AM,KXATPCHALLENGERMATCH-26APR18SAFROC-ROC,60,1000,59,1008,58,52,57,1924,56,1187,61,2125,62,1189,63,1554,64,1000,67,1086,60.5
2026-04-18 01:51:24 AM,KXATPCHALLENGERMATCH-26APR18SAFROC-ROC,60,1000,59,1008,58,52,57,1924,56,1187,61,2124,62,1189,63,1554,64,1000,67,1086,60.5
2026-04-18 01:51:28 AM,KXATPCHALLENGERMATCH-26APR18SAFROC-ROC,60,1000,59,1008,58,518,57,1924,56,1187,61,2124,62,1189,63,1554,64,1000,67,1086,60.5
2026-04-18 01:51:28 AM,KXATPCHALLENGERMATCH-26APR18SAFROC-ROC,60,1000,59,1008,58,518,57,1924,56,1187,61,2124,62,1265,63,1554,64,1000,67,1086,60.5
2026-04-18 01:51:28 AM,KXATPCHALLENGERMATCH-26APR18SAFROC-ROC,60,1000,59,1008,58,518,57,1924,56,1187,61,2050,62,1265,63,1554,64,1000,67,1086,60.5
2026-04-18 01:51:28 AM,KXATPCHALLENGERMATCH-26APR18SAFROC-ROC,60,1000,59,1008,58,518,57,1458,56,1187,61,2050,62,1265,63,1554,64,1000,67,1086,60.5
2026-04-18 01:51:32 AM,KXATPCHALLENGERMATCH-26APR18SAFROC-ROC,60,1000,59,1008,58,52,57,1458,56,1187,61,2050,62,1265,63,1554,64,1000,67,1086,60.5
2026-04-18 01:51:32 AM,KXATPCHALLENGERMATCH-26APR18SAFROC-ROC,60,1000,59,1008,58,52,57,1458,56,1187,61,2050,62,1189,63,1554,64,1000,67,1086,60.5
2026-04-18 01:51:37 AM,KXATPCHALLENGERMATCH-26APR18SAFROC-ROC,60,1000,59,1008,58,52,57,1924,56,1187,61,2050,62,1189,63,1554,64,1000,67,1086,60.5
2026-04-18 01:51:37 AM,KXATPCHALLENGERMATCH-26APR18SAFROC-ROC,60,1000,59,1008,58,52,57,1924,56,1187,61,2050,62,1264,63,1554,64,1000,67,1086,60.5
2026-04-18 01:51:46 AM,KXATPCHALLENGERMATCH-26APR18SAFROC-ROC,60,1000,59,1008,58,52,57,1924,56,1187,61,2124,62,1264,63,1554,64,1000,67,1086,60.5
2026-04-18 01:51:48 AM,KXATPCHALLENGERMATCH-26APR18SAFROC-ROC,60,1000,59,1008,58,52,57,1924,56,1187,61,2124,62,1189,63,1554,64,1000,67,1086,60.5
2026-04-18 01:51:56 AM,KXATPCHALLENGERMATCH-26APR18SAFROC-ROC,60,1000,59,1008,58,52,57,1924,56,1187,61,2123,62,1189,63,1554,64,1000,67,1086,60.5
2026-04-18 01:52:03 AM,KXATPCHALLENGERMATCH-26APR18SAFROC-ROC,60,1000,59,1008,58,52,57,1924,56,1187,61,2123,62,1264,63,1554,64,1000,67,1086,60.5
2026-04-18 01:52:03 AM,KXATPCHALLENGERMATCH-26APR18SAFROC-ROC,60,1000,59,1008,58,52,57,1924,56,1187,61,2049,62,1264,63,1554,64,1000,67,1086,60.5
2026-04-18 01:53:09 AM,KXATPCHALLENGERMATCH-26APR18SAFROC-ROC,60,1000,59,1008,58,518,57,1924,56,1187,61,2049,62,1264,63,1554,64,1000,67,1086,60.5
2026-04-18 01:53:09 AM,KXATPCHALLENGERMATCH-26APR18SAFROC-ROC,60,1000,59,1008,58,518,57,1458,56,1187,61,2049,62,1264,63,1554,64,1000,67,1086,60.5
2026-04-18 01:53:38 AM,KXATPCHALLENGERMATCH-26APR18SAFROC-ROC,60,1000,59,1008,58,518,57,1924,56,1187,61,2049,62,1264,63,1554,64,1000,67,1086,60.5
2026-04-18 01:53:38 AM,KXATPCHALLENGERMATCH-26APR18SAFROC-ROC,60,1000,59,1008,58,52,57,1924,56,1187,61,2049,62,1264,63,1554,64,1000,67,1086,60.5
2026-04-18 01:53:41 AM,KXATPCHALLENGERMATCH-26APR18SAFROC-ROC,60,1000,59,1008,58,52,57,1924,56,1187,61,2123,62,1264,63,1554,64,1000,67,1086,60.5
2026-04-18 01:53:41 AM,KXATPCHALLENGERMATCH-26APR18SAFROC-ROC,60,1000,59,1008,58,52,57,1924,56,1187,61,2123,62,1189,63,1554,64,1000,67,1086,60.5
2026-04-18 01:54:37 AM,KXATPCHALLENGERMATCH-26APR18SAFROC-ROC,60,1000,59,1008,58,17,57,1924,56,1187,61,2123,62,1189,63,1554,64,1000,67,1086,60.5
2026-04-18 01:56:40 AM,KXATPCHALLENGERMATCH-26APR18SAFROC-ROC,60,1000,59,1008,58,483,57,1924,56,1187,61,2123,62,1189,63,1554,64,1000,67,1086,60.5
2026-04-18 01:56:40 AM,KXATPCHALLENGERMATCH-26APR18SAFROC-ROC,60,1000,59,1008,58,483,57,1924,56,1187,61,2123,62,1265,63,1554,64,1000,67,1086,60.5
2026-04-18 01:56:40 AM,KXATPCHALLENGERMATCH-26APR18SAFROC-ROC,60,1000,59,1008,58,483,57,1924,56,1187,61,2049,62,1265,63,1554,64,1000,67,1086,60.5
2026-04-18 01:56:40 AM,KXATPCHALLENGERMATCH-26APR18SAFROC-ROC,60,1000,59,1008,58,483,57,1458,56,1187,61,2049,62,1265,63,1554,64,1000,67,1086,60.5
2026-04-18 01:57:12 AM,KXATPCHALLENGERMATCH-26APR18SAFROC-ROC,60,1000,59,1008,58,483,57,1924,56,1187,61,2049,62,1265,63,1554,64,1000,67,1086,60.5
2026-04-18 01:57:12 AM,KXATPCHALLENGERMATCH-26APR18SAFROC-ROC,60,1000,59,1008,58,17,57,1924,56,1187,61,2049,62,1265,63,1554,64,1000,67,1086,60.5
2026-04-18 01:57:47 AM,KXATPCHALLENGERMATCH-26APR18SAFROC-ROC,60,1000,59,1008,58,17,57,1924,56,1187,61,2123,62,1265,63,1554,64,1000,67,1086,60.5
2026-04-18 01:57:47 AM,KXATPCHALLENGERMATCH-26APR18SAFROC-ROC,60,1000,59,1008,58,483,57,1924,56,1187,61,2123,62,1265,63,1554,64,1000,67,1086,60.5
2026-04-18 01:57:47 AM,KXATPCHALLENGERMATCH-26APR18SAFROC-ROC,60,1000,59,1008,58,483,57,1924,56,1187,61,2049,62,1265,63,1554,64,1000,67,1086,60.5
2026-04-18 01:57:47 AM,KXATPCHALLENGERMATCH-26APR18SAFROC-ROC,60,1000,59,1008,58,483,57,1458,56,1187,61,2049,62,1265,63,1554,64,1000,67,1086,60.5
2026-04-18 01:57:51 AM,KXATPCHALLENGERMATCH-26APR18SAFROC-ROC,60,1000,59,1008,58,17,57,1458,56,1187,61,2049,62,1265,63,1554,64,1000,67,1086,60.5
2026-04-18 01:57:55 AM,KXATPCHALLENGERMATCH-26APR18SAFROC-ROC,60,1000,59,1008,58,17,57,1924,56,1187,61,2049,62,1265,63,1554,64,1000,67,1086,60.5
2026-04-18 01:57:55 AM,KXATPCHALLENGERMATCH-26APR18SAFROC-ROC,60,1000,59,1008,58,17,57,1924,56,1187,61,2123,62,1265,63,1554,64,1000,67,1086,60.5
2026-04-18 01:57:56 AM,KXATPCHALLENGERMATCH-26APR18SAFROC-ROC,60,1000,59,1008,58,17,57,1924,56,1187,61,2123,62,1189,63,1554,64,1000,67,1086,60.5
2026-04-18 02:02:50 AM,KXATPCHALLENGERMATCH-26APR18SAFROC-ROC,60,1000,59,1008,58,17,57,1924,56,1187,61,2123,62,1264,63,1554,64,1000,67,1086,60.5
2026-04-18 02:02:50 AM,KXATPCHALLENGERMATCH-26APR18SAFROC-ROC,60,1000,59,1008,58,17,57,1924,56,1187,61,2049,62,1264,63,1554,64,1000,67,1086,60.5
2026-04-18 02:03:04 AM,KXATPCHALLENGERMATCH-26APR18SAFROC-ROC,60,1000,59,1008,58,17,57,1924,56,1187,61,2123,62,1264,63,1554,64,1000,67,1086,60.5
2026-04-18 02:03:04 AM,KXATPCHALLENGERMATCH-26APR18SAFROC-ROC,60,1000,59,1008,58,17,57,1924,56,1187,61,2123,62,1189,63,1554,64,1000,67,1086,60.5
2026-04-18 02:04:04 AM,KXATPCHALLENGERMATCH-26APR18SAFROC-ROC,60,1000,59,1008,58,483,57,1924,56,1187,61,2123,62,1189,63,1554,64,1000,67,1086,60.5
2026-04-18 02:04:04 AM,KXATPCHALLENGERMATCH-26APR18SAFROC-ROC,60,1000,59,1008,58,483,57,1924,56,1187,61,2123,62,1265,63,1554,64,1000,67,1086,60.5
2026-04-18 02:04:04 AM,KXATPCHALLENGERMATCH-26APR18SAFROC-ROC,60,1000,59,1008,58,483,57,1924,56,1187,61,2049,62,1265,63,1554,64,1000,67,1086,60.5
2026-04-18 02:04:04 AM,KXATPCHALLENGERMATCH-26APR18SAFROC-ROC,60,1000,59,1008,58,483,57,1458,56,1187,61,2049,62,1265,63,1554,64,1000,67,1086,60.5
2026-04-18 02:04:05 AM,KXATPCHALLENGERMATCH-26APR18SAFROC-ROC,60,1000,59,1008,58,483,57,1458,56,1177,61,2049,62,1265,63,1554,64,1000,67,1086,60.5
2026-04-18 02:04:05 AM,KXATPCHALLENGERMATCH-26APR18SAFROC-ROC,60,1000,59,1008,58,483,57,1458,56,1167,61,2049,62,1265,63,1554,64,1000,67,1086,60.5
2026-04-18 02:04:05 AM,KXATPCHALLENGERMATCH-26APR18SAFROC-ROC,60,1000,59,1008,58,483,57,1468,56,1167,61,2049,62,1265,63,1554,64,1000,67,1086,60.5
2026-04-18 02:04:05 AM,KXATPCHALLENGERMATCH-26APR18SAFROC-ROC,60,1000,59,1008,58,483,57,1478,56,1167,61,2049,62,1265,63,1554,64,1000,67,1086,60.5
2026-04-18 02:04:05 AM,KXATPCHALLENGERMATCH-26APR18SAFROC-ROC,60,1000,59,1008,58,483,57,1478,56,1167,61,2039,62,1265,63,1554,64,1000,67,1086,60.5
2026-04-18 02:04:06 AM,KXATPCHALLENGERMATCH-26APR18SAFROC-ROC,60,1000,59,1008,58,466,57,1478,56,1167,61,2039,62,1265,63,1554,64,1000,67,1086,60.5
2026-04-18 02:04:06 AM,KXATPCHALLENGERMATCH-26APR18SAFROC-ROC,60,1000,59,1008,58,466,57,1468,56,1167,61,2039,62,1265,63,1554,64,1000,67,1086,60.5
2026-04-18 02:04:06 AM,KXATPCHALLENGERMATCH-26APR18SAFROC-ROC,60,1000,59,1008,58,466,57,1468,56,1167,61,2026,62,1265,63,1554,64,1000,67,1086,60.5
2026-04-18 02:04:06 AM,KXATPCHALLENGERMATCH-26APR18SAFROC-ROC,60,1000,59,1008,58,466,57,1468,56,1167,61,2026,62,1255,63,1554,64,1000,67,1086,60.5
2026-04-18 02:04:06 AM,KXATPCHALLENGERMATCH-26APR18SAFROC-ROC,60,1000,59,1008,57,1468,56,1167,55,977,61,2026,62,1255,63,1554,64,1000,67,1086,60.5
2026-04-18 02:04:15 AM,KXATPCHALLENGERMATCH-26APR18SAFROC-ROC,60,1000,59,1008,57,1934,56,1167,55,977,61,2026,62,1255,63,1554,64,1000,67,1086,60.5
2026-04-18 02:04:15 AM,KXATPCHALLENGERMATCH-26APR18SAFROC-ROC,60,1000,59,1008,57,1934,56,1167,55,977,61,2100,62,1255,63,1554,64,1000,67,1086,60.5
2026-04-18 02:04:15 AM,KXATPCHALLENGERMATCH-26APR18SAFROC-ROC,60,1000,59,1008,57,1934,56,1167,55,977,61,2100,62,1179,63,1554,64,1000,67,1086,60.5
2026-04-18 02:06:01 AM,KXATPCHALLENGERMATCH-26APR18SAFROC-ROC,60,1000,59,1008,58,17,57,1934,56,1167,61,2100,62,1179,63,1554,64,1000,67,1086,60.5
2026-04-18 02:06:01 AM,KXATPCHALLENGERMATCH-26APR18SAFROC-ROC,60,1000,59,1008,58,17,57,1944,56,1167,61,2100,62,1179,63,1554,64,1000,67,1086,60.5
2026-04-18 02:06:01 AM,KXATPCHALLENGERMATCH-26APR18SAFROC-ROC,60,1000,59,1008,58,17,57,1944,56,1167,61,2113,62,1179,63,1554,64,1000,67,1086,60.5
2026-04-18 02:06:01 AM,KXATPCHALLENGERMATCH-26APR18SAFROC-ROC,60,1000,59,1008,58,17,57,1944,56,1167,61,2113,62,1189,63,1554,64,1000,67,1086,60.5
2026-04-18 02:09:34 AM,KXATPCHALLENGERMATCH-26APR18SAFROC-ROC,60,995,59,1008,58,17,57,1944,56,1167,61,2113,62,1189,63,1554,64,1000,67,1086,60.5
2026-04-18 02:09:34 AM,KXATPCHALLENGERMATCH-26APR18SAFROC-ROC,60,995,59,1003,58,17,57,1944,56,1167,61,2113,62,1189,63,1554,64,1000,67,1086,60.5
2026-04-18 02:11:36 AM,KXATPCHALLENGERMATCH-26APR18SAFROC-ROC,60,995,59,1003,58,17,57,1944,56,1167,61,2327,62,1189,63,1554,64,1000,67,1086,60.5
2026-04-18 02:11:39 AM,KXATPCHALLENGERMATCH-26APR18SAFROC-ROC,60,995,59,1003,58,17,57,1944,56,1167,61,2317,62,1189,63,1554,64,1000,67,1086,60.5
2026-04-18 02:12:09 AM,KXATPCHALLENGERMATCH-26APR18SAFROC-ROC,60,995,59,1003,58,17,57,1944,56,1167,61,2313,62,1189,63,1554,64,1000,67,1086,60.5
2026-04-18 02:13:00 AM,KXATPCHALLENGERMATCH-26APR18SAFROC-ROC,60,995,59,1003,58,17,57,1944,56,1167,61,2304,62,1189,63,1554,64,1000,67,1086,60.5
2026-04-18 02:18:41 AM,KXATPCHALLENGERMATCH-26APR18SAFROC-ROC,60,995,59,1003,58,17,57,1944,56,1167,61,1826,62,1189,63,1554,64,1000,67,1086,60.5
2026-04-18 02:19:24 AM,KXATPCHALLENGERMATCH-26APR18SAFROC-ROC,60,995,59,1003,58,17,57,1944,56,1167,61,1826,62,1262,63,1554,64,1000,67,1086,60.5
2026-04-18 02:19:24 AM,KXATPCHALLENGERMATCH-26APR18SAFROC-ROC,60,995,59,1003,58,17,57,1944,56,1167,61,1752,62,1262,63,1554,64,1000,67,1086,60.5
2026-04-18 02:19:25 AM,KXATPCHALLENGERMATCH-26APR18SAFROC-ROC,60,995,59,1003,58,17,57,1944,56,1167,61,1752,62,1189,63,1554,64,1000,67,1086,60.5
2026-04-18 02:19:32 AM,KXATPCHALLENGERMATCH-26APR18SAFROC-ROC,60,995,59,1003,58,17,57,1944,56,1167,61,1823,62,1189,63,1554,64,1000,67,1086,60.5
2026-04-18 02:19:59 AM,KXATPCHALLENGERMATCH-26APR18SAFROC-ROC,60,995,59,1003,58,482,57,1944,56,1167,61,1823,62,1189,63,1554,64,1000,67,1086,60.5
2026-04-18 02:19:59 AM,KXATPCHALLENGERMATCH-26APR18SAFROC-ROC,60,995,59,1003,58,482,57,1944,56,1167,61,1823,62,1263,63,1554,64,1000,67,1086,60.5
2026-04-18 02:19:59 AM,KXATPCHALLENGERMATCH-26APR18SAFROC-ROC,60,995,59,1003,58,482,57,1944,56,1167,61,1752,62,1263,63,1554,64,1000,67,1086,60.5
2026-04-18 02:19:59 AM,KXATPCHALLENGERMATCH-26APR18SAFROC-ROC,60,995,59,1003,58,17,57,1944,56,1167,61,1752,62,1263,63,1554,64,1000,67,1086,60.5
2026-04-18 02:20:07 AM,KXATPCHALLENGERMATCH-26APR18SAFROC-ROC,60,995,59,1003,58,17,57,1944,56,1167,61,1824,62,1263,63,1554,64,1000,67,1086,60.5
2026-04-18 02:20:10 AM,KXATPCHALLENGERMATCH-26APR18SAFROC-ROC,60,995,59,1003,58,17,57,1944,56,1167,61,1824,62,1189,63,1554,64,1000,67,1086,60.5
2026-04-18 02:20:26 AM,KXATPCHALLENGERMATCH-26APR18SAFROC-ROC,60,995,59,1003,58,17,57,1944,56,1167,61,1811,62,1189,63,1554,64,1000,67,1086,60.5
2026-04-18 02:20:26 AM,KXATPCHALLENGERMATCH-26APR18SAFROC-ROC,60,995,59,1003,58,17,57,1944,56,1167,61,1811,62,1189,63,1564,64,1000,67,1086,60.5
2026-04-18 02:20:41 AM,KXATPCHALLENGERMATCH-26APR18SAFROC-ROC,60,995,59,1003,58,17,57,1944,56,1167,61,1759,62,1189,63,1564,64,1000,67,1086,60.5
2026-04-18 02:20:41 AM,KXATPCHALLENGERMATCH-26APR18SAFROC-ROC,60,995,59,1003,58,17,57,1944,56,1632,61,1759,62,1189,63,1564,64,1000,67,1086,60.5
2026-04-18 02:20:41 AM,KXATPCHALLENGERMATCH-26APR18SAFROC-ROC,60,995,59,1003,58,17,57,1478,56,1632,61,1759,62,1189,63,1564,64,1000,67,1086,60.5
2026-04-18 02:20:48 AM,KXATPCHALLENGERMATCH-26APR18SAFROC-ROC,60,995,59,1003,58,17,57,1468,56,1632,61,1759,62,1189,63,1564,64,1000,67,1086,60.5
2026-04-18 02:20:48 AM,KXATPCHALLENGERMATCH-26APR18SAFROC-ROC,60,995,59,1003,57,1468,56,1632,55,977,61,1759,62,1189,63,1564,64,1000,67,1086,60.5
2026-04-18 02:20:48 AM,KXATPCHALLENGERMATCH-26APR18SAFROC-ROC,60,995,59,1020,57,1468,56,1632,55,977,61,1759,62,1189,63,1564,64,1000,67,1086,60.5
2026-04-18 02:20:49 AM,KXATPCHALLENGERMATCH-26APR18SAFROC-ROC,60,995,59,1020,58,10,57,1468,56,1632,61,1759,62,1189,63,1564,64,1000,67,1086,60.5
2026-04-18 02:20:53 AM,KXATPCHALLENGERMATCH-26APR18SAFROC-ROC,60,995,59,1020,58,10,57,1933,56,1632,61,1759,62,1189,63,1564,64,1000,67,1086,60.5
2026-04-18 02:20:53 AM,KXATPCHALLENGERMATCH-26APR18SAFROC-ROC,60,995,59,1020,58,10,57,1933,56,1167,61,1759,62,1189,63,1564,64,1000,67,1086,60.5
2026-04-18 02:21:08 AM,KXATPCHALLENGERMATCH-26APR18SAFROC-ROC,60,978,59,1020,58,10,57,1933,56,1167,61,1759,62,1189,63,1564,64,1000,67,1086,60.5
2026-04-18 02:21:08 AM,KXATPCHALLENGERMATCH-26APR18SAFROC-ROC,60,978,59,1003,58,10,57,1933,56,1167,61,1759,62,1189,63,1564,64,1000,67,1086,60.5
2026-04-18 02:22:27 AM,KXATPCHALLENGERMATCH-26APR18SAFROC-ROC,60,978,59,1003,58,10,57,1933,56,1167,61,1759,62,1189,63,1564,64,1050,67,1086,60.5
2026-04-18 02:22:33 AM,KXATPCHALLENGERMATCH-26APR18SAFROC-ROC,60,978,59,1003,58,10,57,1933,56,1167,61,1759,62,1189,63,1564,64,1060,67,1086,60.5
2026-04-18 02:22:36 AM,KXATPCHALLENGERMATCH-26APR18SAFROC-ROC,60,978,59,1003,58,45,57,1933,56,1167,61,1759,62,1189,63,1564,64,1060,67,1086,60.5
2026-04-18 02:29:46 AM,KXATPCHALLENGERMATCH-26APR18SAFROC-ROC,60,978,59,1003,58,45,57,1933,56,1167,61,1744,62,1189,63,1564,64,1060,67,1086,60.5
2026-04-18 02:30:00 AM,KXATPCHALLENGERMATCH-26APR18SAFROC-ROC,60,978,59,1003,58,45,57,1933,56,1167,61,1530,62,1189,63,1564,64,1060,67,1086,60.5
2026-04-18 02:30:28 AM,KXATPCHALLENGERMATCH-26APR18SAFROC-ROC,60,978,59,1003,58,10,57,1933,56,1167,61,1530,62,1189,63,1564,64,1060,67,1086,60.5
2026-04-18 02:31:33 AM,KXATPCHALLENGERMATCH-26APR18SAFROC-ROC,60,978,59,1003,58,10,57,1933,56,1167,61,1530,62,1189,63,1562,64,1060,67,1086,60.5
2026-04-18 02:31:34 AM,KXATPCHALLENGERMATCH-26APR18SAFROC-ROC,60,978,59,1003,58,10,57,1933,56,1167,61,1530,62,1189,63,1560,64,1060,67,1086,60.5
2026-04-18 02:32:26 AM,KXATPCHALLENGERMATCH-26APR18SAFROC-ROC,60,978,59,1003,58,10,57,1933,56,1167,61,1530,62,1189,63,1560,64,1010,67,1086,60.5
2026-04-18 02:32:26 AM,KXATPCHALLENGERMATCH-26APR18SAFROC-ROC,60,978,59,1003,58,10,57,1933,56,1167,61,1530,62,1189,63,1560,64,1060,67,1086,60.5
2026-04-18 02:32:33 AM,KXATPCHALLENGERMATCH-26APR18SAFROC-ROC,60,978,59,1003,58,10,57,1933,56,1167,61,1530,62,1189,63,1560,64,1050,67,1086,60.5
2026-04-18 02:32:33 AM,KXATPCHALLENGERMATCH-26APR18SAFROC-ROC,60,978,59,1003,58,10,57,1933,56,1167,61,1530,62,1189,63,1560,64,1060,67,1086,60.5
2026-04-18 02:36:15 AM,KXATPCHALLENGERMATCH-26APR18SAFROC-ROC,60,978,59,1003,58,10,57,1933,56,1167,61,1499,62,1189,63,1560,64,1060,67,1086,60.5
2026-04-18 02:36:42 AM,KXATPCHALLENGERMATCH-26APR18SAFROC-ROC,60,978,59,1003,58,10,57,1933,56,1167,61,3549,62,1189,63,1560,64,1060,67,1086,60.5
2026-04-18 02:42:26 AM,KXATPCHALLENGERMATCH-26APR18SAFROC-ROC,60,978,59,1003,58,10,57,1933,56,1167,61,3549,62,1189,63,1560,64,1010,67,1086,60.5
2026-04-18 02:42:26 AM,KXATPCHALLENGERMATCH-26APR18SAFROC-ROC,60,978,59,1003,58,10,57,1933,56,1167,61,3549,62,1189,63,1560,64,1060,67,1086,60.5
2026-04-18 02:42:33 AM,KXATPCHALLENGERMATCH-26APR18SAFROC-ROC,60,978,59,1003,58,10,57,1933,56,1167,61,3549,62,1189,63,1560,64,1050,67,1086,60.5
2026-04-18 02:42:33 AM,KXATPCHALLENGERMATCH-26APR18SAFROC-ROC,60,978,59,1003,58,10,57,1933,56,1167,61,3549,62,1189,63,1560,64,1060,67,1086,60.5
2026-04-18 02:43:49 AM,KXATPCHALLENGERMATCH-26APR18SAFROC-ROC,60,978,59,1003,58,10,57,1933,56,1167,61,3420,62,1189,63,1560,64,1060,67,1086,60.5
2026-04-18 02:43:49 AM,KXATPCHALLENGERMATCH-26APR18SAFROC-ROC,60,978,59,1003,58,10,57,1933,56,1167,61,2990,62,1189,63,1560,64,1060,67,1086,60.5
2026-04-18 02:43:49 AM,KXATPCHALLENGERMATCH-26APR18SAFROC-ROC,60,978,59,1003,58,10,57,1933,56,1167,61,2126,62,1189,63,1560,64,1060,67,1086,60.5
2026-04-18 02:43:49 AM,KXATPCHALLENGERMATCH-26APR18SAFROC-ROC,60,978,59,1003,58,10,57,1933,56,1167,61,2054,62,1189,63,1560,64,1060,67,1086,60.5
2026-04-18 02:43:49 AM,KXATPCHALLENGERMATCH-26APR18SAFROC-ROC,60,978,59,1003,58,10,57,1933,56,1167,61,4,62,1189,63,1560,64,1060,67,1086,60.5
2026-04-18 02:43:49 AM,KXATPCHALLENGERMATCH-26APR18SAFROC-ROC,60,978,59,1003,58,10,57,1933,56,1167,61,4,62,967,63,1560,64,1060,67,1086,60.5
2026-04-18 02:43:49 AM,KXATPCHALLENGERMATCH-26APR18SAFROC-ROC,60,978,59,1003,58,10,57,1933,56,1167,61,4,62,508,63,1560,64,1060,67,1086,60.5
2026-04-18 02:43:49 AM,KXATPCHALLENGERMATCH-26APR18SAFROC-ROC,60,978,59,1003,58,10,57,1933,56,1167,61,4,62,196,63,1560,64,1060,67,1086,60.5
2026-04-18 02:43:49 AM,KXATPCHALLENGERMATCH-26APR18SAFROC-ROC,60,978,59,1003,58,10,57,1933,56,1167,61,4,62,186,63,1560,64,1060,67,1086,60.5
2026-04-18 02:43:49 AM,KXATPCHALLENGERMATCH-26APR18SAFROC-ROC,60,978,59,1003,58,10,57,1933,56,1167,61,4,62,123,63,1560,64,1060,67,1086,60.5
2026-04-18 02:43:49 AM,KXATPCHALLENGERMATCH-26APR18SAFROC-ROC,60,978,59,1003,58,10,57,1933,56,1167,61,4,62,85,63,1560,64,1060,67,1086,60.5
2026-04-18 02:43:49 AM,KXATPCHALLENGERMATCH-26APR18SAFROC-ROC,60,978,59,1003,58,10,57,1933,56,1167,61,4,62,35,63,1560,64,1060,67,1086,60.5
2026-04-18 02:43:49 AM,KXATPCHALLENGERMATCH-26APR18SAFROC-ROC,60,978,59,1003,58,10,57,1933,56,1167,61,4,62,10,63,1560,64,1060,67,1086,60.5
2026-04-18 02:43:49 AM,KXATPCHALLENGERMATCH-26APR18SAFROC-ROC,60,978,59,1003,58,10,57,1933,56,1167,61,4,63,1560,64,1060,67,1086,75,1600,60.5
2026-04-18 02:43:49 AM,KXATPCHALLENGERMATCH-26APR18SAFROC-ROC,60,978,59,1003,58,10,57,1933,56,1167,61,4,63,1157,64,1060,67,1086,75,1600,60.5
2026-04-18 02:43:49 AM,KXATPCHALLENGERMATCH-26APR18SAFROC-ROC,60,978,59,1003,58,10,57,1933,56,1167,61,4,63,470,64,1060,67,1086,75,1600,60.5
2026-04-18 02:43:49 AM,KXATPCHALLENGERMATCH-26APR18SAFROC-ROC,60,978,59,1003,58,10,57,1933,56,1167,61,4,63,10,64,1060,67,1086,75,1600,60.5
2026-04-18 02:43:49 AM,KXATPCHALLENGERMATCH-26APR18SAFROC-ROC,60,978,59,1003,58,10,57,1933,56,1167,61,4,64,1060,67,1086,75,1600,81,221,60.5
2026-04-18 02:43:49 AM,KXATPCHALLENGERMATCH-26APR18SAFROC-ROC,60,978,59,1003,58,10,57,1933,56,1167,61,4,64,60,67,1086,75,1600,81,221,60.5
2026-04-18 02:43:49 AM,KXATPCHALLENGERMATCH-26APR18SAFROC-ROC,60,978,59,1003,58,10,57,1933,56,1167,61,4,64,10,67,1086,75,1600,81,221,60.5
2026-04-18 02:43:49 AM,KXATPCHALLENGERMATCH-26APR18SAFROC-ROC,60,978,59,1003,58,10,57,1933,56,1167,61,4,67,1086,75,1600,81,221,82,317,60.5
2026-04-18 02:43:49 AM,KXATPCHALLENGERMATCH-26APR18SAFROC-ROC,60,978,59,1003,58,10,57,1933,56,1167,61,4,67,250,75,1600,81,221,82,317,60.5
2026-04-18 02:43:49 AM,KXATPCHALLENGERMATCH-26APR18SAFROC-ROC,60,978,59,1003,58,10,57,1933,56,1167,61,4,63,242,67,250,75,1600,81,221,60.5
2026-04-18 02:43:49 AM,KXATPCHALLENGERMATCH-26APR18SAFROC-ROC,60,978,59,1003,58,10,57,1933,56,1167,61,4,67,250,75,1600,81,221,82,317,60.5
2026-04-18 02:43:49 AM,KXATPCHALLENGERMATCH-26APR18SAFROC-ROC,60,978,59,1003,58,10,57,1933,56,1167,61,4,67,1,75,1600,81,221,82,317,60.5
2026-04-18 02:43:49 AM,KXATPCHALLENGERMATCH-26APR18SAFROC-ROC,60,978,59,1003,58,10,57,1933,56,1167,61,4,67,1,74,267,75,1600,81,221,60.5
2026-04-18 02:43:49 AM,KXATPCHALLENGERMATCH-26APR18SAFROC-ROC,60,978,59,1003,58,10,57,1933,56,1167,61,4,63,13,67,1,74,267,75,1600,60.5
2026-04-18 02:43:49 AM,KXATPCHALLENGERMATCH-26APR18SAFROC-ROC,60,978,59,1003,58,10,57,1933,56,1167,61,4,63,13,64,10,67,1,74,267,60.5
2026-04-18 02:43:49 AM,KXATPCHALLENGERMATCH-26APR18SAFROC-ROC,60,978,59,1003,58,10,57,1933,56,1167,61,4,63,13,64,10,67,90,74,267,60.5
2026-04-18 02:43:49 AM,KXATPCHALLENGERMATCH-26APR18SAFROC-ROC,60,978,59,1003,58,10,57,1933,56,1167,61,4,63,13,64,10,67,90,74,1103,60.5
2026-04-18 02:43:49 AM,KXATPCHALLENGERMATCH-26APR18SAFROC-ROC,60,978,59,1003,58,10,57,1933,56,1167,61,4,63,13,64,10,66,2000,67,90,60.5
2026-04-18 02:43:49 AM,KXATPCHALLENGERMATCH-26APR18SAFROC-ROC,60,978,59,1003,58,10,57,1933,56,1167,61,4,63,13,64,10,67,90,74,1103,60.5
2026-04-18 02:43:49 AM,KXATPCHALLENGERMATCH-26APR18SAFROC-ROC,60,978,59,1003,58,10,57,1933,56,1167,61,4,63,13,64,10,67,90,74,1680,60.5
2026-04-18 02:43:49 AM,KXATPCHALLENGERMATCH-26APR18SAFROC-ROC,60,978,59,1003,58,10,57,1933,56,1167,61,4,63,13,64,10,67,90,75,1600,60.5
2026-04-18 02:43:49 AM,KXATPCHALLENGERMATCH-26APR18SAFROC-ROC,60,978,59,1003,58,10,57,1933,56,1167,61,4,63,13,64,10,67,1264,75,1600,60.5
2026-04-18 02:43:49 AM,KXATPCHALLENGERMATCH-26APR18SAFROC-ROC,60,978,59,1003,58,426,57,1933,56,1167,61,4,63,13,64,10,67,1264,75,1600,60.5
2026-04-18 02:43:49 AM,KXATPCHALLENGERMATCH-26APR18SAFROC-ROC,60,978,59,1003,58,426,57,1933,56,1167,61,4,63,546,64,10,67,1264,75,1600,60.5
2026-04-18 02:43:50 AM,KXATPCHALLENGERMATCH-26APR18SAFROC-ROC,60,978,59,1003,58,426,57,1933,56,1167,61,4,63,546,64,10,67,90,75,1600,60.5
2026-04-18 02:43:50 AM,KXATPCHALLENGERMATCH-26APR18SAFROC-ROC,60,978,59,1003,58,426,57,1933,56,1167,61,4,63,546,64,10,67,90,68,771,60.5
2026-04-18 02:43:50 AM,KXATPCHALLENGERMATCH-26APR18SAFROC-ROC,60,978,59,1003,58,426,57,1933,56,1167,61,4,63,546,64,10,67,90,75,1600,60.5
2026-04-18 02:43:50 AM,KXATPCHALLENGERMATCH-26APR18SAFROC-ROC,60,978,59,1003,58,426,57,1933,56,1167,61,4,63,546,64,10,67,590,75,1600,60.5
2026-04-18 02:43:50 AM,KXATPCHALLENGERMATCH-26APR18SAFROC-ROC,60,978,59,1468,58,426,57,1933,56,1167,61,4,63,546,64,10,67,590,75,1600,60.5
2026-04-18 02:43:50 AM,KXATPCHALLENGERMATCH-26APR18SAFROC-ROC,60,978,59,1468,58,426,57,1933,56,1167,61,4,63,546,64,25,67,590,75,1600,60.5
2026-04-18 02:43:50 AM,KXATPCHALLENGERMATCH-26APR18SAFROC-ROC,60,978,59,1468,58,426,57,1933,56,1167,61,4,63,1339,64,25,67,590,75,1600,60.5
2026-04-18 02:43:50 AM,KXATPCHALLENGERMATCH-26APR18SAFROC-ROC,60,978,59,1468,58,1086,57,1933,56,1167,61,4,63,1339,64,25,67,590,75,1600,60.5
2026-04-18 02:43:50 AM,KXATPCHALLENGERMATCH-26APR18SAFROC-ROC,60,978,59,1468,58,1086,57,1933,56,1167,61,4,62,509,63,1339,64,25,67,590,60.5
2026-04-18 02:43:50 AM,KXATPCHALLENGERMATCH-26APR18SAFROC-ROC,60,978,59,1468,58,1086,57,1933,56,1167,61,4,62,509,63,1339,64,379,67,590,60.5
2026-04-18 02:43:50 AM,KXATPCHALLENGERMATCH-26APR18SAFROC-ROC,60,978,59,1468,58,1551,57,1933,56,1167,61,4,62,509,63,1339,64,379,67,590,60.5
2026-04-18 02:43:50 AM,KXATPCHALLENGERMATCH-26APR18SAFROC-ROC,60,978,59,1468,58,1541,57,1933,56,1167,61,4,62,509,63,1339,64,379,67,590,60.5
2026-04-18 02:43:50 AM,KXATPCHALLENGERMATCH-26APR18SAFROC-ROC,60,978,59,1451,58,1541,57,1933,56,1167,61,4,62,509,63,1339,64,379,67,590,60.5
2026-04-18 02:43:50 AM,KXATPCHALLENGERMATCH-26APR18SAFROC-ROC,60,992,59,1451,58,1541,57,1933,56,1167,61,4,62,509,63,1339,64,379,67,590,60.5
2026-04-18 02:43:50 AM,KXATPCHALLENGERMATCH-26APR18SAFROC-ROC,60,992,59,475,58,1541,57,1933,56,1167,61,4,62,509,63,1339,64,379,67,590,60.5
2026-04-18 02:43:50 AM,KXATPCHALLENGERMATCH-26APR18SAFROC-ROC,60,992,59,475,58,1541,57,1933,56,1167,61,4,62,509,63,1339,64,379,67,90,60.5
2026-04-18 02:43:50 AM,KXATPCHALLENGERMATCH-26APR18SAFROC-ROC,60,992,59,475,58,1541,57,1468,56,1167,61,4,62,509,63,1339,64,379,67,90,60.5
2026-04-18 02:43:50 AM,KXATPCHALLENGERMATCH-26APR18SAFROC-ROC,61,1476,60,992,59,475,58,1541,57,1468,61,4,62,509,63,1339,64,379,67,90,61.0
2026-04-18 02:43:50 AM,KXATPCHALLENGERMATCH-26APR18SAFROC-ROC,61,1476,60,1492,59,475,58,1541,57,1468,61,4,62,509,63,1339,64,379,67,90,61.0
2026-04-18 02:43:50 AM,KXATPCHALLENGERMATCH-26APR18SAFROC-ROC,61,1476,60,1492,59,475,58,1541,57,1468,61,4,62,509,63,1339,64,379,66,1000,61.0
2026-04-18 02:43:50 AM,KXATPCHALLENGERMATCH-26APR18SAFROC-ROC,61,1476,60,1492,59,475,58,1541,57,1468,61,4,62,509,63,1339,64,379,67,90,61.0
2026-04-18 02:43:50 AM,KXATPCHALLENGERMATCH-26APR18SAFROC-ROC,61,1476,60,1492,59,475,58,1541,57,1468,61,4,62,509,63,1339,64,379,65,1000,61.0
2026-04-18 02:43:50 AM,KXATPCHALLENGERMATCH-26APR18SAFROC-ROC,61,1476,60,1492,59,486,58,1541,57,1468,61,4,62,509,63,1339,64,379,65,1000,61.0
2026-04-18 02:43:51 AM,KXATPCHALLENGERMATCH-26APR18SAFROC-ROC,61,1476,60,1492,59,486,58,1076,57,1468,61,4,62,509,63,1339,64,379,65,1000,61.0
2026-04-18 02:43:51 AM,KXATPCHALLENGERMATCH-26APR18SAFROC-ROC,61,1476,60,1492,59,486,58,1076,57,1468,61,4,62,509,63,1339,64,379,67,90,61.0
2026-04-18 02:43:51 AM,KXATPCHALLENGERMATCH-26APR18SAFROC-ROC,61,1476,60,1492,59,486,58,1076,57,1468,61,4,62,509,63,1339,64,379,66,1000,61.0
2026-04-18 02:43:58 AM,KXATPCHALLENGERMATCH-26APR18SAFROC-ROC,61,1476,60,1492,59,486,58,1076,57,1468,61,4,62,941,63,1339,64,379,66,1000,61.0
2026-04-18 02:43:58 AM,KXATPCHALLENGERMATCH-26APR18SAFROC-ROC,61,1476,60,1492,59,486,58,1076,57,1468,61,4,62,941,63,1782,64,379,66,1000,61.0
2026-04-18 02:43:58 AM,KXATPCHALLENGERMATCH-26APR18SAFROC-ROC,61,1476,60,1492,59,486,58,1076,57,1936,61,4,62,941,63,1782,64,379,66,1000,61.0
2026-04-18 02:43:58 AM,KXATPCHALLENGERMATCH-26APR18SAFROC-ROC,61,1476,60,1492,59,486,58,1076,57,1936,61,4,62,1012,63,1782,64,379,66,1000,61.0
2026-04-18 02:43:58 AM,KXATPCHALLENGERMATCH-26APR18SAFROC-ROC,61,1476,60,1492,59,486,58,1076,57,1936,61,4,62,1012,63,1782,64,379,67,90,61.0
2026-04-18 02:43:58 AM,KXATPCHALLENGERMATCH-26APR18SAFROC-ROC,61,1476,60,1492,59,486,58,1076,57,1936,61,4,62,1012,63,1782,64,379,65,1000,61.0
2026-04-18 02:43:58 AM,KXATPCHALLENGERMATCH-26APR18SAFROC-ROC,61,1476,60,1492,59,486,58,1076,57,1936,61,4,62,1012,63,1782,64,379,67,90,61.0
2026-04-18 02:43:58 AM,KXATPCHALLENGERMATCH-26APR18SAFROC-ROC,61,1476,60,1492,59,486,58,1076,57,1936,61,4,62,1012,63,1782,64,379,66,1000,61.0
2026-04-18 02:43:58 AM,KXATPCHALLENGERMATCH-26APR18SAFROC-ROC,61,1476,60,1492,59,486,58,1076,57,1936,61,4,62,1012,63,1782,64,364,66,1000,61.0
2026-04-18 02:43:59 AM,KXATPCHALLENGERMATCH-26APR18SAFROC-ROC,61,1476,60,1492,59,486,58,1076,57,1936,61,4,62,1064,63,1782,64,364,66,1000,61.0
2026-04-18 02:43:59 AM,KXATPCHALLENGERMATCH-26APR18SAFROC-ROC,61,1476,60,1492,59,486,58,1076,57,1936,61,4,62,1012,63,1782,64,364,66,1000,61.0
2026-04-18 02:44:05 AM,KXATPCHALLENGERMATCH-26APR18SAFROC-ROC,61,1476,60,1852,59,486,58,1076,57,1936,61,4,62,1012,63,1782,64,364,66,1000,61.0
2026-04-18 02:44:05 AM,KXATPCHALLENGERMATCH-26APR18SAFROC-ROC,61,1476,60,1852,59,486,58,1076,57,1936,61,4,62,1012,63,1782,64,620,66,1000,61.0
2026-04-18 02:44:05 AM,KXATPCHALLENGERMATCH-26APR18SAFROC-ROC,61,1476,60,1852,59,486,58,1076,57,1936,61,4,62,1012,63,1782,64,620,65,403,61.0
2026-04-18 02:45:04 AM,KXATPCHALLENGERMATCH-26APR18SAFROC-ROC,61,1476,60,1852,59,475,58,1076,57,1936,61,4,62,1012,63,1782,64,620,65,403,61.0
2026-04-18 02:45:04 AM,KXATPCHALLENGERMATCH-26APR18SAFROC-ROC,61,1476,60,1852,59,475,58,1076,57,1936,61,4,62,1012,63,1769,64,620,65,403,61.0
2026-04-18 02:45:04 AM,KXATPCHALLENGERMATCH-26APR18SAFROC-ROC,61,1490,60,1852,59,475,58,1076,57,1936,61,4,62,1012,63,1769,64,620,65,403,61.0
2026-04-18 02:45:04 AM,KXATPCHALLENGERMATCH-26APR18SAFROC-ROC,61,1490,60,1852,59,475,58,1076,57,1936,61,4,62,1012,63,1769,64,625,65,403,61.0
2026-04-18 02:45:04 AM,KXATPCHALLENGERMATCH-26APR18SAFROC-ROC,61,1490,60,1852,59,475,58,1076,57,1936,61,4,62,1012,63,1769,64,625,65,412,61.0
2026-04-18 02:45:09 AM,KXATPCHALLENGERMATCH-26APR18SAFROC-ROC,61,1490,60,1852,59,475,58,1076,57,1936,61,4,62,1022,63,1769,64,625,65,412,61.0
2026-04-18 02:46:33 AM,KXATPCHALLENGERMATCH-26APR18SAFROC-ROC,61,1490,60,1852,59,475,58,1076,57,1936,61,4,62,3652,63,1769,64,625,65,412,61.0
2026-04-18 02:48:50 AM,KXATPCHALLENGERMATCH-26APR18SAFROC-ROC,61,1490,60,1852,59,475,58,1076,57,1936,61,4,62,3621,63,1769,64,625,65,412,61.0
2026-04-18 02:48:50 AM,KXATPCHALLENGERMATCH-26APR18SAFROC-ROC,61,1490,60,1852,59,475,58,1076,57,1936,61,4,62,3671,63,1769,64,625,65,412,61.0
2026-04-18 02:48:50 AM,KXATPCHALLENGERMATCH-26APR18SAFROC-ROC,61,1490,60,1852,59,475,58,1076,57,1936,61,4,62,3631,63,1769,64,625,65,412,61.0
2026-04-18 02:48:50 AM,KXATPCHALLENGERMATCH-26APR18SAFROC-ROC,61,1490,60,1852,59,943,58,1076,57,1936,61,4,62,3631,63,1769,64,625,65,412,61.0
2026-04-18 02:48:50 AM,KXATPCHALLENGERMATCH-26APR18SAFROC-ROC,61,1490,60,1852,59,943,58,1076,57,1936,61,4,62,3591,63,1769,64,625,65,412,61.0
2026-04-18 02:48:50 AM,KXATPCHALLENGERMATCH-26APR18SAFROC-ROC,61,1490,60,1852,59,943,58,1076,57,1936,61,4,62,3591,63,1769,64,648,65,412,61.0
2026-04-18 02:48:50 AM,KXATPCHALLENGERMATCH-26APR18SAFROC-ROC,61,1490,60,1852,59,943,58,1076,57,1468,61,4,62,3591,63,1769,64,648,65,412,61.0
2026-04-18 02:48:54 AM,KXATPCHALLENGERMATCH-26APR18SAFROC-ROC,61,1490,60,1852,59,475,58,1076,57,1468,61,4,62,3591,63,1769,64,648,65,412,61.0
2026-04-18 02:48:54 AM,KXATPCHALLENGERMATCH-26APR18SAFROC-ROC,61,1490,60,1852,59,475,58,1076,57,1468,61,4,62,3591,63,1769,64,641,65,412,61.0
2026-04-18 02:49:02 AM,KXATPCHALLENGERMATCH-26APR18SAFROC-ROC,61,1484,60,1852,59,475,58,1076,57,1468,61,4,62,3591,63,1769,64,641,65,412,61.0
2026-04-18 02:49:02 AM,KXATPCHALLENGERMATCH-26APR18SAFROC-ROC,61,1484,60,1852,59,475,58,1076,57,1936,61,4,62,3591,63,1769,64,641,65,412,61.0
2026-04-18 02:49:02 AM,KXATPCHALLENGERMATCH-26APR18SAFROC-ROC,61,1484,60,1852,59,475,58,1076,57,1936,61,4,62,3606,63,1769,64,641,65,412,61.0
2026-04-18 02:49:02 AM,KXATPCHALLENGERMATCH-26APR18SAFROC-ROC,61,1484,60,1846,59,475,58,1076,57,1936,61,4,62,3606,63,1769,64,641,65,412,61.0
2026-04-18 02:49:02 AM,KXATPCHALLENGERMATCH-26APR18SAFROC-ROC,61,1484,60,1846,59,475,58,1076,57,1936,61,4,62,3606,63,1769,64,625,65,412,61.0
2026-04-18 02:49:34 AM,KXATPCHALLENGERMATCH-26APR18SAFROC-ROC,61,1433,60,1846,59,475,58,1076,57,1936,61,4,62,3606,63,1769,64,625,65,412,61.0
2026-04-18 02:49:34 AM,KXATPCHALLENGERMATCH-26APR18SAFROC-ROC,61,1433,60,1795,59,475,58,1076,57,1936,61,4,62,3606,63,1769,64,625,65,412,61.0
2026-04-18 02:49:44 AM,KXATPCHALLENGERMATCH-26APR18SAFROC-ROC,61,1433,60,1795,59,475,58,1076,57,1936,61,4,62,3576,63,1769,64,625,65,412,61.0
2026-04-18 02:49:59 AM,KXATPCHALLENGERMATCH-26APR18SAFROC-ROC,61,1432,60,1795,59,475,58,1076,57,1936,61,4,62,3576,63,1769,64,625,65,412,61.0
2026-04-18 02:49:59 AM,KXATPCHALLENGERMATCH-26APR18SAFROC-ROC,61,1432,60,1794,59,475,58,1076,57,1936,61,4,62,3576,63,1769,64,625,65,412,61.0
2026-04-18 02:51:11 AM,KXATPCHALLENGERMATCH-26APR18SAFROC-ROC,61,1432,60,1794,59,475,58,1076,57,1936,61,4,62,3458,63,1769,64,625,65,412,61.0
2026-04-18 02:52:08 AM,KXATPCHALLENGERMATCH-26APR18SAFROC-ROC,61,1432,60,1794,59,475,58,1076,57,1936,61,4,62,3458,63,1769,64,625,65,427,61.0
2026-04-18 02:52:15 AM,KXATPCHALLENGERMATCH-26APR18SAFROC-ROC,61,1432,60,1794,59,475,58,1091,57,1936,61,4,62,3458,63,1769,64,625,65,427,61.0
2026-04-18 02:53:51 AM,KXATPCHALLENGERMATCH-26APR18SAFROC-ROC,61,1372,60,1794,59,475,58,1091,57,1936,61,4,62,3458,63,1769,64,625,65,427,61.0
2026-04-18 02:53:51 AM,KXATPCHALLENGERMATCH-26APR18SAFROC-ROC,61,1312,60,1794,59,475,58,1091,57,1936,61,4,62,3458,63,1769,64,625,65,427,61.0
2026-04-18 02:53:51 AM,KXATPCHALLENGERMATCH-26APR18SAFROC-ROC,61,1312,60,1794,59,475,58,1091,57,1936,61,4,62,3448,63,1769,64,625,65,427,61.0
2026-04-18 02:53:51 AM,KXATPCHALLENGERMATCH-26APR18SAFROC-ROC,61,1312,60,1794,59,475,58,1076,57,1936,61,4,62,3448,63,1769,64,625,65,427,61.0
2026-04-18 02:53:51 AM,KXATPCHALLENGERMATCH-26APR18SAFROC-ROC,61,1312,60,1794,59,475,58,1076,57,1936,61,4,62,3448,63,1769,64,625,65,412,61.0
2026-04-18 02:53:51 AM,KXATPCHALLENGERMATCH-26APR18SAFROC-ROC,61,1312,60,1794,59,475,58,1076,57,1936,61,4,62,3498,63,1769,64,625,65,412,61.0
2026-04-18 02:53:51 AM,KXATPCHALLENGERMATCH-26APR18SAFROC-ROC,61,1312,60,1794,59,475,58,1076,57,1936,61,4,62,3508,63,1769,64,625,65,412,61.0
2026-04-18 02:53:51 AM,KXATPCHALLENGERMATCH-26APR18SAFROC-ROC,61,1312,60,1794,59,475,58,1076,57,1936,61,4,62,3508,63,1769,64,625,65,1412,61.0
2026-04-18 02:53:51 AM,KXATPCHALLENGERMATCH-26APR18SAFROC-ROC,61,1372,60,1794,59,475,58,1076,57,1936,61,4,62,3508,63,1769,64,625,65,1412,61.0
2026-04-18 02:53:51 AM,KXATPCHALLENGERMATCH-26APR18SAFROC-ROC,61,1342,60,1794,59,475,58,1076,57,1936,61,4,62,3508,63,1769,64,625,65,1412,61.0
2026-04-18 02:53:51 AM,KXATPCHALLENGERMATCH-26APR18SAFROC-ROC,61,1342,60,1764,59,475,58,1076,57,1936,61,4,62,3508,63,1769,64,625,65,1412,61.0
2026-04-18 02:53:52 AM,KXATPCHALLENGERMATCH-26APR18SAFROC-ROC,61,1342,60,1764,59,475,58,1076,57,1936,61,4,62,3508,63,1769,64,625,65,412,61.0
2026-04-18 02:53:52 AM,KXATPCHALLENGERMATCH-26APR18SAFROC-ROC,61,1372,60,1764,59,475,58,1076,57,1936,61,4,62,3508,63,1769,64,625,65,412,61.0
2026-04-18 02:53:52 AM,KXATPCHALLENGERMATCH-26APR18SAFROC-ROC,61,1372,60,1734,59,475,58,1076,57,1936,61,4,62,3508,63,1769,64,625,65,412,61.0
2026-04-18 02:53:52 AM,KXATPCHALLENGERMATCH-26APR18SAFROC-ROC,61,1372,60,1734,59,475,58,1076,57,1936,61,4,62,3508,63,1769,64,625,65,427,61.0
2026-04-18 02:53:55 AM,KXATPCHALLENGERMATCH-26APR18SAFROC-ROC,61,1372,60,1734,59,475,58,1091,57,1936,61,4,62,3508,63,1769,64,625,65,427,61.0
