ts_et,ticker,bid_1,bid_1_sz,bid_2,bid_2_sz,bid_3,bid_3_sz,bid_4,bid_4_sz,bid_5,bid_5_sz,ask_1,ask_1_sz,ask_2,ask_2_sz,ask_3,ask_3_sz,ask_4,ask_4_sz,ask_5,ask_5_sz,mid
2026-04-17 09:43:06 PM,KXATPCHALLENGERMATCH-26APR18ROYHOU-ROY,65,251,64,251,60,400,7,8682,6,116,88,697,89,1000,94,11,95,26,96,1043,76.5
2026-04-17 09:47:52 PM,KXATPCHALLENGERMATCH-26APR18ROYHOU-ROY,65,251,64,251,60,400,7,8682,6,116,88,497,89,1000,94,11,95,26,96,1043,76.5
2026-04-17 09:52:44 PM,KXATPCHALLENGERMATCH-26APR18ROYHOU-ROY,65,251,64,251,60,400,7,8682,6,116,87,92,88,497,89,1000,94,11,95,26,76.0
2026-04-17 09:52:45 PM,KXATPCHALLENGERMATCH-26APR18ROYHOU-ROY,65,251,64,251,60,400,7,8682,6,116,87,92,88,497,94,11,95,26,96,1043,76.0
2026-04-17 09:52:45 PM,KXATPCHALLENGERMATCH-26APR18ROYHOU-ROY,65,251,64,251,60,400,7,8682,6,116,87,589,88,497,94,11,95,26,96,1043,76.0
2026-04-17 09:52:45 PM,KXATPCHALLENGERMATCH-26APR18ROYHOU-ROY,65,251,64,251,60,400,7,8682,6,116,87,589,88,1000,94,11,95,26,96,1043,76.0
2026-04-17 09:52:45 PM,KXATPCHALLENGERMATCH-26APR18ROYHOU-ROY,65,251,64,251,60,400,7,8682,6,116,87,537,88,1000,94,11,95,26,96,1043,76.0
2026-04-17 09:52:46 PM,KXATPCHALLENGERMATCH-26APR18ROYHOU-ROY,65,251,64,251,60,400,7,8682,6,116,87,589,88,1000,94,11,95,26,96,1043,76.0
2026-04-17 09:52:52 PM,KXATPCHALLENGERMATCH-26APR18ROYHOU-ROY,65,251,64,251,60,400,7,8682,6,116,87,503,88,1000,94,11,95,26,96,1043,76.0
2026-04-17 09:52:59 PM,KXATPCHALLENGERMATCH-26APR18ROYHOU-ROY,65,251,64,251,60,400,7,8682,6,116,87,589,88,1000,94,11,95,26,96,1043,76.0
2026-04-17 09:52:59 PM,KXATPCHALLENGERMATCH-26APR18ROYHOU-ROY,64,251,60,400,7,8682,6,116,5,194,87,589,88,1000,94,11,95,26,96,1043,75.5
2026-04-17 09:52:59 PM,KXATPCHALLENGERMATCH-26APR18ROYHOU-ROY,64,251,63,251,60,400,7,8682,6,116,87,589,88,1000,94,11,95,26,96,1043,75.5
2026-04-17 09:53:05 PM,KXATPCHALLENGERMATCH-26APR18ROYHOU-ROY,64,251,63,251,60,400,7,8682,6,116,87,497,88,1000,94,11,95,26,96,1043,75.5
2026-04-17 09:53:11 PM,KXATPCHALLENGERMATCH-26APR18ROYHOU-ROY,64,251,63,251,60,400,7,8682,6,116,86,85,87,497,88,1000,94,11,95,26,75.0
2026-04-17 09:53:11 PM,KXATPCHALLENGERMATCH-26APR18ROYHOU-ROY,64,251,63,251,60,400,7,8682,6,116,86,85,87,417,88,1000,94,11,95,26,75.0
2026-04-17 09:53:11 PM,KXATPCHALLENGERMATCH-26APR18ROYHOU-ROY,64,291,63,251,60,400,7,8682,6,116,86,85,87,417,88,1000,94,11,95,26,75.0
2026-04-17 09:53:11 PM,KXATPCHALLENGERMATCH-26APR18ROYHOU-ROY,64,291,63,291,60,400,7,8682,6,116,86,85,87,417,88,1000,94,11,95,26,75.0
2026-04-17 09:53:12 PM,KXATPCHALLENGERMATCH-26APR18ROYHOU-ROY,64,291,63,291,60,400,7,8682,6,116,86,15,87,417,88,1000,94,11,95,26,75.0
2026-04-17 09:53:12 PM,KXATPCHALLENGERMATCH-26APR18ROYHOU-ROY,64,291,63,291,60,400,7,8682,6,116,86,15,87,417,88,503,94,11,95,26,75.0
2026-04-17 09:53:12 PM,KXATPCHALLENGERMATCH-26APR18ROYHOU-ROY,64,291,63,291,60,400,7,8682,6,116,86,15,87,417,94,11,95,26,96,1043,75.0
2026-04-17 09:53:12 PM,KXATPCHALLENGERMATCH-26APR18ROYHOU-ROY,64,291,63,291,60,400,7,8682,6,116,87,417,94,11,95,26,96,1043,97,78,75.5
2026-04-17 09:53:12 PM,KXATPCHALLENGERMATCH-26APR18ROYHOU-ROY,64,291,63,291,60,400,7,8682,6,116,86,417,87,417,94,11,95,26,96,1043,75.0
2026-04-17 09:53:12 PM,KXATPCHALLENGERMATCH-26APR18ROYHOU-ROY,64,291,63,291,60,400,7,8682,6,116,86,417,87,1000,94,11,95,26,96,1043,75.0
2026-04-17 09:53:12 PM,KXATPCHALLENGERMATCH-26APR18ROYHOU-ROY,64,291,63,40,60,400,7,8682,6,116,86,417,87,1000,94,11,95,26,96,1043,75.0
2026-04-17 09:53:12 PM,KXATPCHALLENGERMATCH-26APR18ROYHOU-ROY,64,291,60,400,7,8682,6,116,5,194,86,417,87,1000,94,11,95,26,96,1043,75.0
2026-04-17 09:53:12 PM,KXATPCHALLENGERMATCH-26APR18ROYHOU-ROY,65,291,64,291,60,400,7,8682,6,116,86,417,87,1000,94,11,95,26,96,1043,75.5
2026-04-17 09:53:13 PM,KXATPCHALLENGERMATCH-26APR18ROYHOU-ROY,65,291,64,291,60,400,7,8682,6,116,85,80,86,417,87,1000,94,11,95,26,75.0
2026-04-17 09:53:13 PM,KXATPCHALLENGERMATCH-26APR18ROYHOU-ROY,64,291,60,400,7,8682,6,116,5,194,85,80,86,417,87,1000,94,11,95,26,74.5
2026-04-17 09:53:13 PM,KXATPCHALLENGERMATCH-26APR18ROYHOU-ROY,64,291,63,291,60,400,7,8682,6,116,85,80,86,417,87,1000,94,11,95,26,74.5
2026-04-17 09:53:13 PM,KXATPCHALLENGERMATCH-26APR18ROYHOU-ROY,64,291,63,291,60,400,7,8682,6,116,85,80,86,417,87,583,94,11,95,26,74.5
2026-04-17 09:53:13 PM,KXATPCHALLENGERMATCH-26APR18ROYHOU-ROY,64,291,63,291,60,400,7,8682,6,116,85,80,86,417,94,11,95,26,96,1043,74.5
2026-04-17 09:53:13 PM,KXATPCHALLENGERMATCH-26APR18ROYHOU-ROY,64,291,63,291,60,400,7,8682,6,116,85,497,86,417,94,11,95,26,96,1043,74.5
2026-04-17 09:53:13 PM,KXATPCHALLENGERMATCH-26APR18ROYHOU-ROY,64,291,63,291,60,400,7,8682,6,116,85,497,86,1000,94,11,95,26,96,1043,74.5
2026-04-17 09:53:14 PM,KXATPCHALLENGERMATCH-26APR18ROYHOU-ROY,64,291,60,400,7,8682,6,116,5,194,85,497,86,1000,94,11,95,26,96,1043,74.5
2026-04-17 09:53:14 PM,KXATPCHALLENGERMATCH-26APR18ROYHOU-ROY,65,291,64,291,60,400,7,8682,6,116,85,497,86,1000,94,11,95,26,96,1043,75.0
2026-04-17 09:53:14 PM,KXATPCHALLENGERMATCH-26APR18ROYHOU-ROY,64,291,60,400,7,8682,6,116,5,194,85,497,86,1000,94,11,95,26,96,1043,74.5
2026-04-17 09:53:14 PM,KXATPCHALLENGERMATCH-26APR18ROYHOU-ROY,64,291,63,291,60,400,7,8682,6,116,85,497,86,1000,94,11,95,26,96,1043,74.5
2026-04-17 09:53:22 PM,KXATPCHALLENGERMATCH-26APR18ROYHOU-ROY,64,291,63,291,60,400,7,8682,6,116,85,417,86,1000,94,11,95,26,96,1043,74.5
2026-04-17 09:53:22 PM,KXATPCHALLENGERMATCH-26APR18ROYHOU-ROY,64,291,63,291,60,400,7,8682,6,116,85,397,86,1000,94,11,95,26,96,1043,74.5
2026-04-17 09:53:22 PM,KXATPCHALLENGERMATCH-26APR18ROYHOU-ROY,64,301,63,291,60,400,7,8682,6,116,85,397,86,1000,94,11,95,26,96,1043,74.5
2026-04-17 09:53:22 PM,KXATPCHALLENGERMATCH-26APR18ROYHOU-ROY,64,301,63,301,60,400,7,8682,6,116,85,397,86,1000,94,11,95,26,96,1043,74.5
2026-04-17 09:53:22 PM,KXATPCHALLENGERMATCH-26APR18ROYHOU-ROY,64,301,63,301,60,400,7,8682,6,116,85,297,86,1000,94,11,95,26,96,1043,74.5
2026-04-17 09:53:22 PM,KXATPCHALLENGERMATCH-26APR18ROYHOU-ROY,64,341,63,301,60,400,7,8682,6,116,85,297,86,1000,94,11,95,26,96,1043,74.5
2026-04-17 09:53:22 PM,KXATPCHALLENGERMATCH-26APR18ROYHOU-ROY,64,341,63,341,60,400,7,8682,6,116,85,297,86,1000,94,11,95,26,96,1043,74.5
2026-04-17 09:53:22 PM,KXATPCHALLENGERMATCH-26APR18ROYHOU-ROY,64,341,63,341,60,400,7,8682,6,116,84,75,85,297,86,1000,94,11,95,26,74.0
2026-04-17 09:53:22 PM,KXATPCHALLENGERMATCH-26APR18ROYHOU-ROY,64,341,63,341,60,400,7,8682,6,116,84,75,85,297,86,583,94,11,95,26,74.0
2026-04-17 09:53:22 PM,KXATPCHALLENGERMATCH-26APR18ROYHOU-ROY,64,341,63,341,60,400,7,8682,6,116,84,75,85,297,94,11,95,26,96,1043,74.0
2026-04-17 09:53:22 PM,KXATPCHALLENGERMATCH-26APR18ROYHOU-ROY,64,341,63,341,60,400,7,8682,6,116,84,392,85,297,94,11,95,26,96,1043,74.0
2026-04-17 09:53:22 PM,KXATPCHALLENGERMATCH-26APR18ROYHOU-ROY,64,341,63,341,60,400,7,8682,6,116,84,392,85,1000,94,11,95,26,96,1043,74.0
2026-04-17 09:53:59 PM,KXATPCHALLENGERMATCH-26APR18ROYHOU-ROY,64,291,63,341,60,400,7,8682,6,116,84,392,85,1000,94,11,95,26,96,1043,74.0
2026-04-17 09:53:59 PM,KXATPCHALLENGERMATCH-26APR18ROYHOU-ROY,64,291,63,341,60,400,7,8682,6,116,84,442,85,1000,94,11,95,26,96,1043,74.0
2026-04-17 09:53:59 PM,KXATPCHALLENGERMATCH-26APR18ROYHOU-ROY,64,316,63,341,60,400,7,8682,6,116,84,442,85,1000,94,11,95,26,96,1043,74.0
2026-04-17 09:53:59 PM,KXATPCHALLENGERMATCH-26APR18ROYHOU-ROY,64,316,63,316,60,400,7,8682,6,116,84,442,85,1000,94,11,95,26,96,1043,74.0
2026-04-17 09:58:00 PM,KXATPCHALLENGERMATCH-26APR18ROYHOU-ROY,64,316,63,25,60,400,7,8682,6,116,84,442,85,1000,94,11,95,26,96,1043,74.0
2026-04-17 09:58:00 PM,KXATPCHALLENGERMATCH-26APR18ROYHOU-ROY,64,316,63,15,60,400,7,8682,6,116,84,442,85,1000,94,11,95,26,96,1043,74.0
2026-04-17 09:58:00 PM,KXATPCHALLENGERMATCH-26APR18ROYHOU-ROY,64,316,60,400,7,8682,6,116,5,194,84,442,85,1000,94,11,95,26,96,1043,74.0
2026-04-17 09:58:00 PM,KXATPCHALLENGERMATCH-26APR18ROYHOU-ROY,65,316,64,316,60,400,7,8682,6,116,84,442,85,1000,94,11,95,26,96,1043,74.5
2026-04-17 10:06:14 PM,KXATPCHALLENGERMATCH-26APR18ROYHOU-ROY,65,316,64,316,60,400,7,8682,6,116,84,442,85,1000,94,361,95,26,96,1043,74.5
2026-04-17 10:06:14 PM,KXATPCHALLENGERMATCH-26APR18ROYHOU-ROY,65,316,64,316,60,400,7,8682,6,116,84,442,85,1000,94,361,95,26,96,543,74.5
2026-04-17 10:07:21 PM,KXATPCHALLENGERMATCH-26APR18ROYHOU-ROY,65,323,64,316,60,400,7,8682,6,116,84,442,85,1000,94,361,95,26,96,543,74.5
2026-04-17 10:07:21 PM,KXATPCHALLENGERMATCH-26APR18ROYHOU-ROY,65,323,64,331,60,400,7,8682,6,116,84,442,85,1000,94,361,95,26,96,543,74.5
2026-04-17 10:07:21 PM,KXATPCHALLENGERMATCH-26APR18ROYHOU-ROY,65,323,64,331,61,30,60,400,7,8682,84,442,85,1000,94,361,95,26,96,543,74.5
2026-04-17 10:07:21 PM,KXATPCHALLENGERMATCH-26APR18ROYHOU-ROY,65,323,64,331,61,30,60,400,7,8682,83,100,84,442,85,1000,94,361,95,26,74.0
2026-04-17 10:07:21 PM,KXATPCHALLENGERMATCH-26APR18ROYHOU-ROY,65,323,64,331,61,30,60,400,7,8682,83,100,84,458,85,1000,94,361,95,26,74.0
2026-04-17 10:07:21 PM,KXATPCHALLENGERMATCH-26APR18ROYHOU-ROY,65,323,64,331,61,30,60,400,7,8682,83,100,84,383,85,1000,94,361,95,26,74.0
2026-04-17 10:07:21 PM,KXATPCHALLENGERMATCH-26APR18ROYHOU-ROY,65,323,64,331,61,30,60,400,7,8682,82,66,83,100,84,383,85,1000,94,361,73.5
2026-04-17 10:07:21 PM,KXATPCHALLENGERMATCH-26APR18ROYHOU-ROY,65,323,64,338,61,30,60,400,7,8682,82,66,83,100,84,383,85,1000,94,361,73.5
2026-04-17 10:07:21 PM,KXATPCHALLENGERMATCH-26APR18ROYHOU-ROY,65,323,64,338,61,30,60,400,7,8682,82,66,83,100,84,383,85,703,94,361,73.5
2026-04-17 10:07:21 PM,KXATPCHALLENGERMATCH-26APR18ROYHOU-ROY,65,323,64,338,61,30,60,400,7,8682,82,66,83,100,84,383,94,361,95,26,73.5
2026-04-17 10:07:21 PM,KXATPCHALLENGERMATCH-26APR18ROYHOU-ROY,65,323,64,338,61,30,60,400,7,8682,82,66,83,467,84,383,94,361,95,26,73.5
2026-04-17 10:07:21 PM,KXATPCHALLENGERMATCH-26APR18ROYHOU-ROY,65,323,64,338,61,30,60,400,7,8682,82,66,83,467,84,1016,94,361,95,26,73.5
2026-04-17 10:07:21 PM,KXATPCHALLENGERMATCH-26APR18ROYHOU-ROY,65,323,64,338,62,7,61,30,60,400,82,66,83,467,84,1016,94,361,95,26,73.5
2026-04-17 10:07:21 PM,KXATPCHALLENGERMATCH-26APR18ROYHOU-ROY,65,323,64,338,62,7,61,30,60,400,82,66,83,467,84,699,94,361,95,26,73.5
2026-04-17 10:07:21 PM,KXATPCHALLENGERMATCH-26APR18ROYHOU-ROY,65,323,64,338,62,7,61,30,60,400,82,66,83,467,84,649,94,361,95,26,73.5
2026-04-17 10:07:21 PM,KXATPCHALLENGERMATCH-26APR18ROYHOU-ROY,65,323,64,338,62,7,61,30,60,400,82,66,83,467,84,16,94,361,95,26,73.5
2026-04-17 10:07:21 PM,KXATPCHALLENGERMATCH-26APR18ROYHOU-ROY,65,323,64,338,63,10,62,7,61,30,82,66,83,467,84,16,94,361,95,26,73.5
2026-04-17 10:07:21 PM,KXATPCHALLENGERMATCH-26APR18ROYHOU-ROY,65,323,64,338,63,10,62,7,61,30,81,100,82,66,83,467,84,16,94,361,73.0
2026-04-17 10:07:21 PM,KXATPCHALLENGERMATCH-26APR18ROYHOU-ROY,65,323,64,338,63,10,62,7,60,400,81,100,82,66,83,467,84,16,94,361,73.0
2026-04-17 10:07:21 PM,KXATPCHALLENGERMATCH-26APR18ROYHOU-ROY,65,323,64,338,63,10,62,7,60,400,81,100,82,82,83,467,84,16,94,361,73.0
2026-04-17 10:07:21 PM,KXATPCHALLENGERMATCH-26APR18ROYHOU-ROY,65,323,64,338,63,10,62,7,60,400,81,100,82,82,83,367,84,16,94,361,73.0
2026-04-17 10:07:21 PM,KXATPCHALLENGERMATCH-26APR18ROYHOU-ROY,65,323,64,338,63,10,62,7,60,400,81,100,82,82,83,367,94,361,95,26,73.0
2026-04-17 10:07:21 PM,KXATPCHALLENGERMATCH-26APR18ROYHOU-ROY,65,323,64,338,63,10,62,7,60,400,81,100,82,449,83,367,94,361,95,26,73.0
2026-04-17 10:07:21 PM,KXATPCHALLENGERMATCH-26APR18ROYHOU-ROY,65,323,64,338,63,10,62,7,60,400,81,100,82,383,83,367,94,361,95,26,73.0
2026-04-17 10:07:21 PM,KXATPCHALLENGERMATCH-26APR18ROYHOU-ROY,65,323,64,338,63,10,62,7,60,400,80,60,81,100,82,383,83,367,94,361,72.5
2026-04-17 10:07:21 PM,KXATPCHALLENGERMATCH-26APR18ROYHOU-ROY,65,323,64,338,63,10,62,7,60,400,80,60,81,100,82,383,83,1000,94,361,72.5
2026-04-17 10:07:21 PM,KXATPCHALLENGERMATCH-26APR18ROYHOU-ROY,65,323,64,338,63,10,62,7,61,7,80,60,81,100,82,383,83,1000,94,361,72.5
2026-04-17 10:07:21 PM,KXATPCHALLENGERMATCH-26APR18ROYHOU-ROY,65,323,64,338,63,10,62,7,61,7,80,60,81,100,82,16,83,1000,94,361,72.5
2026-04-17 10:07:21 PM,KXATPCHALLENGERMATCH-26APR18ROYHOU-ROY,65,323,64,338,63,10,62,7,61,7,80,60,81,100,82,16,83,633,94,361,72.5
2026-04-17 10:07:21 PM,KXATPCHALLENGERMATCH-26APR18ROYHOU-ROY,65,323,64,338,63,10,62,7,61,7,80,60,81,100,82,16,94,361,95,26,72.5
2026-04-17 10:07:21 PM,KXATPCHALLENGERMATCH-26APR18ROYHOU-ROY,65,323,64,338,63,10,62,7,61,7,80,427,81,100,82,16,94,361,95,26,72.5
2026-04-17 10:07:22 PM,KXATPCHALLENGERMATCH-26APR18ROYHOU-ROY,65,323,64,338,63,10,62,7,61,7,80,427,81,1100,82,16,94,361,95,26,72.5
2026-04-17 10:07:22 PM,KXATPCHALLENGERMATCH-26APR18ROYHOU-ROY,65,323,64,338,63,10,62,7,61,7,79,100,80,427,81,1100,82,16,94,361,72.0
2026-04-17 10:07:22 PM,KXATPCHALLENGERMATCH-26APR18ROYHOU-ROY,65,323,64,338,63,10,62,7,61,7,79,100,80,427,81,1100,82,16,93,16,72.0
2026-04-17 10:07:22 PM,KXATPCHALLENGERMATCH-26APR18ROYHOU-ROY,65,323,64,338,63,10,62,7,61,7,79,100,80,427,81,1000,82,16,93,16,72.0
2026-04-17 10:07:22 PM,KXATPCHALLENGERMATCH-26APR18ROYHOU-ROY,65,323,64,338,63,10,62,7,61,7,79,100,80,427,81,1000,93,16,94,361,72.0
2026-04-17 10:07:22 PM,KXATPCHALLENGERMATCH-26APR18ROYHOU-ROY,65,323,64,338,63,10,62,7,61,7,79,100,80,427,93,16,94,361,95,26,72.0
2026-04-17 10:07:22 PM,KXATPCHALLENGERMATCH-26APR18ROYHOU-ROY,65,323,64,338,63,10,62,7,61,7,79,100,80,367,93,16,94,361,95,26,72.0
2026-04-17 10:07:22 PM,KXATPCHALLENGERMATCH-26APR18ROYHOU-ROY,65,323,64,338,63,10,62,7,61,7,78,54,79,100,80,367,93,16,94,361,71.5
2026-04-17 10:07:22 PM,KXATPCHALLENGERMATCH-26APR18ROYHOU-ROY,65,323,64,338,63,10,62,7,61,7,78,54,79,467,80,367,93,16,94,361,71.5
2026-04-17 10:07:22 PM,KXATPCHALLENGERMATCH-26APR18ROYHOU-ROY,65,323,64,338,63,10,62,7,61,7,78,54,79,467,80,1000,93,16,94,361,71.5
2026-04-17 10:07:22 PM,KXATPCHALLENGERMATCH-26APR18ROYHOU-ROY,65,323,64,338,63,10,62,7,61,7,78,54,79,467,80,633,93,16,94,361,71.5
2026-04-17 10:07:22 PM,KXATPCHALLENGERMATCH-26APR18ROYHOU-ROY,65,323,64,338,63,10,62,7,61,7,78,54,79,467,93,16,94,361,95,26,71.5
2026-04-17 10:07:22 PM,KXATPCHALLENGERMATCH-26APR18ROYHOU-ROY,65,323,64,338,63,10,62,7,61,7,78,54,79,367,93,16,94,361,95,26,71.5
2026-04-17 10:07:22 PM,KXATPCHALLENGERMATCH-26APR18ROYHOU-ROY,65,323,64,338,63,10,62,7,61,7,77,85,78,54,79,367,93,16,94,361,71.0
2026-04-17 10:07:22 PM,KXATPCHALLENGERMATCH-26APR18ROYHOU-ROY,65,323,64,338,63,10,62,7,61,7,77,85,78,54,79,367,94,361,95,26,71.0
2026-04-17 10:07:22 PM,KXATPCHALLENGERMATCH-26APR18ROYHOU-ROY,65,323,64,338,63,10,62,7,61,7,77,85,78,64,79,367,94,361,95,26,71.0
2026-04-17 10:07:22 PM,KXATPCHALLENGERMATCH-26APR18ROYHOU-ROY,65,323,64,338,63,10,62,7,61,7,77,85,78,431,79,367,94,361,95,26,71.0
2026-04-17 10:07:22 PM,KXATPCHALLENGERMATCH-26APR18ROYHOU-ROY,65,323,64,338,63,10,62,7,61,7,77,85,78,377,79,367,94,361,95,26,71.0
2026-04-17 10:07:22 PM,KXATPCHALLENGERMATCH-26APR18ROYHOU-ROY,65,323,64,338,63,10,62,7,61,7,76,50,77,85,78,377,79,367,94,361,70.5
2026-04-17 10:07:22 PM,KXATPCHALLENGERMATCH-26APR18ROYHOU-ROY,65,323,64,338,63,10,62,7,61,7,76,50,77,85,78,377,79,1000,94,361,70.5
2026-04-17 10:07:22 PM,KXATPCHALLENGERMATCH-26APR18ROYHOU-ROY,65,323,64,338,63,10,62,7,61,7,76,50,77,85,78,10,79,1000,94,361,70.5
2026-04-17 10:07:22 PM,KXATPCHALLENGERMATCH-26APR18ROYHOU-ROY,65,323,64,338,63,10,62,7,61,7,76,50,77,85,78,10,79,633,94,361,70.5
2026-04-17 10:07:22 PM,KXATPCHALLENGERMATCH-26APR18ROYHOU-ROY,65,323,64,338,63,10,62,7,61,7,76,50,77,85,78,10,94,361,95,26,70.5
2026-04-17 10:07:23 PM,KXATPCHALLENGERMATCH-26APR18ROYHOU-ROY,65,323,64,338,63,10,62,7,61,7,76,417,77,85,78,10,94,361,95,26,70.5
2026-04-17 10:07:23 PM,KXATPCHALLENGERMATCH-26APR18ROYHOU-ROY,65,323,64,338,63,10,62,7,61,7,76,417,78,10,94,361,95,26,96,543,70.5
2026-04-17 10:07:23 PM,KXATPCHALLENGERMATCH-26APR18ROYHOU-ROY,65,323,64,338,63,10,62,7,61,7,76,417,94,361,95,26,96,543,97,78,70.5
2026-04-17 10:07:23 PM,KXATPCHALLENGERMATCH-26APR18ROYHOU-ROY,65,323,64,338,63,10,62,7,61,7,76,417,77,1000,94,361,95,26,96,543,70.5
2026-04-17 10:07:23 PM,KXATPCHALLENGERMATCH-26APR18ROYHOU-ROY,65,323,64,338,63,10,62,7,61,7,75,65,76,417,77,1000,94,361,95,26,70.0
2026-04-17 10:07:23 PM,KXATPCHALLENGERMATCH-26APR18ROYHOU-ROY,65,323,64,338,63,10,62,7,61,7,75,65,76,417,77,1000,93,51,94,361,70.0
2026-04-17 10:07:23 PM,KXATPCHALLENGERMATCH-26APR18ROYHOU-ROY,65,323,64,338,63,10,62,7,61,7,75,65,76,417,93,51,94,361,95,26,70.0
2026-04-17 10:07:23 PM,KXATPCHALLENGERMATCH-26APR18ROYHOU-ROY,65,323,64,338,63,10,62,7,61,7,75,432,76,417,93,51,94,361,95,26,70.0
2026-04-17 10:07:23 PM,KXATPCHALLENGERMATCH-26APR18ROYHOU-ROY,65,323,64,338,63,10,62,7,61,7,75,432,76,1050,93,51,94,361,95,26,70.0
2026-04-17 10:07:23 PM,KXATPCHALLENGERMATCH-26APR18ROYHOU-ROY,65,323,64,338,63,10,62,7,61,7,75,432,76,1000,93,51,94,361,95,26,70.0
2026-04-17 10:07:23 PM,KXATPCHALLENGERMATCH-26APR18ROYHOU-ROY,65,323,64,338,63,10,62,7,61,7,74,46,75,432,76,1000,93,51,94,361,69.5
2026-04-17 10:07:23 PM,KXATPCHALLENGERMATCH-26APR18ROYHOU-ROY,65,323,64,338,63,10,62,7,61,7,73,45,74,46,75,432,76,1000,93,51,69.0
2026-04-17 10:07:23 PM,KXATPCHALLENGERMATCH-26APR18ROYHOU-ROY,65,323,64,338,63,10,62,7,61,7,73,45,74,46,75,367,76,1000,93,51,69.0
2026-04-17 10:07:23 PM,KXATPCHALLENGERMATCH-26APR18ROYHOU-ROY,65,323,64,338,63,10,62,7,61,7,73,45,74,56,75,367,76,1000,93,51,69.0
2026-04-17 10:07:23 PM,KXATPCHALLENGERMATCH-26APR18ROYHOU-ROY,65,323,64,338,63,10,62,7,61,7,73,45,74,56,75,367,76,1000,94,361,69.0
2026-04-17 10:07:23 PM,KXATPCHALLENGERMATCH-26APR18ROYHOU-ROY,65,323,64,338,63,10,62,7,61,7,73,45,74,56,75,367,76,633,94,361,69.0
2026-04-17 10:07:23 PM,KXATPCHALLENGERMATCH-26APR18ROYHOU-ROY,65,323,64,338,63,10,62,7,61,7,73,45,74,56,75,367,94,361,95,26,69.0
2026-04-17 10:07:23 PM,KXATPCHALLENGERMATCH-26APR18ROYHOU-ROY,65,323,64,338,63,10,62,7,61,7,73,45,74,10,75,367,94,361,95,26,69.0
2026-04-17 10:07:23 PM,KXATPCHALLENGERMATCH-26APR18ROYHOU-ROY,65,323,64,338,63,10,62,7,61,7,72,42,73,45,74,10,75,367,94,361,68.5
2026-04-17 10:07:23 PM,KXATPCHALLENGERMATCH-26APR18ROYHOU-ROY,65,323,64,338,63,10,62,7,61,7,72,42,73,45,74,377,75,367,94,361,68.5
2026-04-17 10:07:23 PM,KXATPCHALLENGERMATCH-26APR18ROYHOU-ROY,65,323,64,338,63,10,62,7,61,7,72,42,73,45,74,377,75,1000,94,361,68.5
2026-04-17 10:07:24 PM,KXATPCHALLENGERMATCH-26APR18ROYHOU-ROY,65,323,64,338,63,10,62,7,61,7,72,42,73,45,74,10,75,1000,94,361,68.5
2026-04-17 10:07:24 PM,KXATPCHALLENGERMATCH-26APR18ROYHOU-ROY,65,323,64,338,63,10,62,7,61,7,72,42,73,45,74,10,75,633,94,361,68.5
2026-04-17 10:07:24 PM,KXATPCHALLENGERMATCH-26APR18ROYHOU-ROY,65,323,64,338,63,10,62,7,61,7,72,42,73,45,74,10,94,361,95,26,68.5
2026-04-17 10:07:24 PM,KXATPCHALLENGERMATCH-26APR18ROYHOU-ROY,65,323,64,338,63,10,62,7,61,7,72,42,74,10,94,361,95,26,96,543,68.5
2026-04-17 10:07:24 PM,KXATPCHALLENGERMATCH-26APR18ROYHOU-ROY,65,323,64,338,63,10,62,7,61,7,71,25,72,42,74,10,94,361,95,26,68.0
2026-04-17 10:07:24 PM,KXATPCHALLENGERMATCH-26APR18ROYHOU-ROY,65,323,64,338,63,10,62,7,61,7,71,25,72,42,94,361,95,26,96,543,68.0
2026-04-17 10:07:24 PM,KXATPCHALLENGERMATCH-26APR18ROYHOU-ROY,65,323,64,338,63,10,62,7,61,7,71,25,72,42,93,91,94,361,95,26,68.0
2026-04-17 10:07:24 PM,KXATPCHALLENGERMATCH-26APR18ROYHOU-ROY,65,323,64,338,63,10,62,7,61,7,71,25,72,409,93,91,94,361,95,26,68.0
2026-04-17 10:07:24 PM,KXATPCHALLENGERMATCH-26APR18ROYHOU-ROY,65,323,64,338,63,10,62,7,61,7,71,25,72,409,73,1000,93,91,94,361,68.0
2026-04-17 10:07:24 PM,KXATPCHALLENGERMATCH-26APR18ROYHOU-ROY,65,323,64,338,63,10,62,7,61,7,71,25,72,409,93,91,94,361,95,26,68.0
2026-04-17 10:07:24 PM,KXATPCHALLENGERMATCH-26APR18ROYHOU-ROY,65,323,64,338,63,10,62,7,61,7,71,25,72,367,93,91,94,361,95,26,68.0
2026-04-17 10:07:24 PM,KXATPCHALLENGERMATCH-26APR18ROYHOU-ROY,65,323,64,338,63,10,62,7,61,7,71,392,72,367,93,91,94,361,95,26,68.0
2026-04-17 10:07:24 PM,KXATPCHALLENGERMATCH-26APR18ROYHOU-ROY,65,323,64,338,63,10,62,7,61,7,71,392,72,1000,93,91,94,361,95,26,68.0
2026-04-17 10:07:24 PM,KXATPCHALLENGERMATCH-26APR18ROYHOU-ROY,65,323,64,338,63,10,62,7,61,7,71,392,72,1000,94,361,95,26,96,543,68.0
2026-04-17 10:07:24 PM,KXATPCHALLENGERMATCH-26APR18ROYHOU-ROY,65,323,64,338,63,10,62,7,61,7,71,367,72,1000,94,361,95,26,96,543,68.0
2026-04-17 10:07:24 PM,KXATPCHALLENGERMATCH-26APR18ROYHOU-ROY,65,323,64,338,63,10,62,7,61,7,70,15,71,367,72,1000,94,361,95,26,67.5
2026-04-17 10:07:24 PM,KXATPCHALLENGERMATCH-26APR18ROYHOU-ROY,65,323,64,338,63,10,62,7,61,7,70,15,71,367,72,633,94,361,95,26,67.5
2026-04-17 10:07:24 PM,KXATPCHALLENGERMATCH-26APR18ROYHOU-ROY,65,323,64,338,63,10,62,7,61,7,70,15,71,367,94,361,95,26,96,543,67.5
2026-04-17 10:07:24 PM,KXATPCHALLENGERMATCH-26APR18ROYHOU-ROY,65,323,64,338,63,10,62,7,61,7,70,382,71,367,94,361,95,26,96,543,67.5
2026-04-17 10:07:24 PM,KXATPCHALLENGERMATCH-26APR18ROYHOU-ROY,65,323,64,338,63,10,62,7,61,7,70,382,71,1000,94,361,95,26,96,543,67.5
2026-04-17 10:07:25 PM,KXATPCHALLENGERMATCH-26APR18ROYHOU-ROY,65,323,64,338,63,10,62,7,61,7,70,382,71,1010,94,361,95,26,96,543,67.5
2026-04-17 10:08:32 PM,KXATPCHALLENGERMATCH-26APR18ROYHOU-ROY,65,375,64,338,63,10,62,7,61,7,70,382,71,1010,94,361,95,26,96,543,67.5
2026-04-17 10:11:09 PM,KXATPCHALLENGERMATCH-26APR18ROYHOU-ROY,65,375,64,338,63,10,62,7,61,7,70,381,71,1010,94,361,95,26,96,543,67.5
2026-04-17 10:12:59 PM,KXATPCHALLENGERMATCH-26APR18ROYHOU-ROY,65,375,64,338,63,10,62,7,61,7,70,381,71,1010,89,1,94,361,95,26,67.5
2026-04-17 10:12:59 PM,KXATPCHALLENGERMATCH-26APR18ROYHOU-ROY,65,375,64,338,63,10,62,7,61,7,70,381,71,1010,84,1,89,1,94,361,67.5
2026-04-17 10:16:57 PM,KXATPCHALLENGERMATCH-26APR18ROYHOU-ROY,65,375,64,338,63,10,62,7,61,7,70,381,71,1010,84,1,89,1,93,133,67.5
2026-04-17 10:18:58 PM,KXATPCHALLENGERMATCH-26APR18ROYHOU-ROY,65,375,64,323,63,10,62,7,61,7,70,381,71,1010,84,1,89,1,93,133,67.5
2026-04-17 10:18:58 PM,KXATPCHALLENGERMATCH-26APR18ROYHOU-ROY,65,375,64,323,62,7,61,7,60,400,70,381,71,1010,84,1,89,1,93,133,67.5
2026-04-17 10:18:58 PM,KXATPCHALLENGERMATCH-26APR18ROYHOU-ROY,65,375,64,323,62,7,61,7,60,400,70,367,71,1010,84,1,89,1,93,133,67.5
2026-04-17 10:18:58 PM,KXATPCHALLENGERMATCH-26APR18ROYHOU-ROY,66,1,65,375,64,323,62,7,61,7,70,367,71,1010,84,1,89,1,93,133,68.0
2026-04-17 10:18:58 PM,KXATPCHALLENGERMATCH-26APR18ROYHOU-ROY,66,1,65,386,64,323,62,7,61,7,70,367,71,1010,84,1,89,1,93,133,68.0
2026-04-17 10:18:58 PM,KXATPCHALLENGERMATCH-26APR18ROYHOU-ROY,66,1,65,386,64,323,62,7,61,7,70,367,71,1015,84,1,89,1,93,133,68.0
2026-04-17 10:18:58 PM,KXATPCHALLENGERMATCH-26APR18ROYHOU-ROY,66,1,65,386,64,323,62,7,61,7,70,367,71,1015,83,100,84,1,89,1,68.0
2026-04-17 10:18:58 PM,KXATPCHALLENGERMATCH-26APR18ROYHOU-ROY,66,1,65,334,64,323,62,7,61,7,70,367,71,1015,83,100,84,1,89,1,68.0
2026-04-17 10:18:58 PM,KXATPCHALLENGERMATCH-26APR18ROYHOU-ROY,66,36,65,334,64,323,62,7,61,7,70,367,71,1015,83,100,84,1,89,1,68.0
2026-04-17 10:24:54 PM,KXATPCHALLENGERMATCH-26APR18ROYHOU-ROY,66,36,65,334,64,323,62,7,61,7,70,267,71,1015,83,100,84,1,89,1,68.0
2026-04-17 10:24:54 PM,KXATPCHALLENGERMATCH-26APR18ROYHOU-ROY,66,36,65,384,64,323,62,7,61,7,70,267,71,1015,83,100,84,1,89,1,68.0
2026-04-17 10:24:54 PM,KXATPCHALLENGERMATCH-26APR18ROYHOU-ROY,66,36,65,384,64,373,62,7,61,7,70,267,71,1015,83,100,84,1,89,1,68.0
2026-04-17 10:25:27 PM,KXATPCHALLENGERMATCH-26APR18ROYHOU-ROY,66,36,65,384,64,373,62,7,61,7,70,266,71,1015,83,100,84,1,89,1,68.0
2026-04-17 10:36:07 PM,KXATPCHALLENGERMATCH-26APR18ROYHOU-ROY,66,36,65,384,64,373,62,7,61,7,70,266,71,1015,83,100,84,1,89,508,68.0
2026-04-17 10:36:07 PM,KXATPCHALLENGERMATCH-26APR18ROYHOU-ROY,66,36,65,384,64,373,62,7,61,7,70,266,71,1015,83,100,84,1,88,456,68.0
2026-04-17 10:36:07 PM,KXATPCHALLENGERMATCH-26APR18ROYHOU-ROY,66,36,65,384,64,373,62,7,61,7,70,266,71,1015,83,100,84,1,87,372,68.0
2026-04-17 10:37:11 PM,KXATPCHALLENGERMATCH-26APR18ROYHOU-ROY,66,36,65,469,64,373,62,7,61,7,70,266,71,1015,83,100,84,1,87,372,68.0
2026-04-17 10:37:11 PM,KXATPCHALLENGERMATCH-26APR18ROYHOU-ROY,66,36,65,469,64,493,62,7,61,7,70,266,71,1015,83,100,84,1,87,372,68.0
2026-04-17 10:37:11 PM,KXATPCHALLENGERMATCH-26APR18ROYHOU-ROY,66,36,65,469,64,493,62,7,61,7,69,91,70,266,71,1015,83,100,84,1,67.5
2026-04-17 10:37:11 PM,KXATPCHALLENGERMATCH-26APR18ROYHOU-ROY,66,35,65,469,64,493,62,7,61,7,69,91,70,266,71,1015,83,100,84,1,67.5
2026-04-17 10:37:11 PM,KXATPCHALLENGERMATCH-26APR18ROYHOU-ROY,65,469,64,493,62,7,61,7,60,400,69,91,70,266,71,1015,83,100,84,1,67.0
2026-04-17 10:37:11 PM,KXATPCHALLENGERMATCH-26APR18ROYHOU-ROY,65,505,64,493,62,7,61,7,60,400,69,91,70,266,71,1015,83,100,84,1,67.0
2026-04-17 10:37:11 PM,KXATPCHALLENGERMATCH-26APR18ROYHOU-ROY,65,505,64,504,62,7,61,7,60,400,69,91,70,266,71,1015,83,100,84,1,67.0
2026-04-17 10:37:11 PM,KXATPCHALLENGERMATCH-26APR18ROYHOU-ROY,65,505,64,588,62,7,61,7,60,400,69,91,70,266,71,1015,83,100,84,1,67.0
2026-04-17 10:37:11 PM,KXATPCHALLENGERMATCH-26APR18ROYHOU-ROY,65,562,64,588,62,7,61,7,60,400,69,91,70,266,71,1015,83,100,84,1,67.0
2026-04-17 10:37:11 PM,KXATPCHALLENGERMATCH-26APR18ROYHOU-ROY,65,562,64,588,62,7,61,7,60,400,68,96,69,91,70,266,71,1015,83,100,66.5
2026-04-17 10:37:11 PM,KXATPCHALLENGERMATCH-26APR18ROYHOU-ROY,65,562,64,588,62,7,61,7,60,400,68,153,69,91,70,266,71,1015,83,100,66.5
2026-04-17 10:37:11 PM,KXATPCHALLENGERMATCH-26APR18ROYHOU-ROY,65,562,64,588,62,7,61,7,60,400,68,153,69,152,70,266,71,1015,83,100,66.5
2026-04-17 10:37:11 PM,KXATPCHALLENGERMATCH-26APR18ROYHOU-ROY,65,562,64,588,62,7,61,7,60,400,68,153,69,152,70,266,71,648,83,100,66.5
2026-04-17 10:37:11 PM,KXATPCHALLENGERMATCH-26APR18ROYHOU-ROY,65,562,64,588,62,7,61,7,60,400,68,153,69,152,70,266,71,15,83,100,66.5
2026-04-17 10:37:11 PM,KXATPCHALLENGERMATCH-26APR18ROYHOU-ROY,65,562,64,588,62,7,61,7,60,400,68,153,69,152,70,358,71,15,83,100,66.5
2026-04-17 10:37:11 PM,KXATPCHALLENGERMATCH-26APR18ROYHOU-ROY,65,562,64,588,62,7,61,7,60,400,68,153,69,418,70,358,71,15,83,100,66.5
2026-04-17 10:37:11 PM,KXATPCHALLENGERMATCH-26APR18ROYHOU-ROY,65,562,64,588,62,7,61,7,60,400,68,153,69,418,70,1092,71,15,83,100,66.5
2026-04-17 10:37:12 PM,KXATPCHALLENGERMATCH-26APR18ROYHOU-ROY,65,562,64,588,62,7,61,7,60,400,68,153,69,418,70,826,71,15,83,100,66.5
2026-04-17 10:37:12 PM,KXATPCHALLENGERMATCH-26APR18ROYHOU-ROY,65,562,64,588,62,7,61,7,60,400,68,153,69,418,70,92,71,15,83,100,66.5
2026-04-17 10:37:12 PM,KXATPCHALLENGERMATCH-26APR18ROYHOU-ROY,65,562,64,588,62,7,61,7,60,400,68,419,69,418,70,92,71,15,83,100,66.5
2026-04-17 10:37:12 PM,KXATPCHALLENGERMATCH-26APR18ROYHOU-ROY,65,562,64,588,62,7,61,7,60,400,68,419,69,1152,70,92,71,15,83,100,66.5
2026-04-17 10:37:12 PM,KXATPCHALLENGERMATCH-26APR18ROYHOU-ROY,65,562,64,588,62,7,61,7,60,400,68,153,69,1152,70,92,71,15,83,100,66.5
2026-04-17 10:37:13 PM,KXATPCHALLENGERMATCH-26APR18ROYHOU-ROY,65,562,64,588,62,7,61,7,60,400,68,57,69,1152,70,92,71,15,83,100,66.5
2026-04-17 10:37:13 PM,KXATPCHALLENGERMATCH-26APR18ROYHOU-ROY,65,562,64,588,62,7,61,7,60,400,68,57,69,418,70,92,71,15,83,100,66.5
2026-04-17 10:37:13 PM,KXATPCHALLENGERMATCH-26APR18ROYHOU-ROY,65,562,64,588,62,7,61,7,60,400,68,57,69,418,70,149,71,15,83,100,66.5
2026-04-17 10:37:13 PM,KXATPCHALLENGERMATCH-26APR18ROYHOU-ROY,65,562,64,588,62,7,61,7,60,400,68,57,69,418,70,1149,71,15,83,100,66.5
2026-04-17 10:37:13 PM,KXATPCHALLENGERMATCH-26APR18ROYHOU-ROY,65,562,64,588,62,7,61,7,60,400,69,418,70,1149,71,15,83,100,84,1,67.0
2026-04-17 10:37:13 PM,KXATPCHALLENGERMATCH-26APR18ROYHOU-ROY,65,562,64,387,62,7,61,7,60,400,69,418,70,1149,71,15,83,100,84,1,67.0
2026-04-17 10:37:13 PM,KXATPCHALLENGERMATCH-26APR18ROYHOU-ROY,65,562,64,347,62,7,61,7,60,400,69,418,70,1149,71,15,83,100,84,1,67.0
2026-04-17 10:37:13 PM,KXATPCHALLENGERMATCH-26APR18ROYHOU-ROY,65,562,64,337,62,7,61,7,60,400,69,418,70,1149,71,15,83,100,84,1,67.0
2026-04-17 10:37:13 PM,KXATPCHALLENGERMATCH-26APR18ROYHOU-ROY,65,562,64,297,62,7,61,7,60,400,69,418,70,1149,71,15,83,100,84,1,67.0
2026-04-17 10:37:13 PM,KXATPCHALLENGERMATCH-26APR18ROYHOU-ROY,65,562,64,272,62,7,61,7,60,400,69,418,70,1149,71,15,83,100,84,1,67.0
2026-04-17 10:37:13 PM,KXATPCHALLENGERMATCH-26APR18ROYHOU-ROY,65,562,64,222,62,7,61,7,60,400,69,418,70,1149,71,15,83,100,84,1,67.0
2026-04-17 10:37:14 PM,KXATPCHALLENGERMATCH-26APR18ROYHOU-ROY,66,367,65,562,64,222,62,7,61,7,69,418,70,1149,71,15,83,100,84,1,67.5
2026-04-17 10:37:14 PM,KXATPCHALLENGERMATCH-26APR18ROYHOU-ROY,66,368,65,562,64,222,62,7,61,7,69,418,70,1149,71,15,83,100,84,1,67.5
2026-04-17 10:37:14 PM,KXATPCHALLENGERMATCH-26APR18ROYHOU-ROY,66,368,65,562,64,211,62,7,61,7,69,418,70,1149,71,15,83,100,84,1,67.5
2026-04-17 10:37:14 PM,KXATPCHALLENGERMATCH-26APR18ROYHOU-ROY,66,368,65,551,64,211,62,7,61,7,69,418,70,1149,71,15,83,100,84,1,67.5
2026-04-17 10:37:14 PM,KXATPCHALLENGERMATCH-26APR18ROYHOU-ROY,66,368,65,515,64,211,62,7,61,7,69,418,70,1149,71,15,83,100,84,1,67.5
2026-04-17 10:37:14 PM,KXATPCHALLENGERMATCH-26APR18ROYHOU-ROY,66,1,65,515,64,211,62,7,61,7,69,418,70,1149,71,15,83,100,84,1,67.5
2026-04-17 10:37:14 PM,KXATPCHALLENGERMATCH-26APR18ROYHOU-ROY,66,1,65,515,64,578,62,7,61,7,69,418,70,1149,71,15,83,100,84,1,67.5
2026-04-17 10:37:14 PM,KXATPCHALLENGERMATCH-26APR18ROYHOU-ROY,66,1,65,562,64,578,62,7,61,7,69,418,70,1149,71,15,83,100,84,1,67.5
2026-04-17 10:37:14 PM,KXATPCHALLENGERMATCH-26APR18ROYHOU-ROY,66,1,65,562,64,589,62,7,61,7,69,418,70,1149,71,15,83,100,84,1,67.5
2026-04-17 10:37:14 PM,KXATPCHALLENGERMATCH-26APR18ROYHOU-ROY,65,562,64,589,62,7,61,7,60,400,69,418,70,1149,71,15,83,100,84,1,67.0
2026-04-17 10:37:15 PM,KXATPCHALLENGERMATCH-26APR18ROYHOU-ROY,65,562,64,222,62,7,61,7,60,400,69,418,70,1149,71,15,83,100,84,1,67.0
2026-04-17 10:37:16 PM,KXATPCHALLENGERMATCH-26APR18ROYHOU-ROY,66,367,65,562,64,222,62,7,61,7,69,418,70,1149,71,15,83,100,84,1,67.5
2026-04-17 10:37:16 PM,KXATPCHALLENGERMATCH-26APR18ROYHOU-ROY,66,368,65,562,64,222,62,7,61,7,69,418,70,1149,71,15,83,100,84,1,67.5
2026-04-17 10:37:16 PM,KXATPCHALLENGERMATCH-26APR18ROYHOU-ROY,66,368,65,562,64,211,62,7,61,7,69,418,70,1149,71,15,83,100,84,1,67.5
2026-04-17 10:37:16 PM,KXATPCHALLENGERMATCH-26APR18ROYHOU-ROY,66,368,65,515,64,211,62,7,61,7,69,418,70,1149,71,15,83,100,84,1,67.5
2026-04-17 10:37:16 PM,KXATPCHALLENGERMATCH-26APR18ROYHOU-ROY,66,1,65,515,64,211,62,7,61,7,69,418,70,1149,71,15,83,100,84,1,67.5
2026-04-17 10:37:16 PM,KXATPCHALLENGERMATCH-26APR18ROYHOU-ROY,66,1,65,515,64,578,62,7,61,7,69,418,70,1149,71,15,83,100,84,1,67.5
2026-04-17 10:37:16 PM,KXATPCHALLENGERMATCH-26APR18ROYHOU-ROY,65,515,64,578,62,7,61,7,60,400,69,418,70,1149,71,15,83,100,84,1,67.0
2026-04-17 10:37:16 PM,KXATPCHALLENGERMATCH-26APR18ROYHOU-ROY,65,562,64,578,62,7,61,7,60,400,69,418,70,1149,71,15,83,100,84,1,67.0
2026-04-17 10:37:16 PM,KXATPCHALLENGERMATCH-26APR18ROYHOU-ROY,65,562,64,589,62,7,61,7,60,400,69,418,70,1149,71,15,83,100,84,1,67.0
2026-04-17 10:37:16 PM,KXATPCHALLENGERMATCH-26APR18ROYHOU-ROY,65,614,64,589,62,7,61,7,60,400,69,418,70,1149,71,15,83,100,84,1,67.0
2026-04-17 10:37:16 PM,KXATPCHALLENGERMATCH-26APR18ROYHOU-ROY,65,614,64,222,62,7,61,7,60,400,69,418,70,1149,71,15,83,100,84,1,67.0
2026-04-17 10:37:16 PM,KXATPCHALLENGERMATCH-26APR18ROYHOU-ROY,66,367,65,614,64,222,62,7,61,7,69,418,70,1149,71,15,83,100,84,1,67.5
2026-04-17 10:37:16 PM,KXATPCHALLENGERMATCH-26APR18ROYHOU-ROY,66,367,65,614,64,222,62,7,61,7,69,418,70,1149,71,15,83,100,84,43,67.5
2026-04-17 10:37:17 PM,KXATPCHALLENGERMATCH-26APR18ROYHOU-ROY,66,368,65,614,64,222,62,7,61,7,69,418,70,1149,71,15,83,100,84,43,67.5
2026-04-17 10:37:17 PM,KXATPCHALLENGERMATCH-26APR18ROYHOU-ROY,66,368,65,614,64,211,62,7,61,7,69,418,70,1149,71,15,83,100,84,43,67.5
2026-04-17 10:37:17 PM,KXATPCHALLENGERMATCH-26APR18ROYHOU-ROY,66,368,65,567,64,211,62,7,61,7,69,418,70,1149,71,15,83,100,84,43,67.5
2026-04-17 10:37:17 PM,KXATPCHALLENGERMATCH-26APR18ROYHOU-ROY,66,1,65,567,64,211,62,7,61,7,69,418,70,1149,71,15,83,100,84,43,67.5
2026-04-17 10:37:17 PM,KXATPCHALLENGERMATCH-26APR18ROYHOU-ROY,66,1,65,567,64,578,62,7,61,7,69,418,70,1149,71,15,83,100,84,43,67.5
2026-04-17 10:37:17 PM,KXATPCHALLENGERMATCH-26APR18ROYHOU-ROY,66,1,65,567,64,211,62,7,61,7,69,418,70,1149,71,15,83,100,84,43,67.5
2026-04-17 10:37:17 PM,KXATPCHALLENGERMATCH-26APR18ROYHOU-ROY,66,368,65,567,64,211,62,7,61,7,69,418,70,1149,71,15,83,100,84,43,67.5
2026-04-17 10:37:17 PM,KXATPCHALLENGERMATCH-26APR18ROYHOU-ROY,66,404,65,567,64,211,62,7,61,7,69,418,70,1149,71,15,83,100,84,43,67.5
2026-04-17 10:37:17 PM,KXATPCHALLENGERMATCH-26APR18ROYHOU-ROY,66,404,65,577,64,211,62,7,61,7,69,418,70,1149,71,15,83,100,84,43,67.5
2026-04-17 10:37:17 PM,KXATPCHALLENGERMATCH-26APR18ROYHOU-ROY,66,404,65,525,64,211,62,7,61,7,69,418,70,1149,71,15,83,100,84,43,67.5
2026-04-17 10:38:22 PM,KXATPCHALLENGERMATCH-26APR18ROYHOU-ROY,67,113,66,404,65,525,64,211,62,7,69,418,70,1149,71,15,83,100,84,43,68.0
2026-04-17 10:38:22 PM,KXATPCHALLENGERMATCH-26APR18ROYHOU-ROY,67,113,66,404,65,525,64,211,62,7,69,418,70,1149,71,15,73,88,83,100,68.0
2026-04-17 10:38:22 PM,KXATPCHALLENGERMATCH-26APR18ROYHOU-ROY,67,113,66,404,65,525,64,211,62,7,69,327,70,1149,71,15,73,88,83,100,68.0
2026-04-17 10:38:22 PM,KXATPCHALLENGERMATCH-26APR18ROYHOU-ROY,67,113,66,404,65,525,64,211,62,7,69,327,70,1057,71,15,73,88,83,100,68.0
2026-04-17 10:38:22 PM,KXATPCHALLENGERMATCH-26APR18ROYHOU-ROY,67,113,66,404,65,525,64,211,62,7,69,327,70,1057,71,15,72,85,73,88,68.0
2026-04-17 10:38:22 PM,KXATPCHALLENGERMATCH-26APR18ROYHOU-ROY,67,113,66,404,65,515,64,211,62,7,69,327,70,1057,71,15,72,85,73,88,68.0
2026-04-17 10:38:22 PM,KXATPCHALLENGERMATCH-26APR18ROYHOU-ROY,67,113,66,403,65,515,64,211,62,7,69,327,70,1057,71,15,72,85,73,88,68.0
2026-04-17 10:38:22 PM,KXATPCHALLENGERMATCH-26APR18ROYHOU-ROY,67,113,66,367,65,515,64,211,62,7,69,327,70,1057,71,15,72,85,73,88,68.0
2026-04-17 10:38:22 PM,KXATPCHALLENGERMATCH-26APR18ROYHOU-ROY,67,139,66,367,65,515,64,211,62,7,69,327,70,1057,71,15,72,85,73,88,68.0
2026-04-17 10:38:22 PM,KXATPCHALLENGERMATCH-26APR18ROYHOU-ROY,67,139,66,367,65,515,64,211,62,7,69,327,70,1000,71,15,72,85,73,88,68.0
2026-04-17 10:38:22 PM,KXATPCHALLENGERMATCH-26APR18ROYHOU-ROY,67,139,66,367,65,515,64,211,62,7,69,266,70,1000,71,15,72,85,73,88,68.0
2026-04-17 10:38:22 PM,KXATPCHALLENGERMATCH-26APR18ROYHOU-ROY,67,215,66,367,65,515,64,211,62,7,69,266,70,1000,71,15,72,85,73,88,68.0
2026-04-17 10:38:22 PM,KXATPCHALLENGERMATCH-26APR18ROYHOU-ROY,67,215,66,438,65,515,64,211,62,7,69,266,70,1000,71,15,72,85,73,88,68.0
2026-04-17 10:38:22 PM,KXATPCHALLENGERMATCH-26APR18ROYHOU-ROY,67,215,66,438,65,515,64,211,62,7,69,266,70,1000,71,71,72,85,73,88,68.0
2026-04-17 10:38:22 PM,KXATPCHALLENGERMATCH-26APR18ROYHOU-ROY,67,215,66,490,65,515,64,211,62,7,69,266,70,1000,71,71,72,85,73,88,68.0
2026-04-17 10:38:22 PM,KXATPCHALLENGERMATCH-26APR18ROYHOU-ROY,67,215,66,490,65,515,64,211,62,7,69,266,70,1000,71,71,72,142,73,88,68.0
2026-04-17 10:38:23 PM,KXATPCHALLENGERMATCH-26APR18ROYHOU-ROY,67,215,66,490,65,515,64,211,62,7,70,1000,71,71,72,142,73,88,83,100,68.5
2026-04-17 10:38:23 PM,KXATPCHALLENGERMATCH-26APR18ROYHOU-ROY,67,215,66,491,65,515,64,211,62,7,70,1000,71,71,72,142,73,88,83,100,68.5
2026-04-17 10:38:23 PM,KXATPCHALLENGERMATCH-26APR18ROYHOU-ROY,67,215,66,491,65,515,64,211,62,7,70,1000,71,71,72,142,73,88,84,43,68.5
2026-04-17 10:38:23 PM,KXATPCHALLENGERMATCH-26APR18ROYHOU-ROY,67,215,66,491,65,515,64,211,62,7,70,1000,71,71,72,152,73,88,84,43,68.5
2026-04-17 10:38:23 PM,KXATPCHALLENGERMATCH-26APR18ROYHOU-ROY,67,215,66,491,65,515,64,211,62,7,70,266,71,71,72,152,73,88,84,43,68.5
2026-04-17 10:38:23 PM,KXATPCHALLENGERMATCH-26APR18ROYHOU-ROY,67,215,66,491,65,515,64,211,62,7,70,266,71,1071,72,152,73,88,84,43,68.5
2026-04-17 10:38:23 PM,KXATPCHALLENGERMATCH-26APR18ROYHOU-ROY,67,215,66,501,65,515,64,211,62,7,70,266,71,1071,72,152,73,88,84,43,68.5
2026-04-17 10:38:58 PM,KXATPCHALLENGERMATCH-26APR18ROYHOU-ROY,67,215,66,501,65,515,64,211,62,7,71,1071,72,152,73,88,84,43,86,177,69.0
2026-04-17 10:38:58 PM,KXATPCHALLENGERMATCH-26APR18ROYHOU-ROY,67,215,66,501,65,515,64,211,62,7,71,337,72,152,73,88,84,43,86,177,69.0
2026-04-17 10:38:59 PM,KXATPCHALLENGERMATCH-26APR18ROYHOU-ROY,67,215,66,501,65,515,64,211,62,7,71,337,72,1152,73,88,84,43,86,177,69.0
2026-04-17 10:38:59 PM,KXATPCHALLENGERMATCH-26APR18ROYHOU-ROY,67,215,66,134,65,515,64,211,62,7,71,337,72,1152,73,88,84,43,86,177,69.0
2026-04-17 10:38:59 PM,KXATPCHALLENGERMATCH-26APR18ROYHOU-ROY,67,215,66,134,65,199,64,211,62,7,71,337,72,1152,73,88,84,43,86,177,69.0
2026-04-17 10:38:59 PM,KXATPCHALLENGERMATCH-26APR18ROYHOU-ROY,67,215,66,134,65,149,64,211,62,7,71,337,72,1152,73,88,84,43,86,177,69.0
2026-04-17 10:38:59 PM,KXATPCHALLENGERMATCH-26APR18ROYHOU-ROY,68,367,67,215,66,134,65,149,64,211,71,337,72,1152,73,88,84,43,86,177,69.5
2026-04-17 10:38:59 PM,KXATPCHALLENGERMATCH-26APR18ROYHOU-ROY,68,383,67,215,66,134,65,149,64,211,71,337,72,1152,73,88,84,43,86,177,69.5
2026-04-17 10:38:59 PM,KXATPCHALLENGERMATCH-26APR18ROYHOU-ROY,68,383,67,215,66,133,65,149,64,211,71,337,72,1152,73,88,84,43,86,177,69.5
2026-04-17 10:38:59 PM,KXATPCHALLENGERMATCH-26APR18ROYHOU-ROY,68,383,67,215,66,123,65,149,64,211,71,337,72,1152,73,88,84,43,86,177,69.5
2026-04-17 10:38:59 PM,KXATPCHALLENGERMATCH-26APR18ROYHOU-ROY,68,383,67,189,66,123,65,149,64,211,71,337,72,1152,73,88,84,43,86,177,69.5
2026-04-17 10:38:59 PM,KXATPCHALLENGERMATCH-26APR18ROYHOU-ROY,68,383,67,556,66,123,65,149,64,211,71,337,72,1152,73,88,84,43,86,177,69.5
2026-04-17 10:38:59 PM,KXATPCHALLENGERMATCH-26APR18ROYHOU-ROY,68,383,67,557,66,123,65,149,64,211,71,337,72,1152,73,88,84,43,86,177,69.5
2026-04-17 10:39:00 PM,KXATPCHALLENGERMATCH-26APR18ROYHOU-ROY,68,383,67,566,66,123,65,149,64,211,71,337,72,1152,73,88,84,43,86,177,69.5
2026-04-17 10:39:41 PM,KXATPCHALLENGERMATCH-26APR18ROYHOU-ROY,68,383,67,566,66,123,65,149,64,611,71,337,72,1152,73,88,84,43,86,177,69.5
2026-04-17 10:44:28 PM,KXATPCHALLENGERMATCH-26APR18ROYHOU-ROY,68,383,67,566,66,123,65,149,64,611,71,327,72,1152,73,88,84,43,86,177,69.5
2026-04-17 10:44:28 PM,KXATPCHALLENGERMATCH-26APR18ROYHOU-ROY,68,383,67,566,66,123,65,149,64,611,71,322,72,1152,73,88,84,43,86,177,69.5
2026-04-17 10:44:28 PM,KXATPCHALLENGERMATCH-26APR18ROYHOU-ROY,68,383,67,566,66,123,65,149,64,611,71,266,72,1152,73,88,84,43,86,177,69.5
2026-04-17 10:44:28 PM,KXATPCHALLENGERMATCH-26APR18ROYHOU-ROY,68,383,67,566,66,123,65,149,64,611,71,202,72,1152,73,88,84,43,86,177,69.5
2026-04-17 10:44:28 PM,KXATPCHALLENGERMATCH-26APR18ROYHOU-ROY,68,383,67,566,66,123,65,149,64,611,71,208,72,1152,73,88,84,43,86,177,69.5
2026-04-17 10:44:28 PM,KXATPCHALLENGERMATCH-26APR18ROYHOU-ROY,68,383,67,566,66,123,65,149,64,527,71,208,72,1152,73,88,84,43,86,177,69.5
2026-04-17 10:44:28 PM,KXATPCHALLENGERMATCH-26APR18ROYHOU-ROY,68,383,67,566,66,123,65,92,64,527,71,208,72,1152,73,88,84,43,86,177,69.5
2026-04-17 10:44:29 PM,KXATPCHALLENGERMATCH-26APR18ROYHOU-ROY,68,383,67,566,66,123,65,92,64,527,71,208,72,1152,73,146,84,43,86,177,69.5
2026-04-17 10:44:29 PM,KXATPCHALLENGERMATCH-26APR18ROYHOU-ROY,68,437,67,566,66,123,65,92,64,527,71,208,72,1152,73,146,84,43,86,177,69.5
2026-04-17 10:44:29 PM,KXATPCHALLENGERMATCH-26APR18ROYHOU-ROY,68,443,67,566,66,123,65,92,64,527,71,208,72,1152,73,146,84,43,86,177,69.5
2026-04-17 10:44:29 PM,KXATPCHALLENGERMATCH-26APR18ROYHOU-ROY,68,443,67,566,66,123,65,92,64,527,71,211,72,1152,73,146,84,43,86,177,69.5
2026-04-17 10:44:30 PM,KXATPCHALLENGERMATCH-26APR18ROYHOU-ROY,68,475,67,566,66,123,65,92,64,527,71,211,72,1152,73,146,84,43,86,177,69.5
2026-04-17 10:44:30 PM,KXATPCHALLENGERMATCH-26APR18ROYHOU-ROY,68,475,67,598,66,123,65,92,64,527,71,211,72,1152,73,146,84,43,86,177,69.5
2026-04-17 10:44:38 PM,KXATPCHALLENGERMATCH-26APR18ROYHOU-ROY,68,475,67,598,66,123,65,92,64,527,71,211,72,1152,73,146,79,30,84,43,69.5
2026-04-17 10:44:41 PM,KXATPCHALLENGERMATCH-26APR18ROYHOU-ROY,68,475,67,598,66,123,65,92,64,527,71,211,72,1152,73,146,79,60,84,43,69.5
2026-04-17 10:44:41 PM,KXATPCHALLENGERMATCH-26APR18ROYHOU-ROY,68,475,67,598,66,123,65,92,64,527,69,14,71,211,72,1152,73,146,79,60,68.5
2026-04-17 10:44:41 PM,KXATPCHALLENGERMATCH-26APR18ROYHOU-ROY,68,475,67,598,66,123,65,92,64,527,69,14,71,211,72,152,73,146,79,60,68.5
2026-04-17 10:44:41 PM,KXATPCHALLENGERMATCH-26APR18ROYHOU-ROY,68,475,67,598,66,123,65,92,64,527,69,14,70,202,71,211,72,152,73,146,68.5
2026-04-17 10:44:42 PM,KXATPCHALLENGERMATCH-26APR18ROYHOU-ROY,68,475,67,598,66,123,65,92,64,527,69,14,70,202,71,1009,72,152,73,146,68.5
2026-04-17 10:52:20 PM,KXATPCHALLENGERMATCH-26APR18ROYHOU-ROY,68,475,67,598,66,123,65,92,64,527,69,14,70,202,71,1109,72,152,73,146,68.5
2026-04-17 10:52:20 PM,KXATPCHALLENGERMATCH-26APR18ROYHOU-ROY,68,573,67,598,66,123,65,92,64,527,69,14,70,202,71,1109,72,152,73,146,68.5
2026-04-17 10:52:21 PM,KXATPCHALLENGERMATCH-26APR18ROYHOU-ROY,68,573,67,598,66,123,65,7,64,527,69,14,70,202,71,1109,72,152,73,146,68.5
2026-04-17 10:52:21 PM,KXATPCHALLENGERMATCH-26APR18ROYHOU-ROY,68,573,67,598,66,123,65,7,64,407,69,14,70,202,71,1109,72,152,73,146,68.5
2026-04-17 10:56:16 PM,KXATPCHALLENGERMATCH-26APR18ROYHOU-ROY,68,573,67,598,66,123,65,7,64,407,69,26,70,202,71,1109,72,152,73,146,68.5
2026-04-17 10:56:29 PM,KXATPCHALLENGERMATCH-26APR18ROYHOU-ROY,68,573,67,598,66,123,65,7,64,407,69,25,70,202,71,1109,72,152,73,146,68.5
2026-04-17 10:57:57 PM,KXATPCHALLENGERMATCH-26APR18ROYHOU-ROY,68,573,67,598,66,123,65,7,64,407,69,25,70,234,71,1109,72,152,73,146,68.5
2026-04-17 10:57:57 PM,KXATPCHALLENGERMATCH-26APR18ROYHOU-ROY,68,557,67,598,66,123,65,7,64,407,69,25,70,234,71,1109,72,152,73,146,68.5
2026-04-17 10:57:57 PM,KXATPCHALLENGERMATCH-26APR18ROYHOU-ROY,68,557,67,582,66,123,65,7,64,407,69,25,70,234,71,1109,72,152,73,146,68.5
2026-04-17 10:59:39 PM,KXATPCHALLENGERMATCH-26APR18ROYHOU-ROY,68,557,67,582,66,123,65,7,64,407,69,12,70,234,71,1109,72,152,73,146,68.5
2026-04-17 11:00:31 PM,KXATPCHALLENGERMATCH-26APR18ROYHOU-ROY,68,562,67,582,66,123,65,7,64,407,69,12,70,234,71,1109,72,152,73,146,68.5
2026-04-17 11:07:47 PM,KXATPCHALLENGERMATCH-26APR18ROYHOU-ROY,68,562,67,582,66,123,65,7,64,407,70,234,71,1109,72,152,73,146,74,1,69.0
2026-04-17 11:07:47 PM,KXATPCHALLENGERMATCH-26APR18ROYHOU-ROY,68,562,67,582,66,123,65,7,64,407,70,106,71,1109,72,152,73,146,74,1,69.0
2026-04-17 11:07:48 PM,KXATPCHALLENGERMATCH-26APR18ROYHOU-ROY,68,562,67,582,66,123,65,7,64,407,70,33,71,1109,72,152,73,146,74,1,69.0
2026-04-17 11:07:48 PM,KXATPCHALLENGERMATCH-26APR18ROYHOU-ROY,68,562,67,582,66,123,65,7,64,407,70,1,71,1109,72,152,73,146,74,1,69.0
2026-04-17 11:07:48 PM,KXATPCHALLENGERMATCH-26APR18ROYHOU-ROY,68,562,67,582,66,123,65,7,64,407,70,1,71,311,72,152,73,146,74,1,69.0
2026-04-17 11:07:48 PM,KXATPCHALLENGERMATCH-26APR18ROYHOU-ROY,68,562,67,582,66,123,65,7,64,407,70,1,71,151,72,152,73,146,74,1,69.0
2026-04-17 11:07:48 PM,KXATPCHALLENGERMATCH-26APR18ROYHOU-ROY,68,562,67,582,66,123,65,7,64,407,70,1,71,151,72,1152,73,146,74,1,69.0
2026-04-17 11:07:48 PM,KXATPCHALLENGERMATCH-26APR18ROYHOU-ROY,68,626,67,582,66,123,65,7,64,407,70,1,71,151,72,1152,73,146,74,1,69.0
2026-04-17 11:07:48 PM,KXATPCHALLENGERMATCH-26APR18ROYHOU-ROY,68,626,67,646,66,123,65,7,64,407,70,1,71,151,72,1152,73,146,74,1,69.0
2026-04-17 11:07:49 PM,KXATPCHALLENGERMATCH-26APR18ROYHOU-ROY,68,626,67,646,66,123,65,7,64,407,70,1,71,215,72,1152,73,146,74,1,69.0
2026-04-17 11:10:36 PM,KXATPCHALLENGERMATCH-26APR18ROYHOU-ROY,68,626,67,646,66,123,65,7,64,407,70,1,71,174,72,1152,73,146,74,1,69.0
2026-04-17 11:10:36 PM,KXATPCHALLENGERMATCH-26APR18ROYHOU-ROY,68,626,67,646,66,123,65,7,64,407,70,1,71,168,72,1152,73,146,74,1,69.0
2026-04-17 11:10:36 PM,KXATPCHALLENGERMATCH-26APR18ROYHOU-ROY,68,626,67,646,66,123,65,7,64,407,70,1,71,165,72,1152,73,146,74,1,69.0
2026-04-17 11:10:36 PM,KXATPCHALLENGERMATCH-26APR18ROYHOU-ROY,68,626,67,646,66,123,65,7,64,407,70,1,71,65,72,1152,73,146,74,1,69.0
2026-04-17 11:10:36 PM,KXATPCHALLENGERMATCH-26APR18ROYHOU-ROY,68,626,67,646,66,123,65,7,64,407,70,1,71,64,72,1152,73,146,74,1,69.0
2026-04-17 11:10:36 PM,KXATPCHALLENGERMATCH-26APR18ROYHOU-ROY,68,626,67,646,66,123,65,7,64,407,70,1,71,68,72,1152,73,146,74,1,69.0
2026-04-17 11:10:36 PM,KXATPCHALLENGERMATCH-26APR18ROYHOU-ROY,68,646,67,646,66,123,65,7,64,407,70,1,71,68,72,1152,73,146,74,1,69.0
2026-04-17 11:10:36 PM,KXATPCHALLENGERMATCH-26APR18ROYHOU-ROY,68,646,67,666,66,123,65,7,64,407,70,1,71,68,72,1152,73,146,74,1,69.0
2026-04-17 11:10:36 PM,KXATPCHALLENGERMATCH-26APR18ROYHOU-ROY,68,646,67,666,66,123,65,7,64,407,70,1,71,64,72,1152,73,146,74,1,69.0
2026-04-17 11:10:36 PM,KXATPCHALLENGERMATCH-26APR18ROYHOU-ROY,68,646,67,666,66,123,65,7,64,407,70,1,71,64,72,1158,73,146,74,1,69.0
2026-04-17 11:10:36 PM,KXATPCHALLENGERMATCH-26APR18ROYHOU-ROY,68,646,67,666,66,123,65,7,64,407,70,1,71,64,72,1158,73,157,74,1,69.0
2026-04-17 11:14:05 PM,KXATPCHALLENGERMATCH-26APR18ROYHOU-ROY,68,646,67,666,66,123,65,7,64,407,70,1,71,61,72,1158,73,157,74,1,69.0
2026-04-17 11:14:06 PM,KXATPCHALLENGERMATCH-26APR18ROYHOU-ROY,68,647,67,666,66,123,65,7,64,407,70,1,71,61,72,1158,73,157,74,1,69.0
2026-04-17 11:14:06 PM,KXATPCHALLENGERMATCH-26APR18ROYHOU-ROY,68,647,67,667,66,123,65,7,64,407,70,1,71,61,72,1158,73,157,74,1,69.0
2026-04-17 11:14:06 PM,KXATPCHALLENGERMATCH-26APR18ROYHOU-ROY,68,647,67,667,66,130,65,7,64,407,70,1,71,61,72,1158,73,157,74,1,69.0
2026-04-17 11:14:28 PM,KXATPCHALLENGERMATCH-26APR18ROYHOU-ROY,68,647,67,667,66,130,65,7,64,407,70,1,71,56,72,1158,73,157,74,1,69.0
2026-04-17 11:14:28 PM,KXATPCHALLENGERMATCH-26APR18ROYHOU-ROY,68,649,67,667,66,130,65,7,64,407,70,1,71,56,72,1158,73,157,74,1,69.0
2026-04-17 11:14:28 PM,KXATPCHALLENGERMATCH-26APR18ROYHOU-ROY,68,649,67,669,66,130,65,7,64,407,70,1,71,56,72,1158,73,157,74,1,69.0
2026-04-17 11:17:01 PM,KXATPCHALLENGERMATCH-26APR18ROYHOU-ROY,68,649,67,669,66,130,65,7,64,407,70,1,71,17,72,1158,73,157,74,1,69.0
2026-04-17 11:17:01 PM,KXATPCHALLENGERMATCH-26APR18ROYHOU-ROY,68,649,67,669,66,130,65,7,64,407,70,1,71,2,72,1158,73,157,74,1,69.0
2026-04-17 11:17:01 PM,KXATPCHALLENGERMATCH-26APR18ROYHOU-ROY,68,649,67,669,66,130,65,7,64,407,70,1,71,2,72,174,73,157,74,1,69.0
2026-04-17 11:17:01 PM,KXATPCHALLENGERMATCH-26APR18ROYHOU-ROY,68,649,67,669,66,130,65,7,64,407,70,1,71,2,72,174,73,1157,74,1,69.0
2026-04-17 11:17:01 PM,KXATPCHALLENGERMATCH-26APR18ROYHOU-ROY,68,668,67,669,66,130,65,7,64,407,70,1,71,2,72,174,73,1157,74,1,69.0
2026-04-17 11:17:01 PM,KXATPCHALLENGERMATCH-26APR18ROYHOU-ROY,68,668,67,688,66,130,65,7,64,407,70,1,71,2,72,174,73,1157,74,1,69.0
2026-04-17 11:20:37 PM,KXATPCHALLENGERMATCH-26APR18ROYHOU-ROY,68,668,67,688,66,123,65,7,64,407,70,1,71,2,72,174,73,1157,74,1,69.0
2026-04-17 11:20:38 PM,KXATPCHALLENGERMATCH-26APR18ROYHOU-ROY,68,668,67,695,66,123,65,7,64,407,70,1,71,2,72,174,73,1157,74,1,69.0
2026-04-17 11:21:19 PM,KXATPCHALLENGERMATCH-26APR18ROYHOU-ROY,68,668,67,695,66,123,65,7,64,407,69,10,70,1,71,2,72,174,73,1157,68.5
2026-04-17 11:21:19 PM,KXATPCHALLENGERMATCH-26APR18ROYHOU-ROY,68,668,67,695,66,123,65,7,64,407,69,10,70,1,71,2,72,159,73,1157,68.5
2026-04-17 11:21:19 PM,KXATPCHALLENGERMATCH-26APR18ROYHOU-ROY,68,668,67,695,66,123,65,7,64,407,69,10,70,1,71,2,72,159,73,157,68.5
2026-04-17 11:21:19 PM,KXATPCHALLENGERMATCH-26APR18ROYHOU-ROY,68,668,67,695,66,123,65,7,64,407,69,10,70,16,71,2,72,159,73,157,68.5
2026-04-17 11:21:19 PM,KXATPCHALLENGERMATCH-26APR18ROYHOU-ROY,68,668,67,695,66,123,65,7,64,407,69,10,70,16,71,1002,72,159,73,157,68.5
2026-04-17 11:27:09 PM,KXATPCHALLENGERMATCH-26APR18ROYHOU-ROY,68,668,67,688,66,123,65,7,64,407,69,10,70,16,71,1002,72,159,73,157,68.5
2026-04-17 11:27:10 PM,KXATPCHALLENGERMATCH-26APR18ROYHOU-ROY,68,668,67,688,66,123,65,7,64,414,69,10,70,16,71,1002,72,159,73,157,68.5
2026-04-17 11:28:49 PM,KXATPCHALLENGERMATCH-26APR18ROYHOU-ROY,68,668,67,688,66,123,65,7,64,414,69,3,70,16,71,1002,72,159,73,157,68.5
2026-04-17 11:29:44 PM,KXATPCHALLENGERMATCH-26APR18ROYHOU-ROY,68,668,67,688,66,123,65,7,64,414,69,2,70,16,71,1002,72,159,73,157,68.5
2026-04-17 11:33:20 PM,KXATPCHALLENGERMATCH-26APR18ROYHOU-ROY,68,668,67,688,66,123,65,7,64,407,69,2,70,16,71,1002,72,159,73,157,68.5
2026-04-17 11:33:20 PM,KXATPCHALLENGERMATCH-26APR18ROYHOU-ROY,68,668,67,688,66,123,65,7,64,414,69,2,70,16,71,1002,72,159,73,157,68.5
2026-04-17 11:36:17 PM,KXATPCHALLENGERMATCH-26APR18ROYHOU-ROY,68,668,67,688,66,123,65,7,64,414,69,1,70,16,71,1002,72,159,73,157,68.5
2026-04-17 11:36:49 PM,KXATPCHALLENGERMATCH-26APR18ROYHOU-ROY,68,668,67,688,66,123,65,7,64,414,69,1,70,1,71,1002,72,159,73,157,68.5
2026-04-17 11:36:49 PM,KXATPCHALLENGERMATCH-26APR18ROYHOU-ROY,68,668,67,688,66,123,65,7,64,414,69,1,70,1,71,18,72,159,73,157,68.5
2026-04-17 11:36:49 PM,KXATPCHALLENGERMATCH-26APR18ROYHOU-ROY,68,668,67,688,66,123,65,7,64,414,69,1,70,1,71,18,72,1159,73,157,68.5
2026-04-17 11:36:49 PM,KXATPCHALLENGERMATCH-26APR18ROYHOU-ROY,68,668,67,688,66,123,65,7,64,414,69,1,70,1,71,29,72,1159,73,157,68.5
2026-04-17 11:36:49 PM,KXATPCHALLENGERMATCH-26APR18ROYHOU-ROY,68,663,67,688,66,123,65,7,64,414,69,1,70,1,71,29,72,1159,73,157,68.5
2026-04-17 11:36:49 PM,KXATPCHALLENGERMATCH-26APR18ROYHOU-ROY,68,663,67,683,66,123,65,7,64,414,69,1,70,1,71,29,72,1159,73,157,68.5
2026-04-17 11:36:51 PM,KXATPCHALLENGERMATCH-26APR18ROYHOU-ROY,68,663,67,683,66,123,65,7,64,414,69,1,70,1,71,14,72,1159,73,157,68.5
2026-04-17 11:36:51 PM,KXATPCHALLENGERMATCH-26APR18ROYHOU-ROY,68,663,67,683,66,123,65,7,64,414,69,1,70,1,71,3,72,1159,73,157,68.5
2026-04-17 11:36:51 PM,KXATPCHALLENGERMATCH-26APR18ROYHOU-ROY,68,663,67,683,66,123,65,7,64,414,69,1,70,1,71,3,72,187,73,157,68.5
2026-04-17 11:36:51 PM,KXATPCHALLENGERMATCH-26APR18ROYHOU-ROY,68,663,67,683,66,123,65,7,64,414,69,1,70,1,71,3,72,187,73,1157,68.5
2026-04-17 11:37:40 PM,KXATPCHALLENGERMATCH-26APR18ROYHOU-ROY,68,663,67,683,66,123,65,7,64,414,69,1,70,1,71,138,72,187,73,1157,68.5
2026-04-17 11:37:40 PM,KXATPCHALLENGERMATCH-26APR18ROYHOU-ROY,68,663,67,683,66,123,65,7,64,414,69,1,70,1,71,138,72,187,73,157,68.5
2026-04-17 11:37:40 PM,KXATPCHALLENGERMATCH-26APR18ROYHOU-ROY,68,663,67,683,66,123,65,7,64,414,69,1,70,1,71,165,72,187,73,157,68.5
2026-04-17 11:37:40 PM,KXATPCHALLENGERMATCH-26APR18ROYHOU-ROY,68,663,67,683,66,123,65,7,64,414,69,1,70,1,71,165,72,1159,73,157,68.5
2026-04-17 11:39:28 PM,KXATPCHALLENGERMATCH-26APR18ROYHOU-ROY,68,663,67,683,66,123,65,7,64,407,69,1,70,1,71,165,72,1159,73,157,68.5
2026-04-17 11:39:29 PM,KXATPCHALLENGERMATCH-26APR18ROYHOU-ROY,68,663,67,683,66,130,65,7,64,407,69,1,70,1,71,165,72,1159,73,157,68.5
2026-04-17 11:42:51 PM,KXATPCHALLENGERMATCH-26APR18ROYHOU-ROY,68,663,67,831,66,130,65,7,64,407,69,1,70,1,71,165,72,1159,73,157,68.5
2026-04-17 11:42:51 PM,KXATPCHALLENGERMATCH-26APR18ROYHOU-ROY,68,663,67,831,66,280,65,7,64,407,69,1,70,1,71,165,72,1159,73,157,68.5
2026-04-17 11:42:51 PM,KXATPCHALLENGERMATCH-26APR18ROYHOU-ROY,68,663,67,831,66,280,65,159,64,407,69,1,70,1,71,165,72,1159,73,157,68.5
2026-04-17 11:42:51 PM,KXATPCHALLENGERMATCH-26APR18ROYHOU-ROY,68,663,67,831,66,280,65,159,64,407,69,1,70,1,71,165,72,2511,73,157,68.5
2026-04-17 11:42:51 PM,KXATPCHALLENGERMATCH-26APR18ROYHOU-ROY,68,663,67,831,66,280,65,159,64,407,69,1,70,1,71,165,72,2511,73,646,68.5
2026-04-17 11:45:36 PM,KXATPCHALLENGERMATCH-26APR18ROYHOU-ROY,68,663,67,831,66,273,65,159,64,407,69,1,70,1,71,165,72,2511,73,646,68.5
2026-04-17 11:45:37 PM,KXATPCHALLENGERMATCH-26APR18ROYHOU-ROY,68,663,67,831,66,280,65,159,64,407,69,1,70,1,71,165,72,2511,73,646,68.5
2026-04-17 11:51:53 PM,KXATPCHALLENGERMATCH-26APR18ROYHOU-ROY,68,663,67,831,66,273,65,159,64,407,69,1,70,1,71,165,72,2511,73,646,68.5
2026-04-17 11:51:54 PM,KXATPCHALLENGERMATCH-26APR18ROYHOU-ROY,68,663,67,831,66,280,65,159,64,407,69,1,70,1,71,165,72,2511,73,646,68.5
2026-04-17 11:57:19 PM,KXATPCHALLENGERMATCH-26APR18ROYHOU-ROY,68,663,67,831,66,280,65,159,64,407,69,1,70,1,71,145,72,2511,73,646,68.5
2026-04-17 11:58:24 PM,KXATPCHALLENGERMATCH-26APR18ROYHOU-ROY,68,663,67,831,66,273,65,159,64,407,69,1,70,1,71,145,72,2511,73,646,68.5
2026-04-17 11:58:25 PM,KXATPCHALLENGERMATCH-26APR18ROYHOU-ROY,68,663,67,831,66,280,65,159,64,407,69,1,70,1,71,145,72,2511,73,646,68.5
2026-04-18 12:00:31 AM,KXATPCHALLENGERMATCH-26APR18ROYHOU-ROY,68,658,67,831,66,280,65,159,64,407,69,1,70,1,71,145,72,2511,73,646,68.5
2026-04-18 12:01:14 AM,KXATPCHALLENGERMATCH-26APR18ROYHOU-ROY,68,658,67,831,66,280,65,160,64,407,69,1,70,1,71,145,72,2511,73,646,68.5
2026-04-18 12:01:14 AM,KXATPCHALLENGERMATCH-26APR18ROYHOU-ROY,68,658,67,831,66,280,65,160,64,407,69,1,70,1,71,145,72,2511,73,649,68.5
2026-04-18 12:01:14 AM,KXATPCHALLENGERMATCH-26APR18ROYHOU-ROY,68,658,67,831,66,280,65,160,64,408,69,1,70,1,71,145,72,2511,73,649,68.5
2026-04-18 12:03:17 AM,KXATPCHALLENGERMATCH-26APR18ROYHOU-ROY,68,658,67,831,66,280,65,160,64,408,69,1,70,1,71,144,72,2511,73,649,68.5
2026-04-18 12:04:37 AM,KXATPCHALLENGERMATCH-26APR18ROYHOU-ROY,68,658,67,831,66,273,65,160,64,408,69,1,70,1,71,144,72,2511,73,649,68.5
2026-04-18 12:04:37 AM,KXATPCHALLENGERMATCH-26APR18ROYHOU-ROY,68,658,67,831,66,280,65,160,64,408,69,1,70,1,71,144,72,2511,73,649,68.5
2026-04-18 12:06:12 AM,KXATPCHALLENGERMATCH-26APR18ROYHOU-ROY,68,658,67,831,66,280,65,160,64,408,69,1,70,1,71,144,72,2505,73,649,68.5
2026-04-18 12:06:12 AM,KXATPCHALLENGERMATCH-26APR18ROYHOU-ROY,68,658,67,831,66,280,65,160,64,408,69,1,70,1,71,144,72,2495,73,649,68.5
2026-04-18 12:06:12 AM,KXATPCHALLENGERMATCH-26APR18ROYHOU-ROY,68,658,67,831,66,280,65,160,64,408,69,1,70,1,71,144,72,2495,73,655,68.5
2026-04-18 12:08:59 AM,KXATPCHALLENGERMATCH-26APR18ROYHOU-ROY,68,658,67,831,66,280,65,160,64,408,69,1,70,1,71,103,72,2495,73,655,68.5
2026-04-18 12:10:51 AM,KXATPCHALLENGERMATCH-26APR18ROYHOU-ROY,68,658,67,831,66,273,65,160,64,408,69,1,70,1,71,103,72,2495,73,655,68.5
2026-04-18 12:10:51 AM,KXATPCHALLENGERMATCH-26APR18ROYHOU-ROY,68,658,67,831,66,280,65,160,64,408,69,1,70,1,71,103,72,2495,73,655,68.5
2026-04-18 12:10:58 AM,KXATPCHALLENGERMATCH-26APR18ROYHOU-ROY,68,658,67,831,66,280,65,160,64,408,69,1,70,1,71,103,72,2512,73,655,68.5
2026-04-18 12:10:58 AM,KXATPCHALLENGERMATCH-26APR18ROYHOU-ROY,68,658,67,831,66,280,65,160,64,408,69,1,70,1,71,103,72,2512,73,644,68.5
2026-04-18 12:10:59 AM,KXATPCHALLENGERMATCH-26APR18ROYHOU-ROY,68,658,67,831,66,280,65,160,64,408,69,1,70,1,71,103,72,2512,73,649,68.5
2026-04-18 12:13:59 AM,KXATPCHALLENGERMATCH-26APR18ROYHOU-ROY,68,658,67,831,66,280,65,160,64,408,69,1,70,1,71,98,72,2512,73,649,68.5
2026-04-18 12:17:00 AM,KXATPCHALLENGERMATCH-26APR18ROYHOU-ROY,68,658,67,831,66,273,65,160,64,408,69,1,70,1,71,98,72,2512,73,649,68.5
2026-04-18 12:17:01 AM,KXATPCHALLENGERMATCH-26APR18ROYHOU-ROY,68,658,67,831,66,280,65,160,64,408,69,1,70,1,71,98,72,2512,73,649,68.5
2026-04-18 12:20:11 AM,KXATPCHALLENGERMATCH-26APR18ROYHOU-ROY,68,658,67,841,66,280,65,160,64,408,69,1,70,1,71,98,72,2512,73,649,68.5
2026-04-18 12:20:11 AM,KXATPCHALLENGERMATCH-26APR18ROYHOU-ROY,68,658,67,851,66,280,65,160,64,408,69,1,70,1,71,98,72,2512,73,649,68.5
2026-04-18 12:20:11 AM,KXATPCHALLENGERMATCH-26APR18ROYHOU-ROY,68,658,67,851,66,280,65,160,64,408,69,1,70,1,71,108,72,2512,73,649,68.5
2026-04-18 12:23:29 AM,KXATPCHALLENGERMATCH-26APR18ROYHOU-ROY,68,658,67,851,66,273,65,160,64,408,69,1,70,1,71,108,72,2512,73,649,68.5
2026-04-18 12:23:29 AM,KXATPCHALLENGERMATCH-26APR18ROYHOU-ROY,68,658,67,851,66,280,65,160,64,408,69,1,70,1,71,108,72,2512,73,649,68.5
2026-04-18 12:30:29 AM,KXATPCHALLENGERMATCH-26APR18ROYHOU-ROY,68,658,67,851,66,273,65,160,64,408,69,1,70,1,71,108,72,2512,73,649,68.5
2026-04-18 12:36:40 AM,KXATPCHALLENGERMATCH-26APR18ROYHOU-ROY,68,658,67,851,66,280,65,160,64,408,69,1,70,1,71,108,72,2512,73,649,68.5
2026-04-18 12:37:42 AM,KXATPCHALLENGERMATCH-26APR18ROYHOU-ROY,68,658,67,851,66,280,65,160,64,408,69,1,70,1,71,406,72,2512,73,649,68.5
2026-04-18 12:40:36 AM,KXATPCHALLENGERMATCH-26APR18ROYHOU-ROY,68,658,67,851,66,280,65,160,64,408,69,1,70,1,71,393,72,2512,73,649,68.5
2026-04-18 12:43:18 AM,KXATPCHALLENGERMATCH-26APR18ROYHOU-ROY,68,658,67,851,66,273,65,160,64,408,69,1,70,1,71,393,72,2512,73,649,68.5
2026-04-18 12:43:18 AM,KXATPCHALLENGERMATCH-26APR18ROYHOU-ROY,68,658,67,851,66,280,65,160,64,408,69,1,70,1,71,393,72,2512,73,649,68.5
2026-04-18 12:49:38 AM,KXATPCHALLENGERMATCH-26APR18ROYHOU-ROY,68,658,67,851,66,273,65,160,64,408,69,1,70,1,71,393,72,2512,73,649,68.5
2026-04-18 12:58:36 AM,KXATPCHALLENGERMATCH-26APR18ROYHOU-ROY,68,658,67,851,66,273,65,160,64,408,69,1,70,1,71,366,72,2512,73,649,68.5
2026-04-18 12:58:38 AM,KXATPCHALLENGERMATCH-26APR18ROYHOU-ROY,68,658,67,851,66,273,65,160,64,408,69,1,70,1,71,340,72,2512,73,649,68.5
2026-04-18 12:58:38 AM,KXATPCHALLENGERMATCH-26APR18ROYHOU-ROY,68,658,67,851,66,273,65,160,64,408,69,1,70,1,71,313,72,2512,73,649,68.5
2026-04-18 12:58:38 AM,KXATPCHALLENGERMATCH-26APR18ROYHOU-ROY,68,658,67,851,66,273,65,160,64,408,69,1,70,1,71,303,72,2512,73,649,68.5
2026-04-18 12:58:38 AM,KXATPCHALLENGERMATCH-26APR18ROYHOU-ROY,68,658,67,851,66,273,65,160,64,408,69,1,70,1,71,5,72,2512,73,649,68.5
2026-04-18 12:58:39 AM,KXATPCHALLENGERMATCH-26APR18ROYHOU-ROY,68,658,67,851,66,273,65,160,64,408,69,1,70,1,71,5,72,1540,73,649,68.5
2026-04-18 12:58:39 AM,KXATPCHALLENGERMATCH-26APR18ROYHOU-ROY,68,658,67,851,66,273,65,160,64,408,69,1,70,1,71,5,72,1540,73,160,68.5
2026-04-18 12:58:39 AM,KXATPCHALLENGERMATCH-26APR18ROYHOU-ROY,68,658,67,851,66,273,65,160,64,408,69,1,70,1,71,5,72,188,73,160,68.5
2026-04-18 12:58:39 AM,KXATPCHALLENGERMATCH-26APR18ROYHOU-ROY,68,658,67,851,66,273,65,160,64,408,69,1,70,1,71,5,72,161,73,160,68.5
2026-04-18 12:58:39 AM,KXATPCHALLENGERMATCH-26APR18ROYHOU-ROY,68,658,67,851,66,273,65,160,64,408,69,1,70,1,71,5,72,161,73,1160,68.5
2026-04-18 12:58:39 AM,KXATPCHALLENGERMATCH-26APR18ROYHOU-ROY,68,671,67,851,66,273,65,160,64,408,69,1,70,1,71,5,72,161,73,1160,68.5
2026-04-18 12:58:39 AM,KXATPCHALLENGERMATCH-26APR18ROYHOU-ROY,68,671,67,864,66,273,65,160,64,408,69,1,70,1,71,5,72,161,73,1160,68.5
2026-04-18 12:58:49 AM,KXATPCHALLENGERMATCH-26APR18ROYHOU-ROY,68,671,67,864,66,273,65,160,64,408,69,1,70,1,71,5,72,76,73,1160,68.5
2026-04-18 12:58:49 AM,KXATPCHALLENGERMATCH-26APR18ROYHOU-ROY,68,671,67,864,66,273,65,160,64,408,69,1,70,1,71,5,72,19,73,1160,68.5
2026-04-18 12:58:49 AM,KXATPCHALLENGERMATCH-26APR18ROYHOU-ROY,68,671,67,864,66,273,65,160,64,408,69,1,70,1,71,5,72,2,73,1160,68.5
2026-04-18 12:58:49 AM,KXATPCHALLENGERMATCH-26APR18ROYHOU-ROY,69,15,68,671,67,864,66,273,65,160,69,1,70,1,71,5,72,2,73,1160,69.0
2026-04-18 12:58:49 AM,KXATPCHALLENGERMATCH-26APR18ROYHOU-ROY,69,15,68,671,67,855,66,273,65,160,69,1,70,1,71,5,72,2,73,1160,69.0
2026-04-18 12:58:49 AM,KXATPCHALLENGERMATCH-26APR18ROYHOU-ROY,69,15,68,671,67,854,66,273,65,160,69,1,70,1,71,5,72,2,73,1160,69.0
2026-04-18 12:58:49 AM,KXATPCHALLENGERMATCH-26APR18ROYHOU-ROY,69,15,68,665,67,854,66,273,65,160,69,1,70,1,71,5,72,2,73,1160,69.0
2026-04-18 12:58:49 AM,KXATPCHALLENGERMATCH-26APR18ROYHOU-ROY,69,15,68,665,67,854,66,273,65,160,69,1,70,1,71,5,72,2,73,160,69.0
2026-04-18 12:58:49 AM,KXATPCHALLENGERMATCH-26APR18ROYHOU-ROY,69,15,68,665,67,854,66,273,65,160,69,1,70,1,71,5,72,333,73,160,69.0
2026-04-18 12:58:49 AM,KXATPCHALLENGERMATCH-26APR18ROYHOU-ROY,69,15,68,665,67,854,66,273,65,160,69,1,70,1,71,5,72,557,73,160,69.0
2026-04-18 12:58:49 AM,KXATPCHALLENGERMATCH-26APR18ROYHOU-ROY,69,15,68,665,67,854,66,273,65,160,69,1,70,1,71,5,72,557,73,1160,69.0
2026-04-18 12:58:50 AM,KXATPCHALLENGERMATCH-26APR18ROYHOU-ROY,68,665,67,854,66,273,65,160,64,408,69,1,70,1,71,5,72,557,73,1160,68.5
2026-04-18 12:58:50 AM,KXATPCHALLENGERMATCH-26APR18ROYHOU-ROY,68,682,67,854,66,273,65,160,64,408,69,1,70,1,71,5,72,557,73,1160,68.5
2026-04-18 12:58:50 AM,KXATPCHALLENGERMATCH-26APR18ROYHOU-ROY,68,682,67,864,66,273,65,160,64,408,69,1,70,1,71,5,72,557,73,1160,68.5
2026-04-18 12:58:50 AM,KXATPCHALLENGERMATCH-26APR18ROYHOU-ROY,68,682,67,864,66,273,65,160,64,408,69,1,70,1,71,5,72,568,73,1160,68.5
2026-04-18 12:59:09 AM,KXATPCHALLENGERMATCH-26APR18ROYHOU-ROY,68,682,67,864,66,273,65,160,64,408,69,1,70,1,71,5,72,1920,73,1160,68.5
2026-04-18 12:59:09 AM,KXATPCHALLENGERMATCH-26APR18ROYHOU-ROY,68,682,67,864,66,273,65,160,64,408,69,1,70,1,71,5,72,1920,73,1649,68.5
2026-04-18 01:02:31 AM,KXATPCHALLENGERMATCH-26APR18ROYHOU-ROY,68,717,67,864,66,273,65,160,64,408,69,1,70,1,71,5,72,1920,73,1649,68.5
2026-04-18 01:02:32 AM,KXATPCHALLENGERMATCH-26APR18ROYHOU-ROY,69,10,68,717,67,864,66,273,65,160,69,1,70,1,71,5,72,1920,73,1649,69.0
2026-04-18 01:02:33 AM,KXATPCHALLENGERMATCH-26APR18ROYHOU-ROY,69,10,68,682,67,864,66,273,65,160,69,1,70,1,71,5,72,1920,73,1649,69.0
2026-04-18 01:02:33 AM,KXATPCHALLENGERMATCH-26APR18ROYHOU-ROY,69,45,68,682,67,864,66,273,65,160,69,1,70,1,71,5,72,1920,73,1649,69.0
2026-04-18 01:02:33 AM,KXATPCHALLENGERMATCH-26APR18ROYHOU-ROY,69,45,68,682,67,854,66,273,65,160,69,1,70,1,71,5,72,1920,73,1649,69.0
2026-04-18 01:02:33 AM,KXATPCHALLENGERMATCH-26APR18ROYHOU-ROY,69,45,68,666,67,854,66,273,65,160,69,1,70,1,71,5,72,1920,73,1649,69.0
2026-04-18 01:02:33 AM,KXATPCHALLENGERMATCH-26APR18ROYHOU-ROY,69,45,68,649,67,854,66,273,65,160,69,1,70,1,71,5,72,1920,73,1649,69.0
2026-04-18 01:02:33 AM,KXATPCHALLENGERMATCH-26APR18ROYHOU-ROY,69,60,68,649,67,854,66,273,65,160,69,1,70,1,71,5,72,1920,73,1649,69.0
2026-04-18 01:02:33 AM,KXATPCHALLENGERMATCH-26APR18ROYHOU-ROY,69,67,68,649,67,854,66,273,65,160,69,1,70,1,71,5,72,1920,73,1649,69.0
2026-04-18 01:02:33 AM,KXATPCHALLENGERMATCH-26APR18ROYHOU-ROY,69,67,68,660,67,854,66,273,65,160,69,1,70,1,71,5,72,1920,73,1649,69.0
2026-04-18 01:03:14 AM,KXATPCHALLENGERMATCH-26APR18ROYHOU-ROY,71,1,69,67,68,660,67,854,66,273,69,1,70,1,71,5,72,1920,73,1649,70.0
2026-04-18 01:03:14 AM,KXATPCHALLENGERMATCH-26APR18ROYHOU-ROY,71,1,69,67,68,649,67,854,66,273,69,1,70,1,71,5,72,1920,73,1649,70.0
2026-04-18 01:03:14 AM,KXATPCHALLENGERMATCH-26APR18ROYHOU-ROY,71,1,69,52,68,649,67,854,66,273,69,1,70,1,71,5,72,1920,73,1649,70.0
2026-04-18 01:03:14 AM,KXATPCHALLENGERMATCH-26APR18ROYHOU-ROY,71,1,70,9,69,52,68,649,67,854,69,1,70,1,71,5,72,1920,73,1649,70.0
2026-04-18 01:03:14 AM,KXATPCHALLENGERMATCH-26APR18ROYHOU-ROY,71,1,70,9,69,87,68,649,67,854,69,1,70,1,71,5,72,1920,73,1649,70.0
2026-04-18 01:03:14 AM,KXATPCHALLENGERMATCH-26APR18ROYHOU-ROY,71,1,70,9,69,87,68,649,67,854,69,1,70,1,71,5,72,1920,73,649,70.0
2026-04-18 01:03:15 AM,KXATPCHALLENGERMATCH-26APR18ROYHOU-ROY,71,1,70,9,69,91,68,649,67,854,69,1,70,1,71,5,72,1920,73,649,70.0
2026-04-18 01:04:19 AM,KXATPCHALLENGERMATCH-26APR18ROYHOU-ROY,71,1,70,9,69,91,68,649,67,854,69,1,70,1,71,5,72,1930,73,649,70.0
2026-04-18 01:04:19 AM,KXATPCHALLENGERMATCH-26APR18ROYHOU-ROY,71,1,70,9,69,91,68,649,67,854,69,1,70,1,71,5,72,1940,73,649,70.0
2026-04-18 01:04:19 AM,KXATPCHALLENGERMATCH-26APR18ROYHOU-ROY,71,1,70,9,69,81,68,649,67,854,69,1,70,1,71,5,72,1940,73,649,70.0
2026-04-18 01:05:17 AM,KXATPCHALLENGERMATCH-26APR18ROYHOU-ROY,71,1,70,9,69,46,68,649,67,854,69,1,70,1,71,5,72,1940,73,649,70.0
2026-04-18 01:06:32 AM,KXATPCHALLENGERMATCH-26APR18ROYHOU-ROY,71,1,70,9,69,11,68,649,67,854,69,1,70,1,71,5,72,1940,73,649,70.0
2026-04-18 01:08:17 AM,KXATPCHALLENGERMATCH-26APR18ROYHOU-ROY,71,1,70,9,69,11,68,649,67,854,69,1,70,1,71,5,72,1939,73,649,70.0
2026-04-18 01:12:06 AM,KXATPCHALLENGERMATCH-26APR18ROYHOU-ROY,71,1,70,9,69,11,68,652,67,857,72,1936,73,649,74,1497,77,402,84,1,71.5
2026-04-18 01:13:31 AM,KXATPCHALLENGERMATCH-26APR18ROYHOU-ROY,71,1,70,9,69,11,68,652,67,857,72,1936,73,649,74,1497,84,1,85,100,71.5
2026-04-18 01:14:38 AM,KXATPCHALLENGERMATCH-26APR18ROYHOU-ROY,71,1,70,9,69,11,68,652,67,857,72,1936,73,649,74,1496,84,1,85,100,71.5
2026-04-18 01:17:29 AM,KXATPCHALLENGERMATCH-26APR18ROYHOU-ROY,71,1,70,9,69,11,68,652,67,857,72,1936,73,649,74,1496,84,1,85,100,71.5
2026-04-18 01:17:38 AM,KXATPCHALLENGERMATCH-26APR18ROYHOU-ROY,71,1,70,9,69,11,68,652,67,857,72,1936,73,649,74,1496,84,152,85,100,71.5
2026-04-18 01:17:38 AM,KXATPCHALLENGERMATCH-26APR18ROYHOU-ROY,71,1,70,9,69,11,68,652,67,857,72,1936,73,649,74,1496,83,42,84,152,71.5
2026-04-18 01:18:06 AM,KXATPCHALLENGERMATCH-26APR18ROYHOU-ROY,70,9,69,11,68,652,67,857,66,273,72,1936,73,649,74,1496,83,42,84,152,71.0
2026-04-18 01:18:06 AM,KXATPCHALLENGERMATCH-26APR18ROYHOU-ROY,70,9,69,11,68,674,67,857,66,273,72,1936,73,649,74,1496,83,42,84,152,71.0
2026-04-18 01:18:06 AM,KXATPCHALLENGERMATCH-26APR18ROYHOU-ROY,70,9,69,4,68,674,67,857,66,273,72,1936,73,649,74,1496,83,42,84,152,71.0
2026-04-18 01:18:06 AM,KXATPCHALLENGERMATCH-26APR18ROYHOU-ROY,69,4,68,674,67,857,66,273,65,160,72,1936,73,649,74,1496,83,42,84,152,70.5
2026-04-18 01:18:06 AM,KXATPCHALLENGERMATCH-26APR18ROYHOU-ROY,68,674,67,857,66,273,65,160,64,408,72,1936,73,649,74,1496,83,42,84,152,70.0
2026-04-18 01:18:06 AM,KXATPCHALLENGERMATCH-26APR18ROYHOU-ROY,68,674,67,868,66,273,65,160,64,408,72,1936,73,649,74,1496,83,42,84,152,70.0
2026-04-18 01:18:06 AM,KXATPCHALLENGERMATCH-26APR18ROYHOU-ROY,68,674,67,868,66,273,65,160,64,408,72,1936,73,656,74,1496,83,42,84,152,70.0
2026-04-18 01:18:06 AM,KXATPCHALLENGERMATCH-26APR18ROYHOU-ROY,68,671,67,868,66,273,65,160,64,408,72,1936,73,656,74,1496,83,42,84,152,70.0
2026-04-18 01:18:07 AM,KXATPCHALLENGERMATCH-26APR18ROYHOU-ROY,68,671,67,865,66,273,65,160,64,408,72,1936,73,656,74,1496,83,42,84,152,70.0
2026-04-18 01:18:07 AM,KXATPCHALLENGERMATCH-26APR18ROYHOU-ROY,68,682,67,865,66,273,65,160,64,408,72,1936,73,656,74,1496,83,42,84,152,70.0
2026-04-18 01:18:07 AM,KXATPCHALLENGERMATCH-26APR18ROYHOU-ROY,68,682,67,865,66,273,65,160,64,408,72,1936,73,656,74,496,83,42,84,152,70.0
2026-04-18 01:18:07 AM,KXATPCHALLENGERMATCH-26APR18ROYHOU-ROY,68,682,67,865,66,273,65,160,64,408,72,1943,73,656,74,496,83,42,84,152,70.0
2026-04-18 01:18:07 AM,KXATPCHALLENGERMATCH-26APR18ROYHOU-ROY,68,682,67,865,66,273,65,160,64,408,72,1943,73,1648,74,496,83,42,84,152,70.0
2026-04-18 01:19:00 AM,KXATPCHALLENGERMATCH-26APR18ROYHOU-ROY,68,682,67,865,66,273,65,160,64,408,72,1945,73,1648,74,496,83,42,84,152,70.0
2026-04-18 01:19:00 AM,KXATPCHALLENGERMATCH-26APR18ROYHOU-ROY,68,681,67,865,66,273,65,160,64,408,72,1945,73,1648,74,496,83,42,84,152,70.0
2026-04-18 01:19:00 AM,KXATPCHALLENGERMATCH-26APR18ROYHOU-ROY,68,681,67,864,66,273,65,160,64,408,72,1945,73,1648,74,496,83,42,84,152,70.0
2026-04-18 01:19:05 AM,KXATPCHALLENGERMATCH-26APR18ROYHOU-ROY,68,681,67,864,66,273,65,160,64,408,72,1935,73,1648,74,496,83,42,84,152,70.0
2026-04-18 01:19:05 AM,KXATPCHALLENGERMATCH-26APR18ROYHOU-ROY,68,681,67,864,66,273,65,160,64,408,72,1925,73,1648,74,496,83,42,84,152,70.0
2026-04-18 01:19:05 AM,KXATPCHALLENGERMATCH-26APR18ROYHOU-ROY,69,10,68,681,67,864,66,273,65,160,72,1925,73,1648,74,496,83,42,84,152,70.5
2026-04-18 01:19:05 AM,KXATPCHALLENGERMATCH-26APR18ROYHOU-ROY,69,10,68,681,67,853,66,273,65,160,72,1925,73,1648,74,496,83,42,84,152,70.5
2026-04-18 01:19:05 AM,KXATPCHALLENGERMATCH-26APR18ROYHOU-ROY,69,19,68,681,67,853,66,273,65,160,72,1925,73,1648,74,496,83,42,84,152,70.5
2026-04-18 01:19:05 AM,KXATPCHALLENGERMATCH-26APR18ROYHOU-ROY,69,19,68,659,67,853,66,273,65,160,72,1925,73,1648,74,496,83,42,84,152,70.5
2026-04-18 01:19:06 AM,KXATPCHALLENGERMATCH-26APR18ROYHOU-ROY,69,32,68,659,67,853,66,273,65,160,72,1925,73,1648,74,496,83,42,84,152,70.5
2026-04-18 01:27:51 AM,KXATPCHALLENGERMATCH-26APR18ROYHOU-ROY,69,32,68,659,67,853,66,273,65,160,72,1925,73,1648,74,496,84,152,85,100,70.5
2026-04-18 01:30:33 AM,KXATPCHALLENGERMATCH-26APR18ROYHOU-ROY,69,32,68,659,67,853,66,273,65,160,72,1885,73,1648,74,496,84,152,85,100,70.5
2026-04-18 01:32:44 AM,KXATPCHALLENGERMATCH-26APR18ROYHOU-ROY,69,32,68,659,67,853,66,273,65,160,72,1885,73,1648,74,496,83,100,84,152,70.5
2026-04-18 01:32:48 AM,KXATPCHALLENGERMATCH-26APR18ROYHOU-ROY,69,32,68,659,67,853,66,273,65,160,72,1885,73,1648,74,496,83,200,84,152,70.5
2026-04-18 01:34:48 AM,KXATPCHALLENGERMATCH-26APR18ROYHOU-ROY,69,32,68,659,67,853,66,273,65,160,72,1885,73,1648,74,496,77,416,83,200,70.5
2026-04-18 01:35:43 AM,KXATPCHALLENGERMATCH-26APR18ROYHOU-ROY,69,32,68,659,67,853,66,273,65,160,72,1885,73,1648,74,496,77,416,83,100,70.5
2026-04-18 01:35:43 AM,KXATPCHALLENGERMATCH-26APR18ROYHOU-ROY,69,32,68,659,67,853,66,273,65,160,72,1885,73,1648,74,496,77,416,84,152,70.5
2026-04-18 01:37:12 AM,KXATPCHALLENGERMATCH-26APR18ROYHOU-ROY,69,32,68,659,67,853,66,273,65,160,72,1884,73,1648,74,496,77,416,84,152,70.5
2026-04-18 01:37:15 AM,KXATPCHALLENGERMATCH-26APR18ROYHOU-ROY,69,32,68,659,67,853,66,273,65,160,71,250,72,1884,73,1648,74,496,77,416,70.0
2026-04-18 01:37:16 AM,KXATPCHALLENGERMATCH-26APR18ROYHOU-ROY,69,32,68,659,67,853,66,273,65,160,71,250,72,1884,73,1641,74,496,77,416,70.0
2026-04-18 01:37:16 AM,KXATPCHALLENGERMATCH-26APR18ROYHOU-ROY,69,32,68,659,67,853,66,273,65,160,71,250,72,1884,73,649,74,496,77,416,70.0
2026-04-18 01:37:16 AM,KXATPCHALLENGERMATCH-26APR18ROYHOU-ROY,69,32,68,659,67,853,66,273,65,160,71,259,72,1884,73,649,74,496,77,416,70.0
2026-04-18 01:37:16 AM,KXATPCHALLENGERMATCH-26APR18ROYHOU-ROY,69,32,68,659,67,853,66,273,65,160,71,259,72,2874,73,649,74,496,77,416,70.0
2026-04-18 01:38:22 AM,KXATPCHALLENGERMATCH-26APR18ROYHOU-ROY,69,32,68,659,67,853,66,273,65,160,71,10,72,2874,73,649,74,496,77,416,70.0
2026-04-18 01:39:43 AM,KXATPCHALLENGERMATCH-26APR18ROYHOU-ROY,69,32,68,659,67,853,66,273,65,160,71,20,72,2874,73,649,74,496,77,416,70.0
2026-04-18 01:39:43 AM,KXATPCHALLENGERMATCH-26APR18ROYHOU-ROY,69,23,68,659,67,853,66,273,65,160,71,20,72,2874,73,649,74,496,77,416,70.0
2026-04-18 01:39:43 AM,KXATPCHALLENGERMATCH-26APR18ROYHOU-ROY,69,14,68,659,67,853,66,273,65,160,71,20,72,2874,73,649,74,496,77,416,70.0
2026-04-18 01:39:43 AM,KXATPCHALLENGERMATCH-26APR18ROYHOU-ROY,69,1,68,659,67,853,66,273,65,160,71,20,72,2874,73,649,74,496,77,416,70.0
2026-04-18 01:39:43 AM,KXATPCHALLENGERMATCH-26APR18ROYHOU-ROY,69,1,68,668,67,853,66,273,65,160,71,20,72,2874,73,649,74,496,77,416,70.0
2026-04-18 01:39:43 AM,KXATPCHALLENGERMATCH-26APR18ROYHOU-ROY,69,1,68,668,67,864,66,273,65,160,71,20,72,2874,73,649,74,496,77,416,70.0
2026-04-18 01:39:43 AM,KXATPCHALLENGERMATCH-26APR18ROYHOU-ROY,69,1,68,668,67,864,66,273,65,160,71,11,72,2874,73,649,74,496,77,416,70.0
2026-04-18 01:39:43 AM,KXATPCHALLENGERMATCH-26APR18ROYHOU-ROY,69,1,68,668,67,864,66,273,65,160,71,11,72,1884,73,649,74,496,77,416,70.0
2026-04-18 01:39:43 AM,KXATPCHALLENGERMATCH-26APR18ROYHOU-ROY,69,1,68,668,67,864,66,273,65,160,71,11,72,1884,73,1649,74,496,77,416,70.0
2026-04-18 01:39:44 AM,KXATPCHALLENGERMATCH-26APR18ROYHOU-ROY,69,1,68,681,67,864,66,273,65,160,71,11,72,1884,73,1649,74,496,77,416,70.0
2026-04-18 01:41:17 AM,KXATPCHALLENGERMATCH-26APR18ROYHOU-ROY,69,1,68,383,67,864,66,273,65,160,71,11,72,1884,73,1649,74,496,77,416,70.0
2026-04-18 01:41:17 AM,KXATPCHALLENGERMATCH-26APR18ROYHOU-ROY,69,1,68,383,67,864,66,273,65,160,71,11,72,2182,73,1649,74,496,77,416,70.0
2026-04-18 01:41:17 AM,KXATPCHALLENGERMATCH-26APR18ROYHOU-ROY,69,1,68,532,67,864,66,273,65,160,71,11,72,2182,73,1649,74,496,77,416,70.0
2026-04-18 01:41:19 AM,KXATPCHALLENGERMATCH-26APR18ROYHOU-ROY,69,1,68,532,67,856,66,273,65,160,71,11,72,2182,73,1649,74,496,77,416,70.0
2026-04-18 01:41:19 AM,KXATPCHALLENGERMATCH-26APR18ROYHOU-ROY,69,1,68,532,67,843,66,273,65,160,71,11,72,2182,73,1649,74,496,77,416,70.0
2026-04-18 01:41:19 AM,KXATPCHALLENGERMATCH-26APR18ROYHOU-ROY,69,1,68,532,67,841,66,273,65,160,71,11,72,2182,73,1649,74,496,77,416,70.0
2026-04-18 01:41:19 AM,KXATPCHALLENGERMATCH-26APR18ROYHOU-ROY,69,1,68,532,67,840,66,273,65,160,71,11,72,2182,73,1649,74,496,77,416,70.0
2026-04-18 01:41:20 AM,KXATPCHALLENGERMATCH-26APR18ROYHOU-ROY,69,1,68,532,67,820,66,273,65,160,71,11,72,2182,73,1649,74,496,77,416,70.0
2026-04-18 01:41:20 AM,KXATPCHALLENGERMATCH-26APR18ROYHOU-ROY,69,1,68,532,67,756,66,273,65,160,71,11,72,2182,73,1649,74,496,77,416,70.0
2026-04-18 01:41:20 AM,KXATPCHALLENGERMATCH-26APR18ROYHOU-ROY,69,1,68,532,67,740,66,273,65,160,71,11,72,2182,73,1649,74,496,77,416,70.0
2026-04-18 01:41:20 AM,KXATPCHALLENGERMATCH-26APR18ROYHOU-ROY,69,1,68,532,67,720,66,273,65,160,71,11,72,2182,73,1649,74,496,77,416,70.0
2026-04-18 01:41:22 AM,KXATPCHALLENGERMATCH-26APR18ROYHOU-ROY,69,1,68,532,67,720,66,273,65,160,71,11,72,2182,73,1649,74,496,77,517,70.0
2026-04-18 01:42:44 AM,KXATPCHALLENGERMATCH-26APR18ROYHOU-ROY,69,1,68,532,67,720,66,273,65,160,71,46,72,2182,73,1649,74,496,77,517,70.0
2026-04-18 01:42:44 AM,KXATPCHALLENGERMATCH-26APR18ROYHOU-ROY,69,1,68,567,67,720,66,273,65,160,71,46,72,2182,73,1649,74,496,77,517,70.0
2026-04-18 01:42:44 AM,KXATPCHALLENGERMATCH-26APR18ROYHOU-ROY,69,1,68,567,67,720,66,273,65,160,71,46,72,2182,73,649,74,496,77,517,70.0
2026-04-18 01:42:44 AM,KXATPCHALLENGERMATCH-26APR18ROYHOU-ROY,69,1,68,567,67,720,66,273,65,160,71,353,72,2182,73,649,74,496,77,517,70.0
2026-04-18 01:42:45 AM,KXATPCHALLENGERMATCH-26APR18ROYHOU-ROY,69,1,68,567,67,720,66,273,65,160,71,353,72,2874,73,649,74,496,77,517,70.0
2026-04-18 01:42:45 AM,KXATPCHALLENGERMATCH-26APR18ROYHOU-ROY,69,1,68,567,67,720,66,273,65,160,71,46,72,2874,73,649,74,496,77,517,70.0
2026-04-18 01:42:46 AM,KXATPCHALLENGERMATCH-26APR18ROYHOU-ROY,69,1,68,567,67,720,66,273,65,160,71,46,72,2182,73,649,74,496,77,517,70.0
2026-04-18 01:42:46 AM,KXATPCHALLENGERMATCH-26APR18ROYHOU-ROY,69,1,68,567,67,720,66,273,65,160,71,46,72,2182,73,1649,74,496,77,517,70.0
2026-04-18 01:42:46 AM,KXATPCHALLENGERMATCH-26APR18ROYHOU-ROY,69,1,68,567,67,720,66,273,65,160,71,46,72,2182,73,649,74,496,77,517,70.0
2026-04-18 01:42:46 AM,KXATPCHALLENGERMATCH-26APR18ROYHOU-ROY,69,1,68,567,67,720,66,273,65,160,71,353,72,2182,73,649,74,496,77,517,70.0
2026-04-18 01:42:46 AM,KXATPCHALLENGERMATCH-26APR18ROYHOU-ROY,69,1,68,567,67,720,66,273,65,160,71,353,72,2874,73,649,74,496,77,517,70.0
2026-04-18 01:42:47 AM,KXATPCHALLENGERMATCH-26APR18ROYHOU-ROY,69,1,68,567,67,720,66,273,65,160,71,46,72,2874,73,649,74,496,77,517,70.0
2026-04-18 01:42:47 AM,KXATPCHALLENGERMATCH-26APR18ROYHOU-ROY,69,1,68,567,67,720,66,273,65,160,71,46,72,2182,73,649,74,496,77,517,70.0
2026-04-18 01:42:47 AM,KXATPCHALLENGERMATCH-26APR18ROYHOU-ROY,69,1,68,567,67,720,66,273,65,160,71,46,72,2182,73,1649,74,496,77,517,70.0
2026-04-18 01:42:47 AM,KXATPCHALLENGERMATCH-26APR18ROYHOU-ROY,69,1,68,567,67,720,66,273,65,160,71,46,72,2182,73,649,74,496,77,517,70.0
2026-04-18 01:42:47 AM,KXATPCHALLENGERMATCH-26APR18ROYHOU-ROY,69,1,68,567,67,720,66,273,65,160,71,353,72,2182,73,649,74,496,77,517,70.0
2026-04-18 01:42:47 AM,KXATPCHALLENGERMATCH-26APR18ROYHOU-ROY,69,1,68,567,67,720,66,273,65,160,71,353,72,2874,73,649,74,496,77,517,70.0
2026-04-18 01:42:47 AM,KXATPCHALLENGERMATCH-26APR18ROYHOU-ROY,69,1,68,567,67,720,66,273,65,160,71,46,72,2874,73,649,74,496,77,517,70.0
2026-04-18 01:42:47 AM,KXATPCHALLENGERMATCH-26APR18ROYHOU-ROY,69,1,68,567,67,720,66,273,65,160,71,46,72,2182,73,649,74,496,77,517,70.0
2026-04-18 01:42:47 AM,KXATPCHALLENGERMATCH-26APR18ROYHOU-ROY,69,1,68,567,67,720,66,273,65,160,71,46,72,2182,73,1649,74,496,77,517,70.0
2026-04-18 01:42:47 AM,KXATPCHALLENGERMATCH-26APR18ROYHOU-ROY,69,1,68,567,67,720,66,273,65,160,71,46,72,2182,73,649,74,496,77,517,70.0
2026-04-18 01:42:47 AM,KXATPCHALLENGERMATCH-26APR18ROYHOU-ROY,69,1,68,567,67,720,66,273,65,160,71,353,72,2182,73,649,74,496,77,517,70.0
2026-04-18 01:42:47 AM,KXATPCHALLENGERMATCH-26APR18ROYHOU-ROY,69,1,68,567,67,720,66,273,65,160,71,353,72,2874,73,649,74,496,77,517,70.0
2026-04-18 01:42:48 AM,KXATPCHALLENGERMATCH-26APR18ROYHOU-ROY,69,1,68,567,67,720,66,273,65,160,71,46,72,2874,73,649,74,496,77,517,70.0
2026-04-18 01:42:48 AM,KXATPCHALLENGERMATCH-26APR18ROYHOU-ROY,69,1,68,567,67,720,66,273,65,160,71,46,72,2182,73,649,74,496,77,517,70.0
2026-04-18 01:42:48 AM,KXATPCHALLENGERMATCH-26APR18ROYHOU-ROY,69,1,68,567,67,720,66,273,65,160,71,46,72,2182,73,1649,74,496,77,517,70.0
2026-04-18 01:42:48 AM,KXATPCHALLENGERMATCH-26APR18ROYHOU-ROY,69,1,68,567,67,720,66,273,65,160,71,46,72,2182,73,649,74,496,77,517,70.0
2026-04-18 01:42:48 AM,KXATPCHALLENGERMATCH-26APR18ROYHOU-ROY,69,1,68,567,67,720,66,273,65,160,71,353,72,2182,73,649,74,496,77,517,70.0
2026-04-18 01:42:48 AM,KXATPCHALLENGERMATCH-26APR18ROYHOU-ROY,69,1,68,567,67,720,66,273,65,160,71,353,72,2874,73,649,74,496,77,517,70.0
2026-04-18 01:42:48 AM,KXATPCHALLENGERMATCH-26APR18ROYHOU-ROY,69,1,68,567,67,720,66,273,65,160,71,46,72,2874,73,649,74,496,77,517,70.0
2026-04-18 01:42:48 AM,KXATPCHALLENGERMATCH-26APR18ROYHOU-ROY,69,1,68,567,67,720,66,273,65,160,71,46,72,2182,73,649,74,496,77,517,70.0
2026-04-18 01:42:48 AM,KXATPCHALLENGERMATCH-26APR18ROYHOU-ROY,69,1,68,567,67,720,66,273,65,160,71,46,72,2182,73,1649,74,496,77,517,70.0
2026-04-18 01:42:48 AM,KXATPCHALLENGERMATCH-26APR18ROYHOU-ROY,69,1,68,567,67,720,66,273,65,160,71,46,72,2182,73,649,74,496,77,517,70.0
2026-04-18 01:42:48 AM,KXATPCHALLENGERMATCH-26APR18ROYHOU-ROY,69,1,68,567,67,720,66,273,65,160,71,353,72,2182,73,649,74,496,77,517,70.0
2026-04-18 01:42:49 AM,KXATPCHALLENGERMATCH-26APR18ROYHOU-ROY,69,1,68,567,67,720,66,273,65,160,71,353,72,2874,73,649,74,496,77,517,70.0
2026-04-18 01:42:49 AM,KXATPCHALLENGERMATCH-26APR18ROYHOU-ROY,69,1,68,567,67,720,66,273,65,160,71,46,72,2874,73,649,74,496,77,517,70.0
2026-04-18 01:42:49 AM,KXATPCHALLENGERMATCH-26APR18ROYHOU-ROY,69,1,68,567,67,720,66,273,65,160,71,46,72,2182,73,649,74,496,77,517,70.0
2026-04-18 01:42:49 AM,KXATPCHALLENGERMATCH-26APR18ROYHOU-ROY,69,1,68,567,67,720,66,273,65,160,71,46,72,2182,73,1649,74,496,77,517,70.0
2026-04-18 01:42:49 AM,KXATPCHALLENGERMATCH-26APR18ROYHOU-ROY,69,1,68,567,67,720,66,273,65,160,71,46,72,2182,73,649,74,496,77,517,70.0
2026-04-18 01:42:49 AM,KXATPCHALLENGERMATCH-26APR18ROYHOU-ROY,69,1,68,567,67,720,66,273,65,160,71,353,72,2182,73,649,74,496,77,517,70.0
2026-04-18 01:42:49 AM,KXATPCHALLENGERMATCH-26APR18ROYHOU-ROY,69,1,68,567,67,720,66,273,65,160,71,353,72,2874,73,649,74,496,77,517,70.0
2026-04-18 01:42:49 AM,KXATPCHALLENGERMATCH-26APR18ROYHOU-ROY,69,1,68,567,67,720,66,273,65,160,71,46,72,2874,73,649,74,496,77,517,70.0
2026-04-18 01:42:49 AM,KXATPCHALLENGERMATCH-26APR18ROYHOU-ROY,69,1,68,567,67,720,66,273,65,160,71,46,72,2182,73,649,74,496,77,517,70.0
2026-04-18 01:42:49 AM,KXATPCHALLENGERMATCH-26APR18ROYHOU-ROY,69,1,68,567,67,720,66,273,65,160,71,46,72,2182,73,1649,74,496,77,517,70.0
2026-04-18 01:42:50 AM,KXATPCHALLENGERMATCH-26APR18ROYHOU-ROY,69,1,68,567,67,720,66,273,65,160,71,46,72,2182,73,649,74,496,77,517,70.0
2026-04-18 01:42:50 AM,KXATPCHALLENGERMATCH-26APR18ROYHOU-ROY,69,1,68,567,67,720,66,273,65,160,71,353,72,2182,73,649,74,496,77,517,70.0
2026-04-18 01:42:50 AM,KXATPCHALLENGERMATCH-26APR18ROYHOU-ROY,69,1,68,567,67,720,66,273,65,160,71,353,72,2874,73,649,74,496,77,517,70.0
2026-04-18 01:42:50 AM,KXATPCHALLENGERMATCH-26APR18ROYHOU-ROY,69,1,68,567,67,720,66,273,65,160,71,46,72,2874,73,649,74,496,77,517,70.0
2026-04-18 01:42:50 AM,KXATPCHALLENGERMATCH-26APR18ROYHOU-ROY,69,1,68,567,67,720,66,273,65,160,71,46,72,2182,73,649,74,496,77,517,70.0
2026-04-18 01:42:50 AM,KXATPCHALLENGERMATCH-26APR18ROYHOU-ROY,69,1,68,567,67,720,66,273,65,160,71,46,72,2182,73,1649,74,496,77,517,70.0
2026-04-18 01:42:50 AM,KXATPCHALLENGERMATCH-26APR18ROYHOU-ROY,69,1,68,567,67,720,66,273,65,160,71,46,72,2182,73,649,74,496,77,517,70.0
2026-04-18 01:42:50 AM,KXATPCHALLENGERMATCH-26APR18ROYHOU-ROY,69,1,68,567,67,720,66,273,65,160,71,353,72,2182,73,649,74,496,77,517,70.0
2026-04-18 01:42:50 AM,KXATPCHALLENGERMATCH-26APR18ROYHOU-ROY,69,1,68,567,67,720,66,273,65,160,71,353,72,2874,73,649,74,496,77,517,70.0
2026-04-18 01:42:50 AM,KXATPCHALLENGERMATCH-26APR18ROYHOU-ROY,69,1,68,567,67,720,66,273,65,160,71,46,72,2874,73,649,74,496,77,517,70.0
2026-04-18 01:42:50 AM,KXATPCHALLENGERMATCH-26APR18ROYHOU-ROY,69,1,68,567,67,720,66,273,65,160,71,46,72,2182,73,649,74,496,77,517,70.0
2026-04-18 01:42:50 AM,KXATPCHALLENGERMATCH-26APR18ROYHOU-ROY,69,1,68,567,67,720,66,273,65,160,71,46,72,2182,73,1649,74,496,77,517,70.0
2026-04-18 01:42:51 AM,KXATPCHALLENGERMATCH-26APR18ROYHOU-ROY,69,1,68,567,67,720,66,273,65,160,71,46,72,2182,73,649,74,496,77,517,70.0
2026-04-18 01:42:51 AM,KXATPCHALLENGERMATCH-26APR18ROYHOU-ROY,69,1,68,567,67,720,66,273,65,160,71,353,72,2182,73,649,74,496,77,517,70.0
2026-04-18 01:42:51 AM,KXATPCHALLENGERMATCH-26APR18ROYHOU-ROY,69,1,68,567,67,720,66,273,65,160,71,353,72,2874,73,649,74,496,77,517,70.0
2026-04-18 01:42:51 AM,KXATPCHALLENGERMATCH-26APR18ROYHOU-ROY,69,1,68,567,67,720,66,273,65,160,71,46,72,2874,73,649,74,496,77,517,70.0
2026-04-18 01:42:51 AM,KXATPCHALLENGERMATCH-26APR18ROYHOU-ROY,69,1,68,567,67,720,66,273,65,160,71,46,72,2182,73,649,74,496,77,517,70.0
2026-04-18 01:42:51 AM,KXATPCHALLENGERMATCH-26APR18ROYHOU-ROY,69,1,68,567,67,720,66,273,65,160,71,46,72,2182,73,1649,74,496,77,517,70.0
2026-04-18 01:42:51 AM,KXATPCHALLENGERMATCH-26APR18ROYHOU-ROY,69,1,68,567,67,720,66,273,65,160,71,46,72,2182,73,649,74,496,77,517,70.0
2026-04-18 01:42:51 AM,KXATPCHALLENGERMATCH-26APR18ROYHOU-ROY,69,1,68,567,67,720,66,273,65,160,71,353,72,2182,73,649,74,496,77,517,70.0
2026-04-18 01:42:51 AM,KXATPCHALLENGERMATCH-26APR18ROYHOU-ROY,69,1,68,567,67,720,66,273,65,160,71,353,72,2874,73,649,74,496,77,517,70.0
2026-04-18 01:42:51 AM,KXATPCHALLENGERMATCH-26APR18ROYHOU-ROY,69,1,68,567,67,720,66,273,65,160,71,46,72,2874,73,649,74,496,77,517,70.0
2026-04-18 01:42:51 AM,KXATPCHALLENGERMATCH-26APR18ROYHOU-ROY,69,1,68,567,67,720,66,273,65,160,71,46,72,2182,73,649,74,496,77,517,70.0
2026-04-18 01:42:52 AM,KXATPCHALLENGERMATCH-26APR18ROYHOU-ROY,69,1,68,567,67,720,66,273,65,160,71,46,72,2182,73,1649,74,496,77,517,70.0
2026-04-18 01:42:52 AM,KXATPCHALLENGERMATCH-26APR18ROYHOU-ROY,69,1,68,567,67,720,66,273,65,160,71,46,72,2182,73,649,74,496,77,517,70.0
2026-04-18 01:42:52 AM,KXATPCHALLENGERMATCH-26APR18ROYHOU-ROY,69,1,68,567,67,720,66,273,65,160,71,353,72,2182,73,649,74,496,77,517,70.0
2026-04-18 01:42:52 AM,KXATPCHALLENGERMATCH-26APR18ROYHOU-ROY,69,1,68,567,67,720,66,273,65,160,71,353,72,2874,73,649,74,496,77,517,70.0
2026-04-18 01:42:52 AM,KXATPCHALLENGERMATCH-26APR18ROYHOU-ROY,69,1,68,567,67,720,66,273,65,160,71,46,72,2874,73,649,74,496,77,517,70.0
2026-04-18 01:42:52 AM,KXATPCHALLENGERMATCH-26APR18ROYHOU-ROY,69,1,68,567,67,720,66,273,65,160,71,46,72,2182,73,649,74,496,77,517,70.0
2026-04-18 01:42:52 AM,KXATPCHALLENGERMATCH-26APR18ROYHOU-ROY,69,1,68,567,67,720,66,273,65,160,71,46,72,2182,73,1649,74,496,77,517,70.0
2026-04-18 01:42:52 AM,KXATPCHALLENGERMATCH-26APR18ROYHOU-ROY,69,1,68,567,67,720,66,273,65,160,71,46,72,2182,73,649,74,496,77,517,70.0
2026-04-18 01:42:52 AM,KXATPCHALLENGERMATCH-26APR18ROYHOU-ROY,69,1,68,567,67,720,66,273,65,160,71,353,72,2182,73,649,74,496,77,517,70.0
2026-04-18 01:42:52 AM,KXATPCHALLENGERMATCH-26APR18ROYHOU-ROY,69,1,68,567,67,720,66,273,65,160,71,353,72,2874,73,649,74,496,77,517,70.0
2026-04-18 01:42:53 AM,KXATPCHALLENGERMATCH-26APR18ROYHOU-ROY,69,1,68,567,67,720,66,273,65,160,71,46,72,2874,73,649,74,496,77,517,70.0
2026-04-18 01:42:53 AM,KXATPCHALLENGERMATCH-26APR18ROYHOU-ROY,69,1,68,567,67,720,66,273,65,160,71,46,72,2182,73,649,74,496,77,517,70.0
2026-04-18 01:42:53 AM,KXATPCHALLENGERMATCH-26APR18ROYHOU-ROY,69,1,68,567,67,720,66,273,65,160,71,46,72,2182,73,1649,74,496,77,517,70.0
2026-04-18 01:42:53 AM,KXATPCHALLENGERMATCH-26APR18ROYHOU-ROY,69,1,68,567,67,720,66,273,65,160,71,46,72,2182,73,649,74,496,77,517,70.0
2026-04-18 01:42:53 AM,KXATPCHALLENGERMATCH-26APR18ROYHOU-ROY,69,1,68,567,67,720,66,273,65,160,71,353,72,2182,73,649,74,496,77,517,70.0
2026-04-18 01:42:53 AM,KXATPCHALLENGERMATCH-26APR18ROYHOU-ROY,69,1,68,567,67,720,66,273,65,160,71,353,72,2874,73,649,74,496,77,517,70.0
2026-04-18 01:42:53 AM,KXATPCHALLENGERMATCH-26APR18ROYHOU-ROY,69,1,68,567,67,720,66,273,65,160,71,46,72,2874,73,649,74,496,77,517,70.0
2026-04-18 01:42:53 AM,KXATPCHALLENGERMATCH-26APR18ROYHOU-ROY,69,1,68,567,67,720,66,273,65,160,71,46,72,2182,73,649,74,496,77,517,70.0
2026-04-18 01:42:53 AM,KXATPCHALLENGERMATCH-26APR18ROYHOU-ROY,69,1,68,567,67,720,66,273,65,160,71,46,72,2182,73,1649,74,496,77,517,70.0
2026-04-18 01:42:53 AM,KXATPCHALLENGERMATCH-26APR18ROYHOU-ROY,69,1,68,567,67,720,66,273,65,160,71,46,72,2182,73,649,74,496,77,517,70.0
2026-04-18 01:42:53 AM,KXATPCHALLENGERMATCH-26APR18ROYHOU-ROY,69,1,68,567,67,720,66,273,65,160,71,353,72,2182,73,649,74,496,77,517,70.0
2026-04-18 01:42:53 AM,KXATPCHALLENGERMATCH-26APR18ROYHOU-ROY,69,1,68,567,67,720,66,273,65,160,71,353,72,2874,73,649,74,496,77,517,70.0
2026-04-18 01:42:54 AM,KXATPCHALLENGERMATCH-26APR18ROYHOU-ROY,69,1,68,567,67,720,66,273,65,160,71,46,72,2874,73,649,74,496,77,517,70.0
2026-04-18 01:42:54 AM,KXATPCHALLENGERMATCH-26APR18ROYHOU-ROY,69,1,68,567,67,720,66,273,65,160,71,46,72,2182,73,649,74,496,77,517,70.0
2026-04-18 01:42:54 AM,KXATPCHALLENGERMATCH-26APR18ROYHOU-ROY,69,1,68,567,67,720,66,273,65,160,71,46,72,2182,73,1649,74,496,77,517,70.0
2026-04-18 01:42:54 AM,KXATPCHALLENGERMATCH-26APR18ROYHOU-ROY,69,1,68,567,67,720,66,273,65,160,71,46,72,2182,73,649,74,496,77,517,70.0
2026-04-18 01:42:54 AM,KXATPCHALLENGERMATCH-26APR18ROYHOU-ROY,69,1,68,567,67,720,66,273,65,160,71,353,72,2182,73,649,74,496,77,517,70.0
2026-04-18 01:42:54 AM,KXATPCHALLENGERMATCH-26APR18ROYHOU-ROY,69,1,68,567,67,720,66,273,65,160,71,353,72,2874,73,649,74,496,77,517,70.0
2026-04-18 01:42:54 AM,KXATPCHALLENGERMATCH-26APR18ROYHOU-ROY,69,1,68,567,67,720,66,273,65,160,71,46,72,2874,73,649,74,496,77,517,70.0
2026-04-18 01:42:54 AM,KXATPCHALLENGERMATCH-26APR18ROYHOU-ROY,69,1,68,567,67,720,66,273,65,160,71,46,72,2182,73,649,74,496,77,517,70.0
2026-04-18 01:42:54 AM,KXATPCHALLENGERMATCH-26APR18ROYHOU-ROY,69,1,68,567,67,720,66,273,65,160,71,46,72,2182,73,1649,74,496,77,517,70.0
2026-04-18 01:42:54 AM,KXATPCHALLENGERMATCH-26APR18ROYHOU-ROY,69,1,68,567,67,720,66,273,65,160,71,46,72,2182,73,649,74,496,77,517,70.0
2026-04-18 01:42:54 AM,KXATPCHALLENGERMATCH-26APR18ROYHOU-ROY,69,1,68,567,67,720,66,273,65,160,71,353,72,2182,73,649,74,496,77,517,70.0
2026-04-18 01:42:55 AM,KXATPCHALLENGERMATCH-26APR18ROYHOU-ROY,69,1,68,567,67,720,66,273,65,160,71,353,72,2874,73,649,74,496,77,517,70.0
2026-04-18 01:42:55 AM,KXATPCHALLENGERMATCH-26APR18ROYHOU-ROY,69,1,68,567,67,720,66,273,65,160,71,46,72,2874,73,649,74,496,77,517,70.0
2026-04-18 01:42:55 AM,KXATPCHALLENGERMATCH-26APR18ROYHOU-ROY,69,1,68,567,67,720,66,273,65,160,71,46,72,2182,73,649,74,496,77,517,70.0
2026-04-18 01:42:55 AM,KXATPCHALLENGERMATCH-26APR18ROYHOU-ROY,69,1,68,567,67,720,66,273,65,160,71,46,72,2182,73,1649,74,496,77,517,70.0
2026-04-18 01:42:55 AM,KXATPCHALLENGERMATCH-26APR18ROYHOU-ROY,69,1,68,567,67,720,66,273,65,160,71,46,72,2182,73,649,74,496,77,517,70.0
2026-04-18 01:42:55 AM,KXATPCHALLENGERMATCH-26APR18ROYHOU-ROY,69,1,68,567,67,720,66,273,65,160,71,353,72,2182,73,649,74,496,77,517,70.0
2026-04-18 01:42:55 AM,KXATPCHALLENGERMATCH-26APR18ROYHOU-ROY,69,1,68,567,67,720,66,273,65,160,71,353,72,2874,73,649,74,496,77,517,70.0
2026-04-18 01:42:55 AM,KXATPCHALLENGERMATCH-26APR18ROYHOU-ROY,69,1,68,567,67,720,66,273,65,160,71,46,72,2874,73,649,74,496,77,517,70.0
2026-04-18 01:42:55 AM,KXATPCHALLENGERMATCH-26APR18ROYHOU-ROY,69,1,68,567,67,720,66,273,65,160,71,46,72,2182,73,649,74,496,77,517,70.0
2026-04-18 01:42:55 AM,KXATPCHALLENGERMATCH-26APR18ROYHOU-ROY,69,1,68,567,67,720,66,273,65,160,71,46,72,2182,73,1649,74,496,77,517,70.0
2026-04-18 01:42:56 AM,KXATPCHALLENGERMATCH-26APR18ROYHOU-ROY,69,1,68,567,67,720,66,273,65,160,71,46,72,2182,73,649,74,496,77,517,70.0
2026-04-18 01:42:56 AM,KXATPCHALLENGERMATCH-26APR18ROYHOU-ROY,69,1,68,567,67,720,66,273,65,160,71,353,72,2182,73,649,74,496,77,517,70.0
2026-04-18 01:42:56 AM,KXATPCHALLENGERMATCH-26APR18ROYHOU-ROY,69,1,68,567,67,720,66,273,65,160,71,353,72,2874,73,649,74,496,77,517,70.0
2026-04-18 01:42:56 AM,KXATPCHALLENGERMATCH-26APR18ROYHOU-ROY,69,1,68,567,67,720,66,273,65,160,71,46,72,2874,73,649,74,496,77,517,70.0
2026-04-18 01:42:56 AM,KXATPCHALLENGERMATCH-26APR18ROYHOU-ROY,69,1,68,567,67,720,66,273,65,160,71,46,72,2182,73,649,74,496,77,517,70.0
2026-04-18 01:42:56 AM,KXATPCHALLENGERMATCH-26APR18ROYHOU-ROY,69,1,68,567,67,720,66,273,65,160,71,46,72,2182,73,1649,74,496,77,517,70.0
2026-04-18 01:42:56 AM,KXATPCHALLENGERMATCH-26APR18ROYHOU-ROY,69,1,68,567,67,720,66,273,65,160,71,46,72,2182,73,649,74,496,77,517,70.0
2026-04-18 01:42:56 AM,KXATPCHALLENGERMATCH-26APR18ROYHOU-ROY,69,1,68,567,67,720,66,273,65,160,71,353,72,2182,73,649,74,496,77,517,70.0
2026-04-18 01:42:56 AM,KXATPCHALLENGERMATCH-26APR18ROYHOU-ROY,69,1,68,567,67,720,66,273,65,160,71,353,72,2874,73,649,74,496,77,517,70.0
2026-04-18 01:42:56 AM,KXATPCHALLENGERMATCH-26APR18ROYHOU-ROY,69,1,68,567,67,720,66,273,65,160,71,46,72,2874,73,649,74,496,77,517,70.0
2026-04-18 01:42:56 AM,KXATPCHALLENGERMATCH-26APR18ROYHOU-ROY,69,1,68,567,67,720,66,273,65,160,71,46,72,2182,73,649,74,496,77,517,70.0
2026-04-18 01:42:57 AM,KXATPCHALLENGERMATCH-26APR18ROYHOU-ROY,69,1,68,567,67,720,66,273,65,160,71,46,72,2182,73,1649,74,496,77,517,70.0
2026-04-18 01:42:57 AM,KXATPCHALLENGERMATCH-26APR18ROYHOU-ROY,69,1,68,567,67,720,66,273,65,160,71,46,72,2182,73,649,74,496,77,517,70.0
2026-04-18 01:42:57 AM,KXATPCHALLENGERMATCH-26APR18ROYHOU-ROY,69,1,68,567,67,720,66,273,65,160,71,353,72,2182,73,649,74,496,77,517,70.0
2026-04-18 01:42:57 AM,KXATPCHALLENGERMATCH-26APR18ROYHOU-ROY,69,1,68,567,67,720,66,273,65,160,71,353,72,2874,73,649,74,496,77,517,70.0
2026-04-18 01:42:57 AM,KXATPCHALLENGERMATCH-26APR18ROYHOU-ROY,69,1,68,567,67,720,66,273,65,160,71,46,72,2874,73,649,74,496,77,517,70.0
2026-04-18 01:42:57 AM,KXATPCHALLENGERMATCH-26APR18ROYHOU-ROY,69,1,68,567,67,720,66,273,65,160,71,46,72,2182,73,649,74,496,77,517,70.0
2026-04-18 01:42:57 AM,KXATPCHALLENGERMATCH-26APR18ROYHOU-ROY,69,1,68,567,67,720,66,273,65,160,71,46,72,2182,73,1649,74,496,77,517,70.0
2026-04-18 01:42:57 AM,KXATPCHALLENGERMATCH-26APR18ROYHOU-ROY,69,1,68,567,67,720,66,273,65,160,71,46,72,2182,73,649,74,496,77,517,70.0
2026-04-18 01:42:57 AM,KXATPCHALLENGERMATCH-26APR18ROYHOU-ROY,69,1,68,567,67,720,66,273,65,160,71,353,72,2182,73,649,74,496,77,517,70.0
2026-04-18 01:42:57 AM,KXATPCHALLENGERMATCH-26APR18ROYHOU-ROY,69,1,68,567,67,720,66,273,65,160,71,353,72,2874,73,649,74,496,77,517,70.0
2026-04-18 01:42:58 AM,KXATPCHALLENGERMATCH-26APR18ROYHOU-ROY,69,1,68,567,67,720,66,273,65,160,71,46,72,2874,73,649,74,496,77,517,70.0
2026-04-18 01:42:58 AM,KXATPCHALLENGERMATCH-26APR18ROYHOU-ROY,69,1,68,567,67,720,66,273,65,160,71,46,72,2874,73,649,74,496,77,625,70.0
2026-04-18 01:42:58 AM,KXATPCHALLENGERMATCH-26APR18ROYHOU-ROY,69,1,68,567,67,720,66,273,65,160,71,46,72,2182,73,649,74,496,77,625,70.0
2026-04-18 01:42:58 AM,KXATPCHALLENGERMATCH-26APR18ROYHOU-ROY,69,1,68,567,67,720,66,273,65,160,71,46,72,2182,73,1649,74,496,77,625,70.0
2026-04-18 01:42:58 AM,KXATPCHALLENGERMATCH-26APR18ROYHOU-ROY,69,1,68,567,67,720,66,273,65,160,71,46,72,2182,73,649,74,496,77,625,70.0
2026-04-18 01:42:58 AM,KXATPCHALLENGERMATCH-26APR18ROYHOU-ROY,69,1,68,567,67,720,66,273,65,160,71,353,72,2182,73,649,74,496,77,625,70.0
2026-04-18 01:42:58 AM,KXATPCHALLENGERMATCH-26APR18ROYHOU-ROY,69,1,68,567,67,720,66,273,65,160,71,353,72,2874,73,649,74,496,77,625,70.0
2026-04-18 01:42:58 AM,KXATPCHALLENGERMATCH-26APR18ROYHOU-ROY,69,1,68,567,67,720,66,273,65,160,71,46,72,2874,73,649,74,496,77,625,70.0
2026-04-18 01:42:58 AM,KXATPCHALLENGERMATCH-26APR18ROYHOU-ROY,69,1,68,567,67,720,66,273,65,160,71,46,72,2182,73,649,74,496,77,625,70.0
2026-04-18 01:42:58 AM,KXATPCHALLENGERMATCH-26APR18ROYHOU-ROY,69,1,68,567,67,720,66,273,65,160,71,46,72,2182,73,1649,74,496,77,625,70.0
2026-04-18 01:42:58 AM,KXATPCHALLENGERMATCH-26APR18ROYHOU-ROY,69,1,68,567,67,720,66,273,65,160,71,46,72,2182,73,649,74,496,77,625,70.0
2026-04-18 01:42:58 AM,KXATPCHALLENGERMATCH-26APR18ROYHOU-ROY,69,1,68,567,67,720,66,273,65,160,71,353,72,2182,73,649,74,496,77,625,70.0
2026-04-18 01:42:58 AM,KXATPCHALLENGERMATCH-26APR18ROYHOU-ROY,69,1,68,567,67,720,66,273,65,160,71,353,72,2874,73,649,74,496,77,625,70.0
2026-04-18 01:42:59 AM,KXATPCHALLENGERMATCH-26APR18ROYHOU-ROY,69,1,68,567,67,720,66,273,65,160,71,46,72,2874,73,649,74,496,77,625,70.0
2026-04-18 01:42:59 AM,KXATPCHALLENGERMATCH-26APR18ROYHOU-ROY,69,1,68,567,67,720,66,273,65,160,71,46,72,2182,73,649,74,496,77,625,70.0
2026-04-18 01:42:59 AM,KXATPCHALLENGERMATCH-26APR18ROYHOU-ROY,69,1,68,567,67,720,66,273,65,160,71,46,72,2182,73,1649,74,496,77,625,70.0
2026-04-18 01:42:59 AM,KXATPCHALLENGERMATCH-26APR18ROYHOU-ROY,69,1,68,567,67,720,66,273,65,160,71,46,72,2182,73,649,74,496,77,625,70.0
2026-04-18 01:42:59 AM,KXATPCHALLENGERMATCH-26APR18ROYHOU-ROY,69,1,68,567,67,720,66,273,65,160,71,353,72,2182,73,649,74,496,77,625,70.0
2026-04-18 01:42:59 AM,KXATPCHALLENGERMATCH-26APR18ROYHOU-ROY,69,1,68,567,67,720,66,273,65,160,71,353,72,2874,73,649,74,496,77,625,70.0
2026-04-18 01:42:59 AM,KXATPCHALLENGERMATCH-26APR18ROYHOU-ROY,69,1,68,567,67,720,66,273,65,160,71,46,72,2874,73,649,74,496,77,625,70.0
2026-04-18 01:42:59 AM,KXATPCHALLENGERMATCH-26APR18ROYHOU-ROY,69,1,68,567,67,720,66,273,65,160,71,46,72,2182,73,649,74,496,77,625,70.0
2026-04-18 01:42:59 AM,KXATPCHALLENGERMATCH-26APR18ROYHOU-ROY,69,1,68,567,67,720,66,273,65,160,71,46,72,2182,73,1649,74,496,77,625,70.0
2026-04-18 01:42:59 AM,KXATPCHALLENGERMATCH-26APR18ROYHOU-ROY,69,1,68,567,67,720,66,273,65,160,71,46,72,2182,73,649,74,496,77,625,70.0
2026-04-18 01:42:59 AM,KXATPCHALLENGERMATCH-26APR18ROYHOU-ROY,69,1,68,567,67,720,66,273,65,160,71,353,72,2182,73,649,74,496,77,625,70.0
2026-04-18 01:43:00 AM,KXATPCHALLENGERMATCH-26APR18ROYHOU-ROY,69,1,68,567,67,720,66,273,65,160,71,353,72,2874,73,649,74,496,77,625,70.0
2026-04-18 01:43:00 AM,KXATPCHALLENGERMATCH-26APR18ROYHOU-ROY,69,1,68,567,67,720,66,273,65,160,71,46,72,2874,73,649,74,496,77,625,70.0
2026-04-18 01:43:00 AM,KXATPCHALLENGERMATCH-26APR18ROYHOU-ROY,69,1,68,567,67,720,66,273,65,160,71,46,72,2182,73,649,74,496,77,625,70.0
2026-04-18 01:43:00 AM,KXATPCHALLENGERMATCH-26APR18ROYHOU-ROY,69,1,68,567,67,720,66,273,65,160,71,46,72,2182,73,1649,74,496,77,625,70.0
2026-04-18 01:43:00 AM,KXATPCHALLENGERMATCH-26APR18ROYHOU-ROY,69,1,68,567,67,720,66,273,65,160,71,46,72,2182,73,649,74,496,77,625,70.0
2026-04-18 01:43:00 AM,KXATPCHALLENGERMATCH-26APR18ROYHOU-ROY,69,1,68,567,67,720,66,273,65,160,71,353,72,2182,73,649,74,496,77,625,70.0
2026-04-18 01:43:00 AM,KXATPCHALLENGERMATCH-26APR18ROYHOU-ROY,69,1,68,567,67,720,66,273,65,160,71,353,72,2874,73,649,74,496,77,625,70.0
2026-04-18 01:43:00 AM,KXATPCHALLENGERMATCH-26APR18ROYHOU-ROY,69,1,68,567,67,720,66,273,65,160,71,46,72,2874,73,649,74,496,77,625,70.0
2026-04-18 01:43:00 AM,KXATPCHALLENGERMATCH-26APR18ROYHOU-ROY,69,1,68,567,67,720,66,273,65,160,71,46,72,2182,73,649,74,496,77,625,70.0
2026-04-18 01:43:00 AM,KXATPCHALLENGERMATCH-26APR18ROYHOU-ROY,69,1,68,567,67,720,66,273,65,160,71,46,72,2182,73,1649,74,496,77,625,70.0
2026-04-18 01:43:01 AM,KXATPCHALLENGERMATCH-26APR18ROYHOU-ROY,69,1,68,567,67,720,66,273,65,160,71,46,72,2182,73,649,74,496,77,625,70.0
2026-04-18 01:43:01 AM,KXATPCHALLENGERMATCH-26APR18ROYHOU-ROY,69,1,68,567,67,720,66,273,65,160,71,353,72,2182,73,649,74,496,77,625,70.0
2026-04-18 01:43:01 AM,KXATPCHALLENGERMATCH-26APR18ROYHOU-ROY,69,1,68,567,67,720,66,273,65,160,71,353,72,2874,73,649,74,496,77,625,70.0
2026-04-18 01:43:01 AM,KXATPCHALLENGERMATCH-26APR18ROYHOU-ROY,69,1,68,567,67,720,66,273,65,160,71,46,72,2874,73,649,74,496,77,625,70.0
2026-04-18 01:43:01 AM,KXATPCHALLENGERMATCH-26APR18ROYHOU-ROY,69,1,68,567,67,720,66,273,65,160,71,46,72,2182,73,649,74,496,77,625,70.0
2026-04-18 01:43:01 AM,KXATPCHALLENGERMATCH-26APR18ROYHOU-ROY,69,1,68,567,67,720,66,273,65,160,71,46,72,2182,73,1649,74,496,77,625,70.0
2026-04-18 01:43:01 AM,KXATPCHALLENGERMATCH-26APR18ROYHOU-ROY,69,1,68,567,67,720,66,273,65,160,71,46,72,2182,73,649,74,496,77,625,70.0
2026-04-18 01:43:01 AM,KXATPCHALLENGERMATCH-26APR18ROYHOU-ROY,69,1,68,567,67,720,66,273,65,160,71,353,72,2182,73,649,74,496,77,625,70.0
2026-04-18 01:43:01 AM,KXATPCHALLENGERMATCH-26APR18ROYHOU-ROY,69,1,68,567,67,720,66,273,65,160,71,353,72,2874,73,649,74,496,77,625,70.0
2026-04-18 01:43:01 AM,KXATPCHALLENGERMATCH-26APR18ROYHOU-ROY,69,1,68,567,67,720,66,273,65,160,71,46,72,2874,73,649,74,496,77,625,70.0
2026-04-18 01:43:01 AM,KXATPCHALLENGERMATCH-26APR18ROYHOU-ROY,69,1,68,567,67,720,66,273,65,160,71,46,72,2182,73,649,74,496,77,625,70.0
2026-04-18 01:43:01 AM,KXATPCHALLENGERMATCH-26APR18ROYHOU-ROY,69,1,68,567,67,720,66,273,65,160,71,46,72,2182,73,1649,74,496,77,625,70.0
2026-04-18 01:43:02 AM,KXATPCHALLENGERMATCH-26APR18ROYHOU-ROY,69,1,68,567,67,720,66,273,65,160,71,46,72,2182,73,649,74,496,77,625,70.0
2026-04-18 01:43:02 AM,KXATPCHALLENGERMATCH-26APR18ROYHOU-ROY,69,1,68,567,67,720,66,273,65,160,71,353,72,2182,73,649,74,496,77,625,70.0
2026-04-18 01:43:02 AM,KXATPCHALLENGERMATCH-26APR18ROYHOU-ROY,69,1,68,567,67,720,66,273,65,160,71,353,72,2874,73,649,74,496,77,625,70.0
2026-04-18 01:43:02 AM,KXATPCHALLENGERMATCH-26APR18ROYHOU-ROY,69,1,68,567,67,720,66,273,65,160,71,46,72,2874,73,649,74,496,77,625,70.0
2026-04-18 01:43:02 AM,KXATPCHALLENGERMATCH-26APR18ROYHOU-ROY,69,1,68,567,67,720,66,273,65,160,71,46,72,2182,73,649,74,496,77,625,70.0
2026-04-18 01:43:02 AM,KXATPCHALLENGERMATCH-26APR18ROYHOU-ROY,69,1,68,567,67,720,66,273,65,160,71,46,72,2182,73,1649,74,496,77,625,70.0
2026-04-18 01:43:02 AM,KXATPCHALLENGERMATCH-26APR18ROYHOU-ROY,69,1,68,567,67,720,66,273,65,160,71,46,72,2182,73,649,74,496,77,625,70.0
2026-04-18 01:43:02 AM,KXATPCHALLENGERMATCH-26APR18ROYHOU-ROY,69,1,68,567,67,720,66,273,65,160,71,353,72,2182,73,649,74,496,77,625,70.0
2026-04-18 01:43:02 AM,KXATPCHALLENGERMATCH-26APR18ROYHOU-ROY,69,1,68,567,67,720,66,273,65,160,71,353,72,2874,73,649,74,496,77,625,70.0
2026-04-18 01:43:02 AM,KXATPCHALLENGERMATCH-26APR18ROYHOU-ROY,69,1,68,567,67,720,66,273,65,160,71,46,72,2874,73,649,74,496,77,625,70.0
2026-04-18 01:43:02 AM,KXATPCHALLENGERMATCH-26APR18ROYHOU-ROY,69,1,68,567,67,720,66,273,65,160,71,46,72,2182,73,649,74,496,77,625,70.0
2026-04-18 01:43:03 AM,KXATPCHALLENGERMATCH-26APR18ROYHOU-ROY,69,1,68,567,67,720,66,273,65,160,71,46,72,2182,73,1649,74,496,77,625,70.0
2026-04-18 01:43:03 AM,KXATPCHALLENGERMATCH-26APR18ROYHOU-ROY,69,1,68,567,67,720,66,273,65,160,71,46,72,2182,73,649,74,496,77,625,70.0
2026-04-18 01:43:03 AM,KXATPCHALLENGERMATCH-26APR18ROYHOU-ROY,69,1,68,567,67,720,66,273,65,160,71,353,72,2182,73,649,74,496,77,625,70.0
2026-04-18 01:43:03 AM,KXATPCHALLENGERMATCH-26APR18ROYHOU-ROY,69,1,68,567,67,720,66,273,65,160,71,353,72,2874,73,649,74,496,77,625,70.0
2026-04-18 01:43:03 AM,KXATPCHALLENGERMATCH-26APR18ROYHOU-ROY,69,1,68,567,67,720,66,273,65,160,71,46,72,2874,73,649,74,496,77,625,70.0
2026-04-18 01:43:03 AM,KXATPCHALLENGERMATCH-26APR18ROYHOU-ROY,69,1,68,567,67,720,66,273,65,160,71,46,72,2182,73,649,74,496,77,625,70.0
2026-04-18 01:43:03 AM,KXATPCHALLENGERMATCH-26APR18ROYHOU-ROY,69,1,68,567,67,720,66,273,65,160,71,46,72,2182,73,1649,74,496,77,625,70.0
2026-04-18 01:43:03 AM,KXATPCHALLENGERMATCH-26APR18ROYHOU-ROY,69,1,68,567,67,720,66,273,65,160,71,46,72,2182,73,649,74,496,77,625,70.0
2026-04-18 01:43:03 AM,KXATPCHALLENGERMATCH-26APR18ROYHOU-ROY,69,1,68,567,67,720,66,273,65,160,71,353,72,2182,73,649,74,496,77,625,70.0
2026-04-18 01:43:03 AM,KXATPCHALLENGERMATCH-26APR18ROYHOU-ROY,69,1,68,567,67,720,66,273,65,160,71,353,72,2874,73,649,74,496,77,625,70.0
2026-04-18 01:43:04 AM,KXATPCHALLENGERMATCH-26APR18ROYHOU-ROY,69,1,68,567,67,720,66,273,65,160,71,46,72,2874,73,649,74,496,77,625,70.0
2026-04-18 01:43:04 AM,KXATPCHALLENGERMATCH-26APR18ROYHOU-ROY,69,1,68,567,67,720,66,273,65,160,71,46,72,2182,73,649,74,496,77,625,70.0
2026-04-18 01:43:04 AM,KXATPCHALLENGERMATCH-26APR18ROYHOU-ROY,69,1,68,567,67,720,66,273,65,160,71,46,72,2182,73,1649,74,496,77,625,70.0
2026-04-18 01:43:04 AM,KXATPCHALLENGERMATCH-26APR18ROYHOU-ROY,69,1,68,567,67,720,66,273,65,160,71,46,72,2182,73,649,74,496,77,625,70.0
2026-04-18 01:43:04 AM,KXATPCHALLENGERMATCH-26APR18ROYHOU-ROY,69,1,68,567,67,720,66,273,65,160,71,353,72,2182,73,649,74,496,77,625,70.0
2026-04-18 01:43:04 AM,KXATPCHALLENGERMATCH-26APR18ROYHOU-ROY,69,1,68,567,67,720,66,273,65,160,71,353,72,2874,73,649,74,496,77,625,70.0
2026-04-18 01:43:04 AM,KXATPCHALLENGERMATCH-26APR18ROYHOU-ROY,69,1,68,567,67,720,66,273,65,160,71,46,72,2874,73,649,74,496,77,625,70.0
2026-04-18 01:43:04 AM,KXATPCHALLENGERMATCH-26APR18ROYHOU-ROY,69,1,68,567,67,720,66,273,65,160,71,46,72,2182,73,649,74,496,77,625,70.0
2026-04-18 01:43:04 AM,KXATPCHALLENGERMATCH-26APR18ROYHOU-ROY,69,1,68,567,67,720,66,273,65,160,71,46,72,2182,73,1649,74,496,77,625,70.0
