ts_et,ticker,bid_1,bid_1_sz,bid_2,bid_2_sz,bid_3,bid_3_sz,bid_4,bid_4_sz,bid_5,bid_5_sz,ask_1,ask_1_sz,ask_2,ask_2_sz,ask_3,ask_3_sz,ask_4,ask_4_sz,ask_5,ask_5_sz,mid
2026-04-17 09:43:06 PM,KXATPCHALLENGERMATCH-26APR17TABZIN-ZIN,8,38,7,12735,6,3159,5,6032,4,3991,9,16854,10,17227,11,7545,12,8747,13,6459,8.5
2026-04-17 09:43:07 PM,KXATPCHALLENGERMATCH-26APR17TABZIN-ZIN,8,38,7,12735,6,3159,5,6127,4,3991,9,16854,10,17227,11,7545,12,8747,13,6459,8.5
2026-04-17 09:43:07 PM,KXATPCHALLENGERMATCH-26APR17TABZIN-ZIN,7,12735,6,3159,5,6127,4,3991,3,7104,9,16854,10,17227,11,7545,12,8747,13,6459,8.0
2026-04-17 09:43:07 PM,KXATPCHALLENGERMATCH-26APR17TABZIN-ZIN,7,12495,6,3159,5,6127,4,3991,3,7104,9,16854,10,17227,11,7545,12,8747,13,6459,8.0
2026-04-17 09:43:07 PM,KXATPCHALLENGERMATCH-26APR17TABZIN-ZIN,7,12495,6,3199,5,6127,4,3991,3,7104,9,16854,10,17227,11,7545,12,8747,13,6459,8.0
2026-04-17 09:43:08 PM,KXATPCHALLENGERMATCH-26APR17TABZIN-ZIN,7,12395,6,3199,5,6127,4,3991,3,7104,9,16854,10,17227,11,7545,12,8747,13,6459,8.0
2026-04-17 09:43:08 PM,KXATPCHALLENGERMATCH-26APR17TABZIN-ZIN,8,100,7,12395,6,3199,5,6127,4,3991,9,16854,10,17227,11,7545,12,8747,13,6459,8.5
2026-04-17 09:43:08 PM,KXATPCHALLENGERMATCH-26APR17TABZIN-ZIN,8,100,7,12395,6,3159,5,6127,4,3991,9,16854,10,17227,11,7545,12,8747,13,6459,8.5
2026-04-17 09:43:08 PM,KXATPCHALLENGERMATCH-26APR17TABZIN-ZIN,8,100,7,12435,6,3159,5,6127,4,3991,9,16854,10,17227,11,7545,12,8747,13,6459,8.5
2026-04-17 09:43:08 PM,KXATPCHALLENGERMATCH-26APR17TABZIN-ZIN,8,100,7,12435,6,3159,5,6127,4,3991,9,16400,10,17227,11,7545,12,8747,13,6459,8.5
2026-04-17 09:43:09 PM,KXATPCHALLENGERMATCH-26APR17TABZIN-ZIN,8,100,7,12435,6,3159,5,6032,4,3991,9,16400,10,17227,11,7545,12,8747,13,6459,8.5
2026-04-17 09:43:11 PM,KXATPCHALLENGERMATCH-26APR17TABZIN-ZIN,8,100,7,12395,6,3159,5,6032,4,3991,9,16400,10,17227,11,7545,12,8747,13,6459,8.5
2026-04-17 09:43:11 PM,KXATPCHALLENGERMATCH-26APR17TABZIN-ZIN,8,100,7,12395,6,3159,5,6032,4,3991,9,16360,10,17227,11,7545,12,8747,13,6459,8.5
2026-04-17 09:43:12 PM,KXATPCHALLENGERMATCH-26APR17TABZIN-ZIN,8,110,7,12395,6,3159,5,6032,4,3991,9,16360,10,17227,11,7545,12,8747,13,6459,8.5
2026-04-17 09:43:12 PM,KXATPCHALLENGERMATCH-26APR17TABZIN-ZIN,8,110,7,12395,6,3159,5,6032,4,3991,9,16342,10,17227,11,7545,12,8747,13,6459,8.5
2026-04-17 09:43:12 PM,KXATPCHALLENGERMATCH-26APR17TABZIN-ZIN,8,110,7,12395,6,3159,5,6032,4,3991,9,16290,10,17227,11,7545,12,8747,13,6459,8.5
2026-04-17 09:43:13 PM,KXATPCHALLENGERMATCH-26APR17TABZIN-ZIN,8,110,7,12395,6,3159,5,6126,4,3991,9,16290,10,17227,11,7545,12,8747,13,6459,8.5
2026-04-17 09:43:14 PM,KXATPCHALLENGERMATCH-26APR17TABZIN-ZIN,8,110,7,12395,6,3159,5,6176,4,3991,9,16290,10,17227,11,7545,12,8747,13,6459,8.5
2026-04-17 09:43:15 PM,KXATPCHALLENGERMATCH-26APR17TABZIN-ZIN,8,110,7,12395,6,3159,5,6082,4,3991,9,16290,10,17227,11,7545,12,8747,13,6459,8.5
2026-04-17 09:43:17 PM,KXATPCHALLENGERMATCH-26APR17TABZIN-ZIN,8,110,7,12395,6,3159,5,6082,4,3991,9,16290,10,17227,11,7145,12,8747,13,6459,8.5
2026-04-17 09:43:17 PM,KXATPCHALLENGERMATCH-26APR17TABZIN-ZIN,8,110,7,12395,6,3159,5,6082,4,3991,9,15890,10,17227,11,7145,12,8747,13,6459,8.5
2026-04-17 09:43:17 PM,KXATPCHALLENGERMATCH-26APR17TABZIN-ZIN,8,110,7,12395,6,3159,5,6082,4,3991,9,15890,10,17227,11,7145,12,8347,13,6459,8.5
2026-04-17 09:43:17 PM,KXATPCHALLENGERMATCH-26APR17TABZIN-ZIN,8,110,7,12395,6,3159,5,6082,4,3991,9,15490,10,17227,11,7145,12,8347,13,6459,8.5
2026-04-17 09:43:17 PM,KXATPCHALLENGERMATCH-26APR17TABZIN-ZIN,8,110,7,12395,6,3159,5,6082,4,3991,9,15490,10,16827,11,7145,12,8347,13,6459,8.5
2026-04-17 09:43:17 PM,KXATPCHALLENGERMATCH-26APR17TABZIN-ZIN,8,110,7,12395,6,3159,5,6082,4,3991,9,15090,10,16827,11,7145,12,8347,13,6459,8.5
2026-04-17 09:43:17 PM,KXATPCHALLENGERMATCH-26APR17TABZIN-ZIN,8,110,7,12395,6,3159,5,6082,4,3991,9,14690,10,16827,11,7145,12,8347,13,6459,8.5
2026-04-17 09:43:17 PM,KXATPCHALLENGERMATCH-26APR17TABZIN-ZIN,8,110,7,12395,6,3159,5,6082,4,3991,9,14690,10,16427,11,7145,12,8347,13,6459,8.5
2026-04-17 09:43:17 PM,KXATPCHALLENGERMATCH-26APR17TABZIN-ZIN,8,10,7,12395,6,3159,5,6082,4,3991,9,14690,10,16427,11,7145,12,8347,13,6459,8.5
2026-04-17 09:43:17 PM,KXATPCHALLENGERMATCH-26APR17TABZIN-ZIN,7,12395,6,3159,5,6082,4,3991,3,7104,9,14690,10,16427,11,7145,12,8347,13,6459,8.0
2026-04-17 09:43:17 PM,KXATPCHALLENGERMATCH-26APR17TABZIN-ZIN,7,12395,6,3159,5,6082,4,3991,3,7104,8,290,9,14690,10,16427,11,7145,12,8347,7.5
2026-04-17 09:43:17 PM,KXATPCHALLENGERMATCH-26APR17TABZIN-ZIN,7,12395,6,3159,5,6082,4,3991,3,7104,8,690,9,14690,10,16427,11,7145,12,8347,7.5
2026-04-17 09:43:17 PM,KXATPCHALLENGERMATCH-26APR17TABZIN-ZIN,7,12395,6,3159,5,6082,4,3991,3,7104,8,1090,9,14690,10,16427,11,7145,12,8347,7.5
2026-04-17 09:43:17 PM,KXATPCHALLENGERMATCH-26APR17TABZIN-ZIN,7,12395,6,3159,5,6082,4,3991,3,7104,8,1130,9,14690,10,16427,11,7145,12,8347,7.5
2026-04-17 09:43:17 PM,KXATPCHALLENGERMATCH-26APR17TABZIN-ZIN,7,12545,6,3159,5,6082,4,3991,3,7104,8,1130,9,14690,10,16427,11,7145,12,8347,7.5
2026-04-17 09:43:17 PM,KXATPCHALLENGERMATCH-26APR17TABZIN-ZIN,7,12545,6,3159,5,6082,4,3991,3,7104,8,1130,9,14690,10,16397,11,7145,12,8347,7.5
2026-04-17 09:43:17 PM,KXATPCHALLENGERMATCH-26APR17TABZIN-ZIN,7,12545,6,3159,5,6082,4,3991,3,7104,8,1130,9,14720,10,16397,11,7145,12,8347,7.5
2026-04-17 09:43:17 PM,KXATPCHALLENGERMATCH-26APR17TABZIN-ZIN,7,12545,6,3159,5,6082,4,3991,3,7104,8,1130,9,14715,10,16397,11,7145,12,8347,7.5
2026-04-17 09:43:17 PM,KXATPCHALLENGERMATCH-26APR17TABZIN-ZIN,7,12545,6,3159,5,6082,4,3991,3,7104,8,1135,9,14715,10,16397,11,7145,12,8347,7.5
2026-04-17 09:43:17 PM,KXATPCHALLENGERMATCH-26APR17TABZIN-ZIN,7,12545,6,3159,5,6082,4,3991,3,7104,8,845,9,14715,10,16397,11,7145,12,8347,7.5
2026-04-17 09:43:17 PM,KXATPCHALLENGERMATCH-26APR17TABZIN-ZIN,7,12545,6,3159,5,6082,4,3991,3,7104,8,530,9,14715,10,16397,11,7145,12,8347,7.5
2026-04-17 09:43:17 PM,KXATPCHALLENGERMATCH-26APR17TABZIN-ZIN,7,12545,6,3159,5,6082,4,3991,3,7104,8,930,9,14715,10,16397,11,7145,12,8347,7.5
2026-04-17 09:43:18 PM,KXATPCHALLENGERMATCH-26APR17TABZIN-ZIN,7,12545,6,3159,5,6082,4,3991,3,7104,8,930,9,14715,10,12927,11,7145,12,8347,7.5
2026-04-17 09:43:18 PM,KXATPCHALLENGERMATCH-26APR17TABZIN-ZIN,7,12545,6,3159,5,6082,4,3991,3,7104,8,530,9,14715,10,12927,11,7145,12,8347,7.5
2026-04-17 09:43:18 PM,KXATPCHALLENGERMATCH-26APR17TABZIN-ZIN,7,12545,6,3159,5,6082,4,3991,3,7104,8,530,9,14715,10,12927,11,7145,12,8197,7.5
2026-04-17 09:43:18 PM,KXATPCHALLENGERMATCH-26APR17TABZIN-ZIN,7,12545,6,3159,5,6082,4,3991,3,7104,8,530,9,14715,10,12927,11,7295,12,8197,7.5
2026-04-17 09:43:18 PM,KXATPCHALLENGERMATCH-26APR17TABZIN-ZIN,7,12545,6,3159,5,6082,4,3991,3,7104,8,530,9,14715,10,12927,11,7295,12,8187,7.5
2026-04-17 09:43:18 PM,KXATPCHALLENGERMATCH-26APR17TABZIN-ZIN,7,12545,6,3159,5,6082,4,3991,3,7104,8,530,9,14715,10,12927,11,7305,12,8187,7.5
2026-04-17 09:43:18 PM,KXATPCHALLENGERMATCH-26APR17TABZIN-ZIN,7,12545,6,3159,5,6082,4,3991,3,7104,8,565,9,14715,10,12927,11,7305,12,8187,7.5
2026-04-17 09:43:18 PM,KXATPCHALLENGERMATCH-26APR17TABZIN-ZIN,7,12545,6,3159,5,6082,4,3991,3,7104,8,965,9,14715,10,12927,11,7305,12,8187,7.5
2026-04-17 09:43:20 PM,KXATPCHALLENGERMATCH-26APR17TABZIN-ZIN,7,12545,6,3159,5,6082,4,3991,3,7104,8,881,9,14715,10,12927,11,7305,12,8187,7.5
2026-04-17 09:43:20 PM,KXATPCHALLENGERMATCH-26APR17TABZIN-ZIN,7,12545,6,3159,5,6082,4,3991,3,7104,8,848,9,14715,10,12927,11,7305,12,8187,7.5
2026-04-17 09:43:20 PM,KXATPCHALLENGERMATCH-26APR17TABZIN-ZIN,7,12545,6,3159,5,6082,4,3991,3,7104,8,1248,9,14715,10,12927,11,7305,12,8187,7.5
2026-04-17 09:43:20 PM,KXATPCHALLENGERMATCH-26APR17TABZIN-ZIN,7,12545,6,3159,5,6082,4,4099,3,7104,8,1248,9,14715,10,12927,11,7305,12,8187,7.5
2026-04-17 09:43:21 PM,KXATPCHALLENGERMATCH-26APR17TABZIN-ZIN,7,12545,6,3159,5,6082,4,4099,3,7104,8,1173,9,14715,10,12927,11,7305,12,8187,7.5
2026-04-17 09:43:22 PM,KXATPCHALLENGERMATCH-26APR17TABZIN-ZIN,7,12545,6,3159,5,6082,4,3991,3,7104,8,1173,9,14715,10,12927,11,7305,12,8187,7.5
2026-04-17 09:43:23 PM,KXATPCHALLENGERMATCH-26APR17TABZIN-ZIN,7,12645,6,3159,5,6082,4,3991,3,7104,8,1173,9,14715,10,12927,11,7305,12,8187,7.5
2026-04-17 09:43:23 PM,KXATPCHALLENGERMATCH-26APR17TABZIN-ZIN,7,12645,6,3159,5,6082,4,3991,3,7104,8,1573,9,14715,10,12927,11,7305,12,8187,7.5
2026-04-17 09:43:24 PM,KXATPCHALLENGERMATCH-26APR17TABZIN-ZIN,7,12595,6,3159,5,6082,4,3991,3,7104,8,1573,9,14715,10,12927,11,7305,12,8187,7.5
2026-04-17 09:43:24 PM,KXATPCHALLENGERMATCH-26APR17TABZIN-ZIN,7,12620,6,3159,5,6082,4,3991,3,7104,8,1573,9,14715,10,12927,11,7305,12,8187,7.5
2026-04-17 09:43:24 PM,KXATPCHALLENGERMATCH-26APR17TABZIN-ZIN,7,12620,6,3209,5,6082,4,3991,3,7104,8,1573,9,14715,10,12927,11,7305,12,8187,7.5
2026-04-17 09:43:25 PM,KXATPCHALLENGERMATCH-26APR17TABZIN-ZIN,7,12620,6,3209,5,6082,4,4089,3,7104,8,1573,9,14715,10,12927,11,7305,12,8187,7.5
2026-04-17 09:43:26 PM,KXATPCHALLENGERMATCH-26APR17TABZIN-ZIN,7,12620,6,3209,5,6082,4,4089,3,7104,8,1562,9,14715,10,12927,11,7305,12,8187,7.5
2026-04-17 09:43:26 PM,KXATPCHALLENGERMATCH-26APR17TABZIN-ZIN,7,12595,6,3209,5,6082,4,4089,3,7104,8,1562,9,14715,10,12927,11,7305,12,8187,7.5
2026-04-17 09:43:27 PM,KXATPCHALLENGERMATCH-26APR17TABZIN-ZIN,7,12595,6,3209,5,6082,4,3991,3,7104,8,1562,9,14715,10,12927,11,7305,12,8187,7.5
2026-04-17 09:43:27 PM,KXATPCHALLENGERMATCH-26APR17TABZIN-ZIN,7,12595,6,3209,5,6082,4,4016,3,7104,8,1562,9,14715,10,12927,11,7305,12,8187,7.5
2026-04-17 09:43:27 PM,KXATPCHALLENGERMATCH-26APR17TABZIN-ZIN,7,12595,6,3209,5,6082,4,4016,3,7104,8,1962,9,14715,10,12927,11,7305,12,8187,7.5
2026-04-17 09:43:27 PM,KXATPCHALLENGERMATCH-26APR17TABZIN-ZIN,7,12595,6,3209,5,6082,4,3991,3,7104,8,1962,9,14715,10,12927,11,7305,12,8187,7.5
2026-04-17 09:43:29 PM,KXATPCHALLENGERMATCH-26APR17TABZIN-ZIN,7,12595,6,3209,5,6082,4,3991,3,7104,8,1858,9,14715,10,12927,11,7305,12,8187,7.5
2026-04-17 09:43:29 PM,KXATPCHALLENGERMATCH-26APR17TABZIN-ZIN,7,12595,6,3209,5,6082,4,3991,3,7104,8,1458,9,14715,10,12927,11,7305,12,8187,7.5
2026-04-17 09:43:30 PM,KXATPCHALLENGERMATCH-26APR17TABZIN-ZIN,7,12595,6,3209,5,6082,4,3991,3,7104,8,1858,9,14715,10,12927,11,7305,12,8187,7.5
2026-04-17 09:43:31 PM,KXATPCHALLENGERMATCH-26APR17TABZIN-ZIN,7,12595,6,3209,5,6082,4,4099,3,7104,8,1858,9,14715,10,12927,11,7305,12,8187,7.5
2026-04-17 09:43:32 PM,KXATPCHALLENGERMATCH-26APR17TABZIN-ZIN,7,12509,6,3209,5,6082,4,4099,3,7104,8,1858,9,14715,10,12927,11,7305,12,8187,7.5
2026-04-17 09:43:33 PM,KXATPCHALLENGERMATCH-26APR17TABZIN-ZIN,7,12509,6,3209,5,6082,4,3991,3,7104,8,1858,9,14715,10,12927,11,7305,12,8187,7.5
2026-04-17 09:43:33 PM,KXATPCHALLENGERMATCH-26APR17TABZIN-ZIN,7,12509,6,3209,5,6082,4,3991,3,7104,8,1854,9,14715,10,12927,11,7305,12,8187,7.5
2026-04-17 09:43:34 PM,KXATPCHALLENGERMATCH-26APR17TABZIN-ZIN,7,12509,6,3209,5,6082,4,3991,3,7104,8,2254,9,14715,10,12927,11,7305,12,8187,7.5
2026-04-17 09:43:34 PM,KXATPCHALLENGERMATCH-26APR17TABZIN-ZIN,7,12509,6,3209,5,6082,4,3991,3,7104,8,2251,9,14715,10,12927,11,7305,12,8187,7.5
2026-04-17 09:43:35 PM,KXATPCHALLENGERMATCH-26APR17TABZIN-ZIN,7,12450,6,3209,5,6082,4,3991,3,7104,8,2251,9,14715,10,12927,11,7305,12,8187,7.5
2026-04-17 09:43:38 PM,KXATPCHALLENGERMATCH-26APR17TABZIN-ZIN,7,12450,6,3209,5,6082,4,3991,3,7104,8,2250,9,14715,10,12927,11,7305,12,8187,7.5
2026-04-17 09:43:38 PM,KXATPCHALLENGERMATCH-26APR17TABZIN-ZIN,7,12450,6,3209,5,6082,4,3991,3,7104,8,2650,9,14715,10,12927,11,7305,12,8187,7.5
2026-04-17 09:43:38 PM,KXATPCHALLENGERMATCH-26APR17TABZIN-ZIN,7,12450,6,3209,5,6082,4,4091,3,7104,8,2650,9,14715,10,12927,11,7305,12,8187,7.5
2026-04-17 09:43:39 PM,KXATPCHALLENGERMATCH-26APR17TABZIN-ZIN,7,12350,6,3209,5,6082,4,4091,3,7104,8,2650,9,14715,10,12927,11,7305,12,8187,7.5
2026-04-17 09:43:39 PM,KXATPCHALLENGERMATCH-26APR17TABZIN-ZIN,7,12350,6,3209,5,6082,4,4091,3,7104,8,2650,9,13215,10,12927,11,7305,12,8187,7.5
2026-04-17 09:43:39 PM,KXATPCHALLENGERMATCH-26APR17TABZIN-ZIN,7,10378,6,3209,5,6082,4,4091,3,7104,8,2650,9,13215,10,12927,11,7305,12,8187,7.5
2026-04-17 09:43:39 PM,KXATPCHALLENGERMATCH-26APR17TABZIN-ZIN,7,10378,6,3209,5,6082,4,4091,3,7104,8,2650,9,13215,10,10977,11,7305,12,8187,7.5
2026-04-17 09:43:39 PM,KXATPCHALLENGERMATCH-26APR17TABZIN-ZIN,7,10378,6,3209,5,6082,4,4091,3,7104,8,2650,9,13165,10,10977,11,7305,12,8187,7.5
2026-04-17 09:43:39 PM,KXATPCHALLENGERMATCH-26APR17TABZIN-ZIN,7,10378,6,3209,5,6107,4,4091,3,7104,8,2650,9,13165,10,10977,11,7305,12,8187,7.5
2026-04-17 09:43:39 PM,KXATPCHALLENGERMATCH-26APR17TABZIN-ZIN,7,10378,6,3209,5,6107,4,4091,3,7104,8,2700,9,13165,10,10977,11,7305,12,8187,7.5
2026-04-17 09:43:39 PM,KXATPCHALLENGERMATCH-26APR17TABZIN-ZIN,7,8478,6,3209,5,6107,4,4091,3,7104,8,2700,9,13165,10,10977,11,7305,12,8187,7.5
2026-04-17 09:43:39 PM,KXATPCHALLENGERMATCH-26APR17TABZIN-ZIN,7,8478,6,3209,5,6107,4,4091,3,7104,8,2700,9,13165,10,10977,11,673,12,8187,7.5
2026-04-17 09:43:39 PM,KXATPCHALLENGERMATCH-26APR17TABZIN-ZIN,7,8478,6,1245,5,6107,4,4091,3,7104,8,2700,9,13165,10,10977,11,673,12,8187,7.5
2026-04-17 09:43:39 PM,KXATPCHALLENGERMATCH-26APR17TABZIN-ZIN,7,8478,6,1245,5,6107,4,656,3,7104,8,2700,9,13165,10,10977,11,673,12,8187,7.5
2026-04-17 09:43:39 PM,KXATPCHALLENGERMATCH-26APR17TABZIN-ZIN,7,8478,6,1245,5,6107,4,656,3,7104,8,2700,9,13165,10,3771,11,673,12,8187,7.5
2026-04-17 09:43:39 PM,KXATPCHALLENGERMATCH-26APR17TABZIN-ZIN,7,8478,6,1245,5,6107,4,656,3,2586,8,2700,9,13165,10,3771,11,673,12,8187,7.5
2026-04-17 09:43:39 PM,KXATPCHALLENGERMATCH-26APR17TABZIN-ZIN,7,8478,6,1245,5,6107,4,656,3,2586,8,2700,9,13165,10,3771,11,673,12,1511,7.5
2026-04-17 09:43:39 PM,KXATPCHALLENGERMATCH-26APR17TABZIN-ZIN,7,8478,6,1245,5,2672,4,656,3,2586,8,2700,9,13165,10,3771,11,673,12,1511,7.5
2026-04-17 09:43:39 PM,KXATPCHALLENGERMATCH-26APR17TABZIN-ZIN,7,8478,6,1245,5,2672,4,656,3,2586,8,2700,9,8472,10,3771,11,673,12,1511,7.5
2026-04-17 09:43:39 PM,KXATPCHALLENGERMATCH-26APR17TABZIN-ZIN,7,8478,6,1245,5,2672,4,656,3,2586,8,2700,9,8472,10,3771,11,673,12,42,7.5
2026-04-17 09:43:39 PM,KXATPCHALLENGERMATCH-26APR17TABZIN-ZIN,7,8478,6,1245,5,2672,4,656,3,2586,8,2700,9,8472,10,2870,11,673,12,42,7.5
2026-04-17 09:43:39 PM,KXATPCHALLENGERMATCH-26APR17TABZIN-ZIN,7,8478,6,1245,5,2672,4,1366,3,2586,8,2700,9,8472,10,2870,11,673,12,42,7.5
2026-04-17 09:43:39 PM,KXATPCHALLENGERMATCH-26APR17TABZIN-ZIN,7,8478,6,1245,5,2672,4,1366,3,2586,8,2700,9,8472,10,2870,11,1383,12,42,7.5
2026-04-17 09:43:39 PM,KXATPCHALLENGERMATCH-26APR17TABZIN-ZIN,7,8478,6,1245,5,2672,4,1366,3,2586,8,2700,9,8472,10,2870,11,1383,12,752,7.5
2026-04-17 09:43:39 PM,KXATPCHALLENGERMATCH-26APR17TABZIN-ZIN,7,8478,6,1245,5,2672,4,1366,3,2586,8,2700,9,7762,10,2870,11,1383,12,752,7.5
2026-04-17 09:43:39 PM,KXATPCHALLENGERMATCH-26APR17TABZIN-ZIN,7,8478,6,1245,5,2672,4,1366,3,2586,8,2700,9,7762,10,2160,11,1383,12,752,7.5
2026-04-17 09:43:39 PM,KXATPCHALLENGERMATCH-26APR17TABZIN-ZIN,7,8478,6,1245,5,2672,4,1366,3,2586,8,2300,9,7762,10,2160,11,1383,12,752,7.5
2026-04-17 09:43:39 PM,KXATPCHALLENGERMATCH-26APR17TABZIN-ZIN,7,8478,6,1245,5,2672,4,1366,3,2586,8,1900,9,7762,10,2160,11,1383,12,752,7.5
2026-04-17 09:43:39 PM,KXATPCHALLENGERMATCH-26APR17TABZIN-ZIN,7,8478,6,1245,5,2672,4,1366,3,2586,8,1500,9,7762,10,2160,11,1383,12,752,7.5
2026-04-17 09:43:39 PM,KXATPCHALLENGERMATCH-26APR17TABZIN-ZIN,7,8478,6,1245,5,2672,4,1366,3,2586,8,1100,9,7762,10,2160,11,1383,12,752,7.5
2026-04-17 09:43:39 PM,KXATPCHALLENGERMATCH-26APR17TABZIN-ZIN,7,8478,6,1245,5,2672,4,1366,3,2586,8,1100,9,6762,10,2160,11,1383,12,752,7.5
2026-04-17 09:43:39 PM,KXATPCHALLENGERMATCH-26APR17TABZIN-ZIN,7,8478,6,535,5,2672,4,1366,3,2586,8,1100,9,6762,10,2160,11,1383,12,752,7.5
2026-04-17 09:43:39 PM,KXATPCHALLENGERMATCH-26APR17TABZIN-ZIN,7,8478,6,535,5,2672,4,1366,3,2586,8,1100,9,6762,10,2160,11,673,12,752,7.5
2026-04-17 09:43:39 PM,KXATPCHALLENGERMATCH-26APR17TABZIN-ZIN,7,8478,6,535,5,2672,4,1366,3,2586,8,1100,9,6762,10,2160,11,673,12,42,7.5
2026-04-17 09:43:39 PM,KXATPCHALLENGERMATCH-26APR17TABZIN-ZIN,7,8478,6,535,5,2672,4,1366,3,2586,8,1100,9,6362,10,2160,11,673,12,42,7.5
2026-04-17 09:43:39 PM,KXATPCHALLENGERMATCH-26APR17TABZIN-ZIN,7,8478,6,485,5,2672,4,1366,3,2586,8,1100,9,6362,10,2160,11,673,12,42,7.5
2026-04-17 09:43:39 PM,KXATPCHALLENGERMATCH-26APR17TABZIN-ZIN,7,8478,6,485,5,2672,4,1366,3,2586,8,1050,9,6362,10,2160,11,673,12,42,7.5
2026-04-17 09:43:39 PM,KXATPCHALLENGERMATCH-26APR17TABZIN-ZIN,7,8078,6,485,5,2672,4,1366,3,2586,8,1050,9,6362,10,2160,11,673,12,42,7.5
2026-04-17 09:43:39 PM,KXATPCHALLENGERMATCH-26APR17TABZIN-ZIN,7,8078,6,85,5,2672,4,1366,3,2586,8,1050,9,6362,10,2160,11,673,12,42,7.5
2026-04-17 09:43:39 PM,KXATPCHALLENGERMATCH-26APR17TABZIN-ZIN,7,8078,6,85,5,2672,4,1366,3,2586,8,650,9,6362,10,2160,11,673,12,42,7.5
2026-04-17 09:43:39 PM,KXATPCHALLENGERMATCH-26APR17TABZIN-ZIN,7,8078,6,85,5,2672,4,1366,3,2586,8,650,9,6362,10,1760,11,673,12,42,7.5
2026-04-17 09:43:39 PM,KXATPCHALLENGERMATCH-26APR17TABZIN-ZIN,7,8078,6,85,5,2672,4,1366,3,2586,8,483,9,6362,10,1760,11,673,12,42,7.5
2026-04-17 09:43:39 PM,KXATPCHALLENGERMATCH-26APR17TABZIN-ZIN,7,8078,6,85,5,2672,4,1366,3,2586,8,83,9,6362,10,1760,11,673,12,42,7.5
2026-04-17 09:43:39 PM,KXATPCHALLENGERMATCH-26APR17TABZIN-ZIN,7,8078,6,85,5,2672,4,1366,3,2586,8,83,9,6412,10,1760,11,673,12,42,7.5
2026-04-17 09:43:39 PM,KXATPCHALLENGERMATCH-26APR17TABZIN-ZIN,7,8078,6,85,5,2722,4,1366,3,2586,8,83,9,6412,10,1760,11,673,12,42,7.5
2026-04-17 09:43:39 PM,KXATPCHALLENGERMATCH-26APR17TABZIN-ZIN,7,8078,6,85,5,2722,4,1766,3,2586,8,83,9,6412,10,1760,11,673,12,42,7.5
2026-04-17 09:43:39 PM,KXATPCHALLENGERMATCH-26APR17TABZIN-ZIN,7,8078,6,85,5,2722,4,1766,3,2986,8,83,9,6412,10,1760,11,673,12,42,7.5
2026-04-17 09:43:39 PM,KXATPCHALLENGERMATCH-26APR17TABZIN-ZIN,7,8078,6,85,5,2012,4,1766,3,2986,8,83,9,6412,10,1760,11,673,12,42,7.5
2026-04-17 09:43:39 PM,KXATPCHALLENGERMATCH-26APR17TABZIN-ZIN,7,8078,6,85,5,2012,4,1056,3,2986,8,83,9,6412,10,1760,11,673,12,42,7.5
2026-04-17 09:43:39 PM,KXATPCHALLENGERMATCH-26APR17TABZIN-ZIN,7,8078,6,85,5,2012,4,1056,3,2986,8,83,9,6412,10,1760,11,673,12,442,7.5
2026-04-17 09:43:39 PM,KXATPCHALLENGERMATCH-26APR17TABZIN-ZIN,7,8078,6,85,5,1987,4,1056,3,2986,8,83,9,6412,10,1760,11,673,12,442,7.5
2026-04-17 09:43:39 PM,KXATPCHALLENGERMATCH-26APR17TABZIN-ZIN,7,8078,6,85,5,1987,4,1056,3,2986,8,83,9,6412,10,1610,11,673,12,442,7.5
2026-04-17 09:43:40 PM,KXATPCHALLENGERMATCH-26APR17TABZIN-ZIN,7,8078,6,85,5,1987,4,1056,3,1362,8,83,9,6412,10,1610,11,673,12,442,7.5
2026-04-17 09:43:40 PM,KXATPCHALLENGERMATCH-26APR17TABZIN-ZIN,7,8078,6,85,5,1987,4,956,3,1362,8,83,9,6412,10,1610,11,673,12,442,7.5
2026-04-17 09:43:40 PM,KXATPCHALLENGERMATCH-26APR17TABZIN-ZIN,7,8078,6,85,5,1987,4,956,3,529,8,83,9,6412,10,1610,11,673,12,442,7.5
2026-04-17 09:43:43 PM,KXATPCHALLENGERMATCH-26APR17TABZIN-ZIN,7,8078,6,85,5,1987,4,956,3,529,8,72,9,6412,10,1610,11,673,12,442,7.5
2026-04-17 09:43:44 PM,KXATPCHALLENGERMATCH-26APR17TABZIN-ZIN,7,8078,6,85,5,1987,4,956,3,529,8,49,9,6412,10,1610,11,673,12,442,7.5
2026-04-17 09:43:44 PM,KXATPCHALLENGERMATCH-26APR17TABZIN-ZIN,7,8078,6,85,5,1987,4,956,3,529,8,44,9,6412,10,1610,11,673,12,442,7.5
2026-04-17 09:43:44 PM,KXATPCHALLENGERMATCH-26APR17TABZIN-ZIN,7,8078,6,85,5,1987,4,956,3,529,8,44,9,6417,10,1610,11,673,12,442,7.5
2026-04-17 09:43:44 PM,KXATPCHALLENGERMATCH-26APR17TABZIN-ZIN,7,8078,6,85,5,1987,4,956,3,529,8,40,9,6417,10,1610,11,673,12,442,7.5
2026-04-17 09:43:44 PM,KXATPCHALLENGERMATCH-26APR17TABZIN-ZIN,7,8078,6,85,5,1987,4,956,3,529,8,40,9,6417,10,1650,11,673,12,442,7.5
2026-04-17 09:43:45 PM,KXATPCHALLENGERMATCH-26APR17TABZIN-ZIN,7,8078,6,85,5,1987,4,956,3,529,8,29,9,6417,10,1650,11,673,12,442,7.5
2026-04-17 09:43:47 PM,KXATPCHALLENGERMATCH-26APR17TABZIN-ZIN,7,8578,6,85,5,1987,4,956,3,529,8,29,9,6417,10,1650,11,673,12,442,7.5
2026-04-17 09:43:49 PM,KXATPCHALLENGERMATCH-26APR17TABZIN-ZIN,7,8578,6,85,5,1987,4,956,3,529,8,6,9,6417,10,1650,11,673,12,442,7.5
2026-04-17 09:43:49 PM,KXATPCHALLENGERMATCH-26APR17TABZIN-ZIN,7,8578,6,85,5,1987,4,956,3,529,8,6,9,5641,10,1650,11,673,12,442,7.5
2026-04-17 09:43:49 PM,KXATPCHALLENGERMATCH-26APR17TABZIN-ZIN,7,8678,6,85,5,1987,4,956,3,529,8,6,9,5641,10,1650,11,673,12,442,7.5
2026-04-17 09:43:49 PM,KXATPCHALLENGERMATCH-26APR17TABZIN-ZIN,7,8678,6,85,5,1987,4,956,3,529,8,6,9,4641,10,1650,11,673,12,442,7.5
2026-04-17 09:43:49 PM,KXATPCHALLENGERMATCH-26APR17TABZIN-ZIN,7,8678,6,85,5,1987,4,956,3,529,8,6,9,4241,10,1650,11,673,12,442,7.5
2026-04-17 09:43:49 PM,KXATPCHALLENGERMATCH-26APR17TABZIN-ZIN,7,8678,6,85,5,1987,4,956,3,529,8,6,9,3508,10,1650,11,673,12,442,7.5
2026-04-17 09:43:49 PM,KXATPCHALLENGERMATCH-26APR17TABZIN-ZIN,7,8678,6,85,5,1987,4,1666,3,529,8,6,9,3508,10,1650,11,673,12,442,7.5
2026-04-17 09:43:49 PM,KXATPCHALLENGERMATCH-26APR17TABZIN-ZIN,7,8678,6,85,5,1987,4,1666,3,1239,8,6,9,3508,10,1650,11,673,12,442,7.5
2026-04-17 09:43:49 PM,KXATPCHALLENGERMATCH-26APR17TABZIN-ZIN,7,8678,6,85,5,1987,4,1666,3,1239,8,6,9,3508,10,650,11,673,12,442,7.5
2026-04-17 09:43:49 PM,KXATPCHALLENGERMATCH-26APR17TABZIN-ZIN,7,8678,6,85,5,1987,4,1666,3,1239,8,6,9,2508,10,650,11,673,12,442,7.5
2026-04-17 09:43:49 PM,KXATPCHALLENGERMATCH-26APR17TABZIN-ZIN,7,8678,6,85,5,1987,4,1666,3,1239,8,6,9,2478,10,650,11,673,12,442,7.5
2026-04-17 09:43:49 PM,KXATPCHALLENGERMATCH-26APR17TABZIN-ZIN,7,8678,6,85,5,1987,4,1666,3,1239,8,6,9,2478,10,680,11,673,12,442,7.5
2026-04-17 09:43:49 PM,KXATPCHALLENGERMATCH-26APR17TABZIN-ZIN,7,8678,6,85,5,1987,4,956,3,1239,8,6,9,2478,10,680,11,673,12,442,7.5
2026-04-17 09:43:49 PM,KXATPCHALLENGERMATCH-26APR17TABZIN-ZIN,7,8678,6,85,5,1987,4,956,3,529,8,6,9,2478,10,680,11,673,12,442,7.5
2026-04-17 09:43:49 PM,KXATPCHALLENGERMATCH-26APR17TABZIN-ZIN,7,8678,6,85,5,1987,4,956,3,129,8,6,9,2478,10,680,11,673,12,442,7.5
2026-04-17 09:43:49 PM,KXATPCHALLENGERMATCH-26APR17TABZIN-ZIN,7,8678,6,85,5,1987,4,956,3,129,8,6,9,2428,10,680,11,673,12,442,7.5
2026-04-17 09:43:49 PM,KXATPCHALLENGERMATCH-26APR17TABZIN-ZIN,7,8678,6,85,5,1937,4,956,3,129,8,6,9,2428,10,680,11,673,12,442,7.5
2026-04-17 09:43:49 PM,KXATPCHALLENGERMATCH-26APR17TABZIN-ZIN,7,8678,6,85,5,1937,4,956,3,129,8,6,9,2028,10,680,11,673,12,442,7.5
2026-04-17 09:43:49 PM,KXATPCHALLENGERMATCH-26APR17TABZIN-ZIN,7,8678,6,85,5,1937,4,956,3,129,8,6,9,1628,10,680,11,673,12,442,7.5
2026-04-17 09:43:49 PM,KXATPCHALLENGERMATCH-26APR17TABZIN-ZIN,7,8678,6,85,5,1937,4,956,3,129,8,6,9,1628,10,280,11,673,12,442,7.5
2026-04-17 09:43:49 PM,KXATPCHALLENGERMATCH-26APR17TABZIN-ZIN,7,8678,6,85,5,1937,4,956,3,129,8,6,9,1628,10,280,11,273,12,442,7.5
2026-04-17 09:43:49 PM,KXATPCHALLENGERMATCH-26APR17TABZIN-ZIN,7,8678,6,85,5,1537,4,956,3,129,8,6,9,1628,10,280,11,273,12,442,7.5
2026-04-17 09:43:49 PM,KXATPCHALLENGERMATCH-26APR17TABZIN-ZIN,8,50,7,8678,6,85,5,1537,4,956,8,6,9,1628,10,280,11,273,12,442,8.0
2026-04-17 09:43:49 PM,KXATPCHALLENGERMATCH-26APR17TABZIN-ZIN,8,50,7,8678,6,85,5,1537,4,556,8,6,9,1628,10,280,11,273,12,442,8.0
2026-04-17 09:43:49 PM,KXATPCHALLENGERMATCH-26APR17TABZIN-ZIN,8,50,7,8678,6,85,5,1537,4,556,8,6,9,1628,10,330,11,273,12,442,8.0
2026-04-17 09:43:49 PM,KXATPCHALLENGERMATCH-26APR17TABZIN-ZIN,8,90,7,8678,6,85,5,1537,4,556,8,6,9,1628,10,330,11,273,12,442,8.0
2026-04-17 09:43:49 PM,KXATPCHALLENGERMATCH-26APR17TABZIN-ZIN,8,6299,7,8678,6,85,5,1537,4,556,8,6,9,1628,10,330,11,273,12,442,8.0
2026-04-17 09:43:49 PM,KXATPCHALLENGERMATCH-26APR17TABZIN-ZIN,8,6299,7,8678,6,85,5,1537,4,556,8,6,9,212,10,330,11,273,12,442,8.0
2026-04-17 09:43:49 PM,KXATPCHALLENGERMATCH-26APR17TABZIN-ZIN,8,6299,7,8678,6,85,5,1537,4,556,8,6,9,87,10,330,11,273,12,442,8.0
2026-04-17 09:43:49 PM,KXATPCHALLENGERMATCH-26APR17TABZIN-ZIN,8,6299,7,8678,6,85,5,1537,4,556,8,6,9,7,10,330,11,273,12,442,8.0
2026-04-17 09:43:49 PM,KXATPCHALLENGERMATCH-26APR17TABZIN-ZIN,8,6299,7,8678,6,85,5,1537,4,556,8,6,9,2,10,330,11,273,12,442,8.0
2026-04-17 09:43:49 PM,KXATPCHALLENGERMATCH-26APR17TABZIN-ZIN,9,6209,8,6299,7,8678,6,85,5,1537,8,6,9,2,10,330,11,273,12,442,8.5
2026-04-17 09:43:49 PM,KXATPCHALLENGERMATCH-26APR17TABZIN-ZIN,9,6209,8,6699,7,8678,6,85,5,1537,8,6,9,2,10,330,11,273,12,442,8.5
2026-04-17 09:43:49 PM,KXATPCHALLENGERMATCH-26APR17TABZIN-ZIN,9,6209,8,6699,7,9078,6,85,5,1537,8,6,9,2,10,330,11,273,12,442,8.5
2026-04-17 09:43:49 PM,KXATPCHALLENGERMATCH-26APR17TABZIN-ZIN,9,6209,8,6699,7,9078,6,485,5,1537,8,6,9,2,10,330,11,273,12,442,8.5
2026-04-17 09:43:49 PM,KXATPCHALLENGERMATCH-26APR17TABZIN-ZIN,9,6084,8,6699,7,9078,6,485,5,1537,8,6,9,2,10,330,11,273,12,442,8.5
2026-04-17 09:43:49 PM,KXATPCHALLENGERMATCH-26APR17TABZIN-ZIN,9,6084,8,6699,7,9078,6,485,5,1537,8,6,9,2,10,330,11,398,12,442,8.5
2026-04-17 09:43:49 PM,KXATPCHALLENGERMATCH-26APR17TABZIN-ZIN,9,6084,8,6699,7,8978,6,485,5,1537,8,6,9,2,10,330,11,398,12,442,8.5
2026-04-17 09:43:49 PM,KXATPCHALLENGERMATCH-26APR17TABZIN-ZIN,9,6084,8,6659,7,8978,6,485,5,1537,8,6,9,2,10,330,11,398,12,442,8.5
2026-04-17 09:43:49 PM,KXATPCHALLENGERMATCH-26APR17TABZIN-ZIN,9,6084,8,6659,7,8978,6,485,5,1537,8,6,9,2,10,290,11,398,12,442,8.5
2026-04-17 09:43:49 PM,KXATPCHALLENGERMATCH-26APR17TABZIN-ZIN,9,6084,8,6659,7,15491,6,485,5,1537,8,6,9,2,10,290,11,398,12,442,8.5
2026-04-17 09:43:49 PM,KXATPCHALLENGERMATCH-26APR17TABZIN-ZIN,9,6084,8,6659,7,15491,6,485,5,1537,8,6,9,2,10,290,11,398,12,412,8.5
2026-04-17 09:43:49 PM,KXATPCHALLENGERMATCH-26APR17TABZIN-ZIN,9,6084,8,6759,7,15491,6,485,5,1537,8,6,9,2,10,290,11,398,12,412,8.5
2026-04-17 09:43:49 PM,KXATPCHALLENGERMATCH-26APR17TABZIN-ZIN,9,6084,8,6759,7,15491,6,485,5,1537,8,6,9,2,10,290,11,388,12,412,8.5
2026-04-17 09:43:49 PM,KXATPCHALLENGERMATCH-26APR17TABZIN-ZIN,9,6084,8,6759,7,15491,6,485,5,1537,8,6,9,2,10,290,11,238,12,412,8.5
2026-04-17 09:43:49 PM,KXATPCHALLENGERMATCH-26APR17TABZIN-ZIN,9,6084,8,6659,7,15491,6,485,5,1537,8,6,9,2,10,290,11,238,12,412,8.5
2026-04-17 09:43:49 PM,KXATPCHALLENGERMATCH-26APR17TABZIN-ZIN,9,6084,8,6659,7,15491,6,485,5,1537,8,6,9,2,10,290,11,238,12,12,8.5
2026-04-17 09:43:49 PM,KXATPCHALLENGERMATCH-26APR17TABZIN-ZIN,9,6084,8,6659,7,15442,6,485,5,1537,8,6,9,2,10,290,11,238,12,12,8.5
2026-04-17 09:43:49 PM,KXATPCHALLENGERMATCH-26APR17TABZIN-ZIN,9,6084,8,6659,7,15442,6,485,5,1537,8,6,9,2,10,290,11,238,12,412,8.5
2026-04-17 09:43:49 PM,KXATPCHALLENGERMATCH-26APR17TABZIN-ZIN,9,6084,8,6659,7,15442,6,485,5,1537,8,6,9,2,10,290,11,238,12,12,8.5
2026-04-17 09:43:49 PM,KXATPCHALLENGERMATCH-26APR17TABZIN-ZIN,9,6084,8,6659,7,15442,6,485,5,1537,8,6,9,2,10,210,11,238,12,12,8.5
2026-04-17 09:43:49 PM,KXATPCHALLENGERMATCH-26APR17TABZIN-ZIN,9,6084,8,6659,7,15442,6,485,5,1537,8,6,9,2,10,210,11,318,12,12,8.5
2026-04-17 09:43:49 PM,KXATPCHALLENGERMATCH-26APR17TABZIN-ZIN,9,6084,8,6659,7,15442,6,485,5,1537,8,6,9,2,10,210,11,318,12,92,8.5
2026-04-17 09:43:49 PM,KXATPCHALLENGERMATCH-26APR17TABZIN-ZIN,9,6084,8,6659,7,15442,6,485,5,1537,8,6,9,2,10,210,11,318,12,166,8.5
2026-04-17 09:43:50 PM,KXATPCHALLENGERMATCH-26APR17TABZIN-ZIN,9,6184,8,6659,7,15442,6,485,5,1537,8,6,9,2,10,210,11,318,12,166,8.5
2026-04-17 09:43:50 PM,KXATPCHALLENGERMATCH-26APR17TABZIN-ZIN,9,6184,8,6659,7,15442,6,485,5,1537,8,6,9,2,10,210,11,318,12,566,8.5
2026-04-17 09:43:50 PM,KXATPCHALLENGERMATCH-26APR17TABZIN-ZIN,9,6184,8,6659,7,15442,6,485,5,1537,8,6,9,2,10,210,11,718,12,566,8.5
2026-04-17 09:43:50 PM,KXATPCHALLENGERMATCH-26APR17TABZIN-ZIN,9,6184,8,6659,7,15442,6,485,5,1537,8,6,9,2,10,610,11,718,12,566,8.5
2026-04-17 09:43:50 PM,KXATPCHALLENGERMATCH-26APR17TABZIN-ZIN,9,6184,8,6659,7,15442,6,485,5,1037,8,6,9,2,10,610,11,718,12,566,8.5
2026-04-17 09:43:50 PM,KXATPCHALLENGERMATCH-26APR17TABZIN-ZIN,9,6184,8,6659,7,15442,6,485,5,1037,8,6,9,2,10,610,11,606,12,566,8.5
2026-04-17 09:43:50 PM,KXATPCHALLENGERMATCH-26APR17TABZIN-ZIN,9,6184,8,7159,7,15442,6,485,5,1037,8,6,9,2,10,610,11,606,12,566,8.5
2026-04-17 09:43:50 PM,KXATPCHALLENGERMATCH-26APR17TABZIN-ZIN,9,6184,8,7159,7,15442,6,485,5,1037,8,6,9,2,10,485,11,606,12,566,8.5
2026-04-17 09:43:50 PM,KXATPCHALLENGERMATCH-26APR17TABZIN-ZIN,9,6184,8,7159,7,15442,6,485,5,1037,8,6,9,2,10,480,11,606,12,566,8.5
2026-04-17 09:43:50 PM,KXATPCHALLENGERMATCH-26APR17TABZIN-ZIN,9,6184,8,7159,7,15442,6,485,5,1037,8,6,9,2,10,450,11,606,12,566,8.5
2026-04-17 09:43:50 PM,KXATPCHALLENGERMATCH-26APR17TABZIN-ZIN,9,6184,8,7159,7,15442,6,485,5,1037,8,6,9,2,10,400,11,606,12,566,8.5
2026-04-17 09:43:50 PM,KXATPCHALLENGERMATCH-26APR17TABZIN-ZIN,9,6184,8,7159,7,15442,6,485,5,1037,8,6,9,2,11,606,12,566,13,691,8.5
2026-04-17 09:43:50 PM,KXATPCHALLENGERMATCH-26APR17TABZIN-ZIN,9,6184,8,7159,7,15442,6,485,5,1037,8,6,9,2,11,514,12,566,13,691,8.5
2026-04-17 09:43:50 PM,KXATPCHALLENGERMATCH-26APR17TABZIN-ZIN,9,6184,8,7159,7,15442,6,485,5,1037,8,6,9,2,11,514,12,166,13,691,8.5
2026-04-17 09:43:50 PM,KXATPCHALLENGERMATCH-26APR17TABZIN-ZIN,9,6184,8,7159,7,15442,6,485,5,1037,8,6,9,2,11,514,12,166,13,291,8.5
2026-04-17 09:43:50 PM,KXATPCHALLENGERMATCH-26APR17TABZIN-ZIN,9,6184,8,7159,7,15442,6,485,5,1037,8,6,9,2,11,114,12,166,13,291,8.5
2026-04-17 09:43:50 PM,KXATPCHALLENGERMATCH-26APR17TABZIN-ZIN,9,6184,8,7159,7,15442,6,485,5,1037,8,6,9,2,10,125,11,114,12,166,8.5
2026-04-17 09:43:50 PM,KXATPCHALLENGERMATCH-26APR17TABZIN-ZIN,9,6184,8,7159,7,15442,6,485,5,1037,8,6,9,2,10,125,11,114,12,291,8.5
2026-04-17 09:43:50 PM,KXATPCHALLENGERMATCH-26APR17TABZIN-ZIN,9,6184,8,7159,7,15442,6,485,5,1037,8,6,9,2,10,125,11,134,12,291,8.5
2026-04-17 09:43:50 PM,KXATPCHALLENGERMATCH-26APR17TABZIN-ZIN,9,6184,8,7159,7,15442,6,485,5,1037,8,6,9,2,11,134,12,291,13,291,8.5
2026-04-17 09:43:50 PM,KXATPCHALLENGERMATCH-26APR17TABZIN-ZIN,9,6184,8,7159,7,15442,6,485,5,1037,8,6,9,2,11,114,12,291,13,291,8.5
2026-04-17 09:43:50 PM,KXATPCHALLENGERMATCH-26APR17TABZIN-ZIN,9,6184,8,7159,7,15442,6,485,5,1037,8,6,9,2,10,1,11,114,12,291,8.5
2026-04-17 09:43:50 PM,KXATPCHALLENGERMATCH-26APR17TABZIN-ZIN,9,6184,8,7159,7,15442,6,485,5,1037,8,6,9,2,11,114,12,291,13,291,8.5
2026-04-17 09:43:50 PM,KXATPCHALLENGERMATCH-26APR17TABZIN-ZIN,9,6184,8,7159,7,15442,6,485,5,1037,8,6,9,2,11,115,12,291,13,291,8.5
2026-04-17 09:43:50 PM,KXATPCHALLENGERMATCH-26APR17TABZIN-ZIN,9,6184,8,7159,7,15442,6,485,5,2506,8,6,9,2,11,115,12,291,13,291,8.5
2026-04-17 09:43:50 PM,KXATPCHALLENGERMATCH-26APR17TABZIN-ZIN,9,8095,8,7159,7,15442,6,485,5,2506,8,6,9,2,11,115,12,291,13,291,8.5
2026-04-17 09:43:50 PM,KXATPCHALLENGERMATCH-26APR17TABZIN-ZIN,9,8095,8,7159,7,15442,6,485,5,2506,8,6,9,2,11,115,12,166,13,291,8.5
2026-04-17 09:43:50 PM,KXATPCHALLENGERMATCH-26APR17TABZIN-ZIN,9,8095,8,7159,7,15442,6,485,5,2506,8,6,9,2,11,82,12,166,13,291,8.5
2026-04-17 09:43:50 PM,KXATPCHALLENGERMATCH-26APR17TABZIN-ZIN,9,8095,8,7159,7,15442,6,485,5,2506,8,6,9,2,11,82,12,166,13,260,8.5
2026-04-17 09:43:50 PM,KXATPCHALLENGERMATCH-26APR17TABZIN-ZIN,9,8095,8,7159,7,15442,6,7520,5,2506,8,6,9,2,11,82,12,166,13,260,8.5
2026-04-17 09:43:50 PM,KXATPCHALLENGERMATCH-26APR17TABZIN-ZIN,9,8095,8,7159,7,15442,6,7520,5,2506,8,6,9,2,11,82,12,166,13,1070,8.5
2026-04-17 09:43:50 PM,KXATPCHALLENGERMATCH-26APR17TABZIN-ZIN,9,8095,8,7159,7,15442,6,7520,5,2506,8,6,9,2,11,82,12,2124,13,1070,8.5
2026-04-17 09:43:50 PM,KXATPCHALLENGERMATCH-26APR17TABZIN-ZIN,9,8095,8,7159,7,15442,6,7520,5,2506,8,6,9,2,11,82,12,2124,13,2070,8.5
2026-04-17 09:43:50 PM,KXATPCHALLENGERMATCH-26APR17TABZIN-ZIN,9,8095,8,7159,7,15442,6,7520,5,2506,8,6,9,2,11,82,12,3124,13,2070,8.5
2026-04-17 09:43:50 PM,KXATPCHALLENGERMATCH-26APR17TABZIN-ZIN,9,8095,8,7159,7,15442,6,7520,5,2506,8,6,9,2,11,82,12,3524,13,2070,8.5
2026-04-17 09:43:50 PM,KXATPCHALLENGERMATCH-26APR17TABZIN-ZIN,9,8095,8,7159,7,15442,6,7520,5,2506,8,6,9,2,11,82,12,3924,13,2070,8.5
2026-04-17 09:43:50 PM,KXATPCHALLENGERMATCH-26APR17TABZIN-ZIN,9,8095,8,7159,7,15442,6,7520,5,2506,8,6,9,2,11,482,12,3924,13,2070,8.5
2026-04-17 09:43:50 PM,KXATPCHALLENGERMATCH-26APR17TABZIN-ZIN,9,8095,8,7159,7,15442,6,7520,5,2506,8,6,9,2,11,482,12,4324,13,2070,8.5
2026-04-17 09:43:50 PM,KXATPCHALLENGERMATCH-26APR17TABZIN-ZIN,9,8095,8,7159,7,15442,6,7520,5,2506,8,6,9,2,11,882,12,4324,13,2070,8.5
2026-04-17 09:43:50 PM,KXATPCHALLENGERMATCH-26APR17TABZIN-ZIN,9,8095,8,7159,7,15442,6,7520,5,2506,8,6,9,2,11,882,12,4324,13,2470,8.5
2026-04-17 09:43:50 PM,KXATPCHALLENGERMATCH-26APR17TABZIN-ZIN,9,8095,8,7159,7,15442,6,7520,5,2506,8,6,9,2,10,5,11,882,12,4324,8.5
2026-04-17 09:43:51 PM,KXATPCHALLENGERMATCH-26APR17TABZIN-ZIN,9,8095,8,7159,7,15442,6,7520,5,2506,8,6,9,2,11,882,12,4324,13,2470,8.5
2026-04-17 09:43:51 PM,KXATPCHALLENGERMATCH-26APR17TABZIN-ZIN,9,8095,8,7159,7,15442,6,7520,5,2506,8,6,9,2,11,887,12,4324,13,2470,8.5
2026-04-17 09:43:51 PM,KXATPCHALLENGERMATCH-26APR17TABZIN-ZIN,9,8095,8,7159,7,15442,6,7520,5,2506,8,6,9,2,11,887,12,4250,13,2470,8.5
2026-04-17 09:43:51 PM,KXATPCHALLENGERMATCH-26APR17TABZIN-ZIN,9,8095,8,7159,7,15442,6,7520,5,2506,8,6,9,2,11,887,12,4250,13,2595,8.5
2026-04-17 09:43:51 PM,KXATPCHALLENGERMATCH-26APR17TABZIN-ZIN,9,8095,8,7159,7,15442,6,7520,5,2506,8,6,9,2,11,887,12,4375,13,2595,8.5
2026-04-17 09:43:51 PM,KXATPCHALLENGERMATCH-26APR17TABZIN-ZIN,9,8095,8,7159,7,15442,6,7520,5,2506,8,6,9,2,11,887,12,5375,13,2595,8.5
2026-04-17 09:43:51 PM,KXATPCHALLENGERMATCH-26APR17TABZIN-ZIN,9,8095,8,7159,7,15442,6,7520,5,2506,8,6,9,2,11,887,12,5250,13,2595,8.5
2026-04-17 09:43:51 PM,KXATPCHALLENGERMATCH-26APR17TABZIN-ZIN,9,8095,8,7159,7,15442,6,7520,5,2506,8,6,9,2,11,807,12,5250,13,2595,8.5
2026-04-17 09:43:51 PM,KXATPCHALLENGERMATCH-26APR17TABZIN-ZIN,9,8095,8,7159,7,15442,6,7520,5,2506,8,6,9,2,11,807,12,5250,13,2675,8.5
2026-04-17 09:43:51 PM,KXATPCHALLENGERMATCH-26APR17TABZIN-ZIN,9,8095,8,7159,7,15442,6,7520,5,9301,8,6,9,2,11,807,12,5250,13,2675,8.5
2026-04-17 09:43:51 PM,KXATPCHALLENGERMATCH-26APR17TABZIN-ZIN,9,8095,8,7159,7,15442,6,7520,5,9301,8,6,9,2,11,807,12,5250,13,3075,8.5
2026-04-17 09:43:51 PM,KXATPCHALLENGERMATCH-26APR17TABZIN-ZIN,9,8095,8,7159,7,15442,6,7520,5,9301,8,6,9,2,11,847,12,5250,13,3075,8.5
2026-04-17 09:43:51 PM,KXATPCHALLENGERMATCH-26APR17TABZIN-ZIN,9,8095,8,7159,7,15442,6,7520,5,9301,8,6,9,2,11,847,12,4250,13,3075,8.5
2026-04-17 09:43:51 PM,KXATPCHALLENGERMATCH-26APR17TABZIN-ZIN,9,8095,8,7159,7,15442,6,7520,5,9301,8,6,9,2,11,847,12,4250,13,2995,8.5
2026-04-17 09:43:51 PM,KXATPCHALLENGERMATCH-26APR17TABZIN-ZIN,9,8095,8,7159,7,15442,6,7520,5,9301,8,6,9,2,11,927,12,4250,13,2995,8.5
2026-04-17 09:43:51 PM,KXATPCHALLENGERMATCH-26APR17TABZIN-ZIN,9,8095,8,7159,7,15442,6,7520,5,9301,8,6,9,2,11,1027,12,4250,13,2995,8.5
2026-04-17 09:43:52 PM,KXATPCHALLENGERMATCH-26APR17TABZIN-ZIN,9,8095,8,7159,7,15442,6,7520,5,9301,8,6,9,2,11,987,12,4250,13,2995,8.5
2026-04-17 09:43:52 PM,KXATPCHALLENGERMATCH-26APR17TABZIN-ZIN,9,8095,8,7159,7,15442,6,7520,5,9301,8,6,9,2,11,1112,12,4250,13,2995,8.5
2026-04-17 09:43:52 PM,KXATPCHALLENGERMATCH-26APR17TABZIN-ZIN,9,8095,8,7159,7,15442,6,7520,5,9301,8,6,9,2,11,1112,12,4375,13,2995,8.5
2026-04-17 09:43:52 PM,KXATPCHALLENGERMATCH-26APR17TABZIN-ZIN,9,8095,8,7159,7,15442,6,7520,5,9301,8,6,9,2,11,1112,12,4375,13,2870,8.5
2026-04-17 09:43:52 PM,KXATPCHALLENGERMATCH-26APR17TABZIN-ZIN,9,8095,8,7869,7,15442,6,7520,5,9301,8,6,9,2,11,1112,12,4375,13,2870,8.5
2026-04-17 09:43:52 PM,KXATPCHALLENGERMATCH-26APR17TABZIN-ZIN,9,8095,8,7869,7,16152,6,7520,5,9301,8,6,9,2,11,1112,12,4375,13,2870,8.5
2026-04-17 09:43:52 PM,KXATPCHALLENGERMATCH-26APR17TABZIN-ZIN,9,8095,8,7869,7,16152,6,7520,5,9301,8,6,9,2,11,1112,12,5085,13,2870,8.5
2026-04-17 09:43:52 PM,KXATPCHALLENGERMATCH-26APR17TABZIN-ZIN,9,8095,8,7869,7,16152,6,7520,5,9301,8,6,9,2,11,1112,12,5085,13,3580,8.5
2026-04-17 09:43:52 PM,KXATPCHALLENGERMATCH-26APR17TABZIN-ZIN,9,8095,8,7869,7,16152,6,7520,5,9301,8,6,9,2,11,1112,12,6085,13,3580,8.5
2026-04-17 09:43:52 PM,KXATPCHALLENGERMATCH-26APR17TABZIN-ZIN,9,8095,8,7869,7,16152,6,7520,5,9301,8,6,9,2,11,1112,12,5685,13,3580,8.5
2026-04-17 09:43:52 PM,KXATPCHALLENGERMATCH-26APR17TABZIN-ZIN,9,8095,8,7869,7,16152,6,7520,5,9301,8,6,9,2,11,1112,12,5685,13,3180,8.5
2026-04-17 09:43:52 PM,KXATPCHALLENGERMATCH-26APR17TABZIN-ZIN,9,8095,8,7869,7,16152,6,7520,5,9301,8,6,9,2,10,400,11,1112,12,5685,8.5
2026-04-17 09:43:52 PM,KXATPCHALLENGERMATCH-26APR17TABZIN-ZIN,9,8095,8,7869,7,16152,6,7520,5,9301,8,6,9,2,10,400,11,1512,12,5685,8.5
2026-04-17 09:43:52 PM,KXATPCHALLENGERMATCH-26APR17TABZIN-ZIN,9,8095,8,7869,7,16152,6,7520,5,9301,8,6,9,2,10,400,11,1507,12,5685,8.5
2026-04-17 09:43:52 PM,KXATPCHALLENGERMATCH-26APR17TABZIN-ZIN,9,8095,8,7869,7,16152,6,7520,5,9301,8,6,9,2,10,405,11,1507,12,5685,8.5
2026-04-17 09:43:53 PM,KXATPCHALLENGERMATCH-26APR17TABZIN-ZIN,9,8095,8,7869,7,16152,6,7623,5,9301,8,6,9,2,10,405,11,1507,12,5685,8.5
2026-04-17 09:43:53 PM,KXATPCHALLENGERMATCH-26APR17TABZIN-ZIN,9,8095,8,7869,7,16152,6,7623,5,9301,8,6,9,2,10,405,11,1507,12,6865,8.5
2026-04-17 09:43:53 PM,KXATPCHALLENGERMATCH-26APR17TABZIN-ZIN,9,8095,8,7869,7,16152,6,7623,5,9301,8,6,9,2,10,405,11,8772,12,6865,8.5
2026-04-17 09:43:53 PM,KXATPCHALLENGERMATCH-26APR17TABZIN-ZIN,9,8095,8,7869,7,16152,6,7623,5,9301,8,6,9,2,10,405,11,9172,12,6865,8.5
2026-04-17 09:43:53 PM,KXATPCHALLENGERMATCH-26APR17TABZIN-ZIN,9,8095,8,7869,7,16052,6,7623,5,9301,8,6,9,2,10,405,11,9172,12,6865,8.5
2026-04-17 09:43:53 PM,KXATPCHALLENGERMATCH-26APR17TABZIN-ZIN,9,8095,8,7869,7,16052,6,7623,5,9301,8,6,9,2,10,805,11,9172,12,6865,8.5
2026-04-17 09:43:53 PM,KXATPCHALLENGERMATCH-26APR17TABZIN-ZIN,9,8095,8,7869,7,16052,6,7623,5,9301,8,6,9,2,10,805,11,9172,12,5865,8.5
2026-04-17 09:43:53 PM,KXATPCHALLENGERMATCH-26APR17TABZIN-ZIN,9,8095,8,7869,7,16052,6,7623,5,9301,8,6,9,2,10,1205,11,9172,12,5865,8.5
2026-04-17 09:43:53 PM,KXATPCHALLENGERMATCH-26APR17TABZIN-ZIN,9,8095,8,7869,7,16052,6,7623,5,9301,8,6,9,2,10,1605,11,9172,12,5865,8.5
2026-04-17 09:43:53 PM,KXATPCHALLENGERMATCH-26APR17TABZIN-ZIN,9,8095,8,7869,7,16052,6,7623,5,9301,8,6,9,2,10,2005,11,9172,12,5865,8.5
2026-04-17 09:43:53 PM,KXATPCHALLENGERMATCH-26APR17TABZIN-ZIN,9,8095,8,7869,7,16052,6,7623,5,9301,8,6,9,2,10,2405,11,9172,12,5865,8.5
2026-04-17 09:43:53 PM,KXATPCHALLENGERMATCH-26APR17TABZIN-ZIN,9,8095,8,7869,7,16052,6,7623,5,9301,8,6,9,2,10,2405,11,10172,12,5865,8.5
2026-04-17 09:43:53 PM,KXATPCHALLENGERMATCH-26APR17TABZIN-ZIN,9,8095,8,7869,7,16052,6,7623,5,9301,8,6,9,2,10,2405,11,11172,12,5865,8.5
2026-04-17 09:43:53 PM,KXATPCHALLENGERMATCH-26APR17TABZIN-ZIN,9,8095,8,7869,7,16052,6,7623,5,9301,8,6,9,2,10,2405,11,12172,12,5865,8.5
2026-04-17 09:43:53 PM,KXATPCHALLENGERMATCH-26APR17TABZIN-ZIN,9,8095,8,7894,7,16052,6,7623,5,9301,8,6,9,2,10,2405,11,12172,12,5865,8.5
2026-04-17 09:43:53 PM,KXATPCHALLENGERMATCH-26APR17TABZIN-ZIN,9,8095,8,7894,7,16052,6,7623,5,9301,8,6,9,2,10,2005,11,12172,12,5865,8.5
2026-04-17 09:43:53 PM,KXATPCHALLENGERMATCH-26APR17TABZIN-ZIN,9,8095,8,7894,7,16052,6,7623,5,9301,8,6,9,2,10,2000,11,12172,12,5865,8.5
2026-04-17 09:43:53 PM,KXATPCHALLENGERMATCH-26APR17TABZIN-ZIN,9,8095,8,7894,7,16052,6,7623,5,9301,8,6,9,2,10,1600,11,12172,12,5865,8.5
2026-04-17 09:43:53 PM,KXATPCHALLENGERMATCH-26APR17TABZIN-ZIN,9,8095,8,7894,7,16052,6,7623,5,9301,8,6,9,2,10,1200,11,12172,12,5865,8.5
2026-04-17 09:43:53 PM,KXATPCHALLENGERMATCH-26APR17TABZIN-ZIN,9,8095,8,7894,7,16052,6,7623,5,9301,8,6,9,2,10,800,11,12172,12,5865,8.5
2026-04-17 09:43:53 PM,KXATPCHALLENGERMATCH-26APR17TABZIN-ZIN,9,8095,8,7894,7,16052,6,7623,5,9301,8,6,9,2,10,657,11,12172,12,5865,8.5
2026-04-17 09:43:53 PM,KXATPCHALLENGERMATCH-26APR17TABZIN-ZIN,9,8095,8,7894,7,16052,6,7623,5,9301,8,6,9,2,10,401,11,12172,12,5865,8.5
2026-04-17 09:43:53 PM,KXATPCHALLENGERMATCH-26APR17TABZIN-ZIN,9,8095,8,7844,7,16052,6,7623,5,9301,8,6,9,2,10,401,11,12172,12,5865,8.5
2026-04-17 09:43:53 PM,KXATPCHALLENGERMATCH-26APR17TABZIN-ZIN,9,8095,8,7444,7,16052,6,7623,5,9301,8,6,9,2,10,401,11,12172,12,5865,8.5
2026-04-17 09:43:53 PM,KXATPCHALLENGERMATCH-26APR17TABZIN-ZIN,9,8095,8,7444,7,15652,6,7623,5,9301,8,6,9,2,10,401,11,12172,12,5865,8.5
2026-04-17 09:43:53 PM,KXATPCHALLENGERMATCH-26APR17TABZIN-ZIN,9,8095,8,7444,7,15652,6,7223,5,9301,8,6,9,2,10,401,11,12172,12,5865,8.5
2026-04-17 09:43:53 PM,KXATPCHALLENGERMATCH-26APR17TABZIN-ZIN,9,8095,8,7444,7,15652,6,7223,5,9301,8,6,9,2,10,401,11,12172,12,4865,8.5
2026-04-17 09:43:53 PM,KXATPCHALLENGERMATCH-26APR17TABZIN-ZIN,9,8095,8,7444,7,15652,6,7223,5,9301,8,6,9,2,10,401,11,12172,12,4465,8.5
2026-04-17 09:43:53 PM,KXATPCHALLENGERMATCH-26APR17TABZIN-ZIN,9,8095,8,7444,7,15652,6,7223,5,9301,8,6,9,2,10,401,11,11772,12,4465,8.5
2026-04-17 09:43:53 PM,KXATPCHALLENGERMATCH-26APR17TABZIN-ZIN,9,8095,8,7444,7,15652,6,7223,5,9301,8,6,9,2,10,401,11,11772,12,4065,8.5
2026-04-17 09:43:53 PM,KXATPCHALLENGERMATCH-26APR17TABZIN-ZIN,9,8095,8,7444,7,15652,6,7223,5,9301,8,6,9,2,10,401,11,11372,12,4065,8.5
2026-04-17 09:43:53 PM,KXATPCHALLENGERMATCH-26APR17TABZIN-ZIN,9,8095,8,7444,7,15652,6,7223,5,9301,8,6,9,2,10,401,11,10972,12,4065,8.5
2026-04-17 09:43:53 PM,KXATPCHALLENGERMATCH-26APR17TABZIN-ZIN,9,8095,8,7444,7,15652,6,7223,5,9301,8,6,9,2,10,401,11,10572,12,4065,8.5
2026-04-17 09:43:53 PM,KXATPCHALLENGERMATCH-26APR17TABZIN-ZIN,9,8095,8,7444,7,15652,6,7223,5,9301,8,6,9,2,10,1,11,10572,12,4065,8.5
2026-04-17 09:43:53 PM,KXATPCHALLENGERMATCH-26APR17TABZIN-ZIN,9,8095,8,7444,7,15652,6,7223,5,9301,8,6,9,2,10,1,11,9572,12,4065,8.5
2026-04-17 09:43:53 PM,KXATPCHALLENGERMATCH-26APR17TABZIN-ZIN,9,8095,8,7444,7,15652,6,7223,5,9301,8,6,9,2,10,1,11,8572,12,4065,8.5
2026-04-17 09:43:53 PM,KXATPCHALLENGERMATCH-26APR17TABZIN-ZIN,9,8095,8,7444,7,15652,6,7223,5,9301,8,6,9,2,10,1,11,7572,12,4065,8.5
2026-04-17 09:43:53 PM,KXATPCHALLENGERMATCH-26APR17TABZIN-ZIN,9,8095,8,7419,7,15652,6,7223,5,9301,8,6,9,2,10,1,11,7572,12,4065,8.5
2026-04-17 09:43:54 PM,KXATPCHALLENGERMATCH-26APR17TABZIN-ZIN,9,8095,8,7419,7,15652,6,7223,5,9301,8,6,9,2,10,1,11,7572,12,2885,8.5
2026-04-17 09:43:54 PM,KXATPCHALLENGERMATCH-26APR17TABZIN-ZIN,9,8095,8,7419,7,15652,6,7223,5,9301,8,6,9,2,10,401,11,7572,12,2885,8.5
2026-04-17 09:43:54 PM,KXATPCHALLENGERMATCH-26APR17TABZIN-ZIN,9,8495,8,7419,7,15652,6,7223,5,9301,8,6,9,2,10,401,11,7572,12,2885,8.5
2026-04-17 09:43:54 PM,KXATPCHALLENGERMATCH-26APR17TABZIN-ZIN,9,8495,8,7419,7,15652,6,7223,5,9301,8,6,9,2,10,801,11,7572,12,2885,8.5
2026-04-17 09:43:54 PM,KXATPCHALLENGERMATCH-26APR17TABZIN-ZIN,9,8495,8,7419,7,15652,6,7223,5,9301,8,6,9,2,10,1201,11,7572,12,2885,8.5
2026-04-17 09:43:54 PM,KXATPCHALLENGERMATCH-26APR17TABZIN-ZIN,9,8495,8,7419,7,15652,6,7223,5,9301,8,6,9,2,10,1601,11,7572,12,2885,8.5
2026-04-17 09:43:54 PM,KXATPCHALLENGERMATCH-26APR17TABZIN-ZIN,9,8495,8,7419,7,16052,6,7223,5,9301,8,6,9,2,10,1601,11,7572,12,2885,8.5
2026-04-17 09:43:54 PM,KXATPCHALLENGERMATCH-26APR17TABZIN-ZIN,9,8495,8,7419,7,16052,6,7223,5,9301,8,6,9,2,10,1601,11,7572,12,3285,8.5
2026-04-17 09:43:54 PM,KXATPCHALLENGERMATCH-26APR17TABZIN-ZIN,9,8495,8,7419,7,16052,6,7223,5,9301,8,6,9,2,10,1601,11,7572,12,3685,8.5
2026-04-17 09:43:54 PM,KXATPCHALLENGERMATCH-26APR17TABZIN-ZIN,9,8495,8,7419,7,16052,6,7223,5,9301,8,6,9,2,10,1601,11,7972,12,3685,8.5
2026-04-17 09:43:54 PM,KXATPCHALLENGERMATCH-26APR17TABZIN-ZIN,9,8495,8,7419,7,16052,6,7223,5,9301,8,6,9,2,10,2001,11,7972,12,3685,8.5
2026-04-17 09:43:54 PM,KXATPCHALLENGERMATCH-26APR17TABZIN-ZIN,9,8495,8,7419,7,16052,6,7223,5,9301,8,6,9,2,10,2401,11,7972,12,3685,8.5
2026-04-17 09:43:54 PM,KXATPCHALLENGERMATCH-26APR17TABZIN-ZIN,9,8495,8,7419,7,16052,6,7223,5,9301,8,6,9,2,10,2401,11,8372,12,3685,8.5
2026-04-17 09:43:54 PM,KXATPCHALLENGERMATCH-26APR17TABZIN-ZIN,9,8495,8,7419,7,16052,6,7223,5,9301,8,6,9,2,10,2401,11,8422,12,3685,8.5
2026-04-17 09:43:54 PM,KXATPCHALLENGERMATCH-26APR17TABZIN-ZIN,9,8495,8,7419,7,16052,6,7223,5,9301,8,6,9,2,10,2401,11,8822,12,3685,8.5
2026-04-17 09:43:54 PM,KXATPCHALLENGERMATCH-26APR17TABZIN-ZIN,9,8495,8,7419,7,16052,6,7223,5,9301,8,6,9,2,10,2401,11,9822,12,3685,8.5
2026-04-17 09:43:54 PM,KXATPCHALLENGERMATCH-26APR17TABZIN-ZIN,9,8495,8,7419,7,16052,6,7223,5,9301,8,6,9,2,10,2401,11,10822,12,3685,8.5
2026-04-17 09:43:54 PM,KXATPCHALLENGERMATCH-26APR17TABZIN-ZIN,9,8495,8,7419,7,16052,6,7223,5,9301,8,6,9,2,10,2401,11,11222,12,3685,8.5
2026-04-17 09:43:54 PM,KXATPCHALLENGERMATCH-26APR17TABZIN-ZIN,9,8495,8,7419,7,16052,6,7223,5,9301,8,6,9,2,10,2401,11,11222,12,4685,8.5
2026-04-17 09:43:54 PM,KXATPCHALLENGERMATCH-26APR17TABZIN-ZIN,9,8495,8,7419,7,16052,6,7223,5,9301,8,6,9,2,10,2401,11,12222,12,4685,8.5
2026-04-17 09:43:54 PM,KXATPCHALLENGERMATCH-26APR17TABZIN-ZIN,9,8495,8,7819,7,16052,6,7223,5,9301,8,6,9,2,10,2401,11,12222,12,4685,8.5
2026-04-17 09:43:54 PM,KXATPCHALLENGERMATCH-26APR17TABZIN-ZIN,9,8495,8,7869,7,16052,6,7223,5,9301,8,6,9,2,10,2401,11,12222,12,4685,8.5
2026-04-17 09:43:54 PM,KXATPCHALLENGERMATCH-26APR17TABZIN-ZIN,9,8495,8,7869,7,16052,6,7223,5,9301,8,6,9,2,10,2401,11,12227,12,4685,8.5
2026-04-17 09:43:54 PM,KXATPCHALLENGERMATCH-26APR17TABZIN-ZIN,9,8495,8,7869,7,16052,6,7223,5,9301,8,6,9,2,10,2401,11,12222,12,4685,8.5
2026-04-17 09:43:54 PM,KXATPCHALLENGERMATCH-26APR17TABZIN-ZIN,9,8495,8,7869,7,16052,6,7223,5,9301,8,6,9,2,10,2406,11,12222,12,4685,8.5
2026-04-17 09:43:54 PM,KXATPCHALLENGERMATCH-26APR17TABZIN-ZIN,9,8495,8,7869,7,16052,6,7223,5,9301,8,6,9,2,10,2493,11,12222,12,4685,8.5
2026-04-17 09:43:54 PM,KXATPCHALLENGERMATCH-26APR17TABZIN-ZIN,9,8495,8,7869,7,16052,6,7223,5,9301,8,6,9,2,10,2493,11,12222,12,11822,8.5
2026-04-17 09:43:54 PM,KXATPCHALLENGERMATCH-26APR17TABZIN-ZIN,9,8495,8,7869,7,16052,6,7248,5,9301,8,6,9,2,10,2493,11,12222,12,11822,8.5
2026-04-17 09:43:55 PM,KXATPCHALLENGERMATCH-26APR17TABZIN-ZIN,9,8495,8,7869,7,16052,6,7145,5,9301,8,6,9,2,10,2493,11,12222,12,11822,8.5
2026-04-17 09:43:55 PM,KXATPCHALLENGERMATCH-26APR17TABZIN-ZIN,9,8495,8,7869,7,16052,6,7120,5,9301,8,6,9,2,10,2493,11,12222,12,11822,8.5
2026-04-17 09:43:56 PM,KXATPCHALLENGERMATCH-26APR17TABZIN-ZIN,9,8495,8,7869,7,16052,6,7120,5,9301,8,6,9,2,10,2773,11,12222,12,11822,8.5
2026-04-17 09:43:56 PM,KXATPCHALLENGERMATCH-26APR17TABZIN-ZIN,9,8495,8,7869,7,16175,6,7120,5,9301,8,6,9,2,10,2773,11,12222,12,11822,8.5
2026-04-17 09:43:58 PM,KXATPCHALLENGERMATCH-26APR17TABZIN-ZIN,9,8495,8,7869,7,16175,6,7120,5,9301,8,6,9,2,10,2745,11,12222,12,11822,8.5
2026-04-17 09:43:58 PM,KXATPCHALLENGERMATCH-26APR17TABZIN-ZIN,9,8495,8,7869,7,16175,6,7120,5,9301,8,6,9,2,10,2745,11,12222,12,12632,8.5
2026-04-17 09:43:59 PM,KXATPCHALLENGERMATCH-26APR17TABZIN-ZIN,9,8495,8,7869,7,16175,6,7120,5,9301,8,6,9,2,10,4245,11,12222,12,12632,8.5
2026-04-17 09:43:59 PM,KXATPCHALLENGERMATCH-26APR17TABZIN-ZIN,9,8495,8,7869,7,16175,6,7120,5,9301,8,6,9,2,10,4645,11,12222,12,12632,8.5
2026-04-17 09:43:59 PM,KXATPCHALLENGERMATCH-26APR17TABZIN-ZIN,9,8495,8,7869,7,16175,6,7120,5,9301,8,6,9,2,10,5045,11,12222,12,12632,8.5
2026-04-17 09:44:00 PM,KXATPCHALLENGERMATCH-26APR17TABZIN-ZIN,9,8495,8,7869,7,16175,6,7120,5,9301,8,6,9,2,10,5041,11,12222,12,12632,8.5
2026-04-17 09:44:00 PM,KXATPCHALLENGERMATCH-26APR17TABZIN-ZIN,9,8495,8,7869,7,16175,6,7224,5,9301,8,6,9,2,10,5041,11,12222,12,12632,8.5
2026-04-17 09:44:00 PM,KXATPCHALLENGERMATCH-26APR17TABZIN-ZIN,9,8495,8,7869,7,16175,6,7224,5,9326,8,6,9,2,10,5041,11,12222,12,12632,8.5
2026-04-17 09:44:01 PM,KXATPCHALLENGERMATCH-26APR17TABZIN-ZIN,9,8444,8,7869,7,16175,6,7224,5,9326,8,6,9,2,10,5041,11,12222,12,12632,8.5
2026-04-17 09:44:01 PM,KXATPCHALLENGERMATCH-26APR17TABZIN-ZIN,9,8444,8,7869,7,16175,6,7224,5,9301,8,6,9,2,10,5041,11,12222,12,12632,8.5
2026-04-17 09:44:01 PM,KXATPCHALLENGERMATCH-26APR17TABZIN-ZIN,9,8444,8,7869,7,16175,6,7224,5,9301,8,6,9,2,10,4947,11,12222,12,12632,8.5
2026-04-17 09:44:01 PM,KXATPCHALLENGERMATCH-26APR17TABZIN-ZIN,9,8444,8,7869,7,16175,6,7224,5,9301,8,6,9,2,10,4547,11,12222,12,12632,8.5
2026-04-17 09:44:02 PM,KXATPCHALLENGERMATCH-26APR17TABZIN-ZIN,9,8444,8,7869,7,16175,6,7120,5,9301,8,6,9,2,10,4547,11,12222,12,12632,8.5
2026-04-17 09:44:02 PM,KXATPCHALLENGERMATCH-26APR17TABZIN-ZIN,9,8444,8,7869,7,16175,6,7120,5,9301,8,6,9,2,10,4274,11,12222,12,12632,8.5
2026-04-17 09:44:02 PM,KXATPCHALLENGERMATCH-26APR17TABZIN-ZIN,9,8444,8,7869,7,16175,6,7120,5,9301,8,6,9,2,10,3874,11,12222,12,12632,8.5
2026-04-17 09:44:02 PM,KXATPCHALLENGERMATCH-26APR17TABZIN-ZIN,9,8444,8,7869,7,16175,6,7120,5,9301,8,6,9,2,10,3474,11,12222,12,12632,8.5
2026-04-17 09:44:02 PM,KXATPCHALLENGERMATCH-26APR17TABZIN-ZIN,9,8444,8,7869,7,16175,6,7120,5,9301,8,6,9,2,10,3074,11,12222,12,12632,8.5
2026-04-17 09:44:02 PM,KXATPCHALLENGERMATCH-26APR17TABZIN-ZIN,9,8444,8,7869,7,16175,6,7120,5,9301,8,6,9,2,10,2674,11,12222,12,12632,8.5
2026-04-17 09:44:02 PM,KXATPCHALLENGERMATCH-26APR17TABZIN-ZIN,9,8444,8,7869,7,16175,6,7120,5,9301,8,6,9,2,10,2274,11,12222,12,12632,8.5
2026-04-17 09:44:02 PM,KXATPCHALLENGERMATCH-26APR17TABZIN-ZIN,9,8444,8,7869,7,16175,6,7120,5,9301,8,6,9,2,10,2269,11,12222,12,12632,8.5
2026-04-17 09:44:02 PM,KXATPCHALLENGERMATCH-26APR17TABZIN-ZIN,9,8444,8,7869,7,16175,6,7120,5,9301,8,6,9,2,10,2182,11,12222,12,12632,8.5
2026-04-17 09:44:02 PM,KXATPCHALLENGERMATCH-26APR17TABZIN-ZIN,9,8444,8,7869,7,16175,6,7120,5,9301,8,6,9,2,10,1902,11,12222,12,12632,8.5
2026-04-17 09:44:02 PM,KXATPCHALLENGERMATCH-26APR17TABZIN-ZIN,9,8444,8,7869,7,16175,6,7120,5,9301,8,6,9,2,10,1725,11,12222,12,12632,8.5
2026-04-17 09:44:02 PM,KXATPCHALLENGERMATCH-26APR17TABZIN-ZIN,9,8044,8,7869,7,16175,6,7120,5,9301,8,6,9,2,10,1725,11,12222,12,12632,8.5
2026-04-17 09:44:02 PM,KXATPCHALLENGERMATCH-26APR17TABZIN-ZIN,9,8044,8,7869,7,15775,6,7120,5,9301,8,6,9,2,10,1725,11,12222,12,12632,8.5
2026-04-17 09:44:02 PM,KXATPCHALLENGERMATCH-26APR17TABZIN-ZIN,9,8044,8,7869,7,15775,6,7120,5,9301,8,6,9,2,10,1725,11,12222,12,12232,8.5
2026-04-17 09:44:02 PM,KXATPCHALLENGERMATCH-26APR17TABZIN-ZIN,9,8044,8,7869,7,15775,6,7120,5,9301,8,6,9,2,10,1725,11,12222,12,11832,8.5
2026-04-17 09:44:02 PM,KXATPCHALLENGERMATCH-26APR17TABZIN-ZIN,9,8044,8,7869,7,15775,6,7120,5,9301,8,6,9,2,10,1725,11,11822,12,11832,8.5
2026-04-17 09:44:02 PM,KXATPCHALLENGERMATCH-26APR17TABZIN-ZIN,9,8044,8,7869,7,15775,6,7120,5,9301,8,6,9,2,10,1725,11,11422,12,11832,8.5
2026-04-17 09:44:02 PM,KXATPCHALLENGERMATCH-26APR17TABZIN-ZIN,9,8044,8,7869,7,15775,6,7120,5,9301,8,6,9,2,10,1725,11,11372,12,11832,8.5
2026-04-17 09:44:02 PM,KXATPCHALLENGERMATCH-26APR17TABZIN-ZIN,9,8044,8,7869,7,15775,6,7120,5,9301,8,6,9,2,10,1725,11,10972,12,11832,8.5
2026-04-17 09:44:02 PM,KXATPCHALLENGERMATCH-26APR17TABZIN-ZIN,9,8044,8,7869,7,15775,6,7120,5,9301,8,6,9,2,10,1725,11,9972,12,11832,8.5
2026-04-17 09:44:02 PM,KXATPCHALLENGERMATCH-26APR17TABZIN-ZIN,9,8044,8,7869,7,15775,6,7120,5,9301,8,6,9,2,10,1725,11,8972,12,11832,8.5
2026-04-17 09:44:02 PM,KXATPCHALLENGERMATCH-26APR17TABZIN-ZIN,9,8044,8,7869,7,15775,6,7120,5,9301,8,6,9,2,10,1725,11,8572,12,11832,8.5
2026-04-17 09:44:02 PM,KXATPCHALLENGERMATCH-26APR17TABZIN-ZIN,9,8044,8,7869,7,15775,6,7120,5,9301,8,6,9,2,10,1725,11,8572,12,10832,8.5
2026-04-17 09:44:02 PM,KXATPCHALLENGERMATCH-26APR17TABZIN-ZIN,9,8044,8,7869,7,15775,6,7120,5,9301,8,6,9,2,10,1725,11,7572,12,10832,8.5
2026-04-17 09:44:02 PM,KXATPCHALLENGERMATCH-26APR17TABZIN-ZIN,9,8044,8,7469,7,15775,6,7120,5,9301,8,6,9,2,10,1725,11,7572,12,10832,8.5
2026-04-17 09:44:02 PM,KXATPCHALLENGERMATCH-26APR17TABZIN-ZIN,9,8044,8,7419,7,15775,6,7120,5,9301,8,6,9,2,10,1725,11,7572,12,10832,8.5
2026-04-17 09:44:02 PM,KXATPCHALLENGERMATCH-26APR17TABZIN-ZIN,9,8044,8,7419,7,15775,6,7120,5,9301,8,6,9,2,10,1325,11,7572,12,10832,8.5
2026-04-17 09:44:02 PM,KXATPCHALLENGERMATCH-26APR17TABZIN-ZIN,9,7944,8,7419,7,15775,6,7120,5,9301,8,6,9,2,10,1325,11,7572,12,10832,8.5
2026-04-17 09:44:02 PM,KXATPCHALLENGERMATCH-26APR17TABZIN-ZIN,9,7944,8,7419,7,15775,6,7120,5,9301,8,6,9,2,10,3,11,7572,12,10832,8.5
2026-04-17 09:44:02 PM,KXATPCHALLENGERMATCH-26APR17TABZIN-ZIN,9,7944,8,7419,7,15775,6,7120,5,9301,8,6,9,2,10,3,11,7972,12,10832,8.5
2026-04-17 09:44:02 PM,KXATPCHALLENGERMATCH-26APR17TABZIN-ZIN,9,7944,8,7419,7,15775,6,7120,5,9301,8,6,9,2,10,3,11,8372,12,10832,8.5
2026-04-17 09:44:02 PM,KXATPCHALLENGERMATCH-26APR17TABZIN-ZIN,9,7944,8,7419,7,15775,6,7120,5,9301,8,6,9,2,10,3,11,8772,12,10832,8.5
2026-04-17 09:44:02 PM,KXATPCHALLENGERMATCH-26APR17TABZIN-ZIN,9,7944,8,7419,7,15775,6,7120,5,9301,8,6,9,2,10,3,11,9172,12,10832,8.5
2026-04-17 09:44:02 PM,KXATPCHALLENGERMATCH-26APR17TABZIN-ZIN,9,7944,8,7419,7,15775,6,7120,5,9301,8,6,9,2,10,3,11,9572,12,10832,8.5
2026-04-17 09:44:02 PM,KXATPCHALLENGERMATCH-26APR17TABZIN-ZIN,9,7944,8,7419,7,15775,6,7120,5,9301,8,6,9,2,10,3,11,9572,12,11232,8.5
2026-04-17 09:44:02 PM,KXATPCHALLENGERMATCH-26APR17TABZIN-ZIN,9,7944,8,7419,7,15775,6,7120,5,9301,8,6,9,2,10,3,11,9572,12,11632,8.5
2026-04-17 09:44:02 PM,KXATPCHALLENGERMATCH-26APR17TABZIN-ZIN,9,7994,8,7419,7,15775,6,7120,5,9301,8,6,9,2,10,3,11,9572,12,11632,8.5
2026-04-17 09:44:02 PM,KXATPCHALLENGERMATCH-26APR17TABZIN-ZIN,9,7994,8,7419,7,15775,6,7120,5,9301,8,6,9,2,10,3,11,9572,12,12032,8.5
2026-04-17 09:44:02 PM,KXATPCHALLENGERMATCH-26APR17TABZIN-ZIN,9,7994,8,7419,7,15775,6,7120,5,9301,8,6,9,2,10,3,11,9572,12,12432,8.5
2026-04-17 09:44:02 PM,KXATPCHALLENGERMATCH-26APR17TABZIN-ZIN,9,7994,8,7419,7,15775,6,7120,5,9301,8,6,9,2,10,3,11,9972,12,12432,8.5
2026-04-17 09:44:02 PM,KXATPCHALLENGERMATCH-26APR17TABZIN-ZIN,9,7994,8,7419,7,15775,6,7120,5,9301,8,6,9,2,10,3,11,10372,12,12432,8.5
2026-04-17 09:44:02 PM,KXATPCHALLENGERMATCH-26APR17TABZIN-ZIN,9,7994,8,7419,7,15775,6,7120,5,9301,8,6,9,2,10,3,11,10772,12,12432,8.5
2026-04-17 09:44:02 PM,KXATPCHALLENGERMATCH-26APR17TABZIN-ZIN,9,8394,8,7419,7,15775,6,7120,5,9301,8,6,9,2,10,3,11,10772,12,12432,8.5
2026-04-17 09:44:02 PM,KXATPCHALLENGERMATCH-26APR17TABZIN-ZIN,9,8394,8,7419,7,15775,6,7120,5,9301,8,6,9,2,10,3,11,11772,12,12432,8.5
2026-04-17 09:44:02 PM,KXATPCHALLENGERMATCH-26APR17TABZIN-ZIN,9,8394,8,7819,7,15775,6,7120,5,9301,8,6,9,2,10,3,11,11772,12,12432,8.5
2026-04-17 09:44:02 PM,KXATPCHALLENGERMATCH-26APR17TABZIN-ZIN,9,8394,8,7819,7,16175,6,7120,5,9301,8,6,9,2,10,3,11,11772,12,12432,8.5
2026-04-17 09:44:02 PM,KXATPCHALLENGERMATCH-26APR17TABZIN-ZIN,9,8394,8,7819,7,16175,6,7120,5,9301,8,6,9,2,10,3,11,11822,12,12432,8.5
2026-04-17 09:44:02 PM,KXATPCHALLENGERMATCH-26APR17TABZIN-ZIN,9,8394,8,7819,7,16175,6,7120,5,9301,8,6,9,2,10,3,11,12822,12,12432,8.5
2026-04-17 09:44:02 PM,KXATPCHALLENGERMATCH-26APR17TABZIN-ZIN,9,8394,8,7819,7,16175,6,7120,5,9301,8,6,9,2,10,3,11,13822,12,12432,8.5
2026-04-17 09:44:02 PM,KXATPCHALLENGERMATCH-26APR17TABZIN-ZIN,9,8394,8,7819,7,16175,6,7120,5,9301,8,6,9,2,10,3,11,13822,12,13432,8.5
2026-04-17 09:44:02 PM,KXATPCHALLENGERMATCH-26APR17TABZIN-ZIN,9,8394,8,7819,7,16175,6,7120,5,9301,8,6,9,2,10,3,11,13822,12,11474,8.5
2026-04-17 09:44:02 PM,KXATPCHALLENGERMATCH-26APR17TABZIN-ZIN,9,6483,8,7819,7,16175,6,7120,5,9301,8,6,9,2,10,3,11,13822,12,11474,8.5
2026-04-17 09:44:03 PM,KXATPCHALLENGERMATCH-26APR17TABZIN-ZIN,9,6483,8,7819,7,16025,6,7120,5,9301,8,6,9,2,10,3,11,13822,12,11474,8.5
2026-04-17 09:44:03 PM,KXATPCHALLENGERMATCH-26APR17TABZIN-ZIN,9,6483,8,7819,7,16025,6,7120,5,9301,8,6,9,2,10,3,11,13822,12,14744,8.5
2026-04-17 09:44:03 PM,KXATPCHALLENGERMATCH-26APR17TABZIN-ZIN,9,6483,8,7819,7,16025,6,7830,5,9301,8,6,9,2,10,3,11,13822,12,14744,8.5
2026-04-17 09:44:03 PM,KXATPCHALLENGERMATCH-26APR17TABZIN-ZIN,9,6483,8,1610,7,16025,6,7830,5,9301,8,6,9,2,10,3,11,13822,12,14744,8.5
2026-04-17 09:44:03 PM,KXATPCHALLENGERMATCH-26APR17TABZIN-ZIN,9,6483,8,1610,7,16025,6,7830,5,9301,8,6,9,2,10,3,11,13822,12,7607,8.5
2026-04-17 09:44:03 PM,KXATPCHALLENGERMATCH-26APR17TABZIN-ZIN,9,450,8,1610,7,16025,6,7830,5,9301,8,6,9,2,10,3,11,13822,12,7607,8.5
2026-04-17 09:44:03 PM,KXATPCHALLENGERMATCH-26APR17TABZIN-ZIN,9,450,8,1610,7,16025,6,7830,5,2506,8,6,9,2,10,3,11,13822,12,7607,8.5
2026-04-17 09:44:03 PM,KXATPCHALLENGERMATCH-26APR17TABZIN-ZIN,9,450,8,1610,7,16025,6,795,5,2506,8,6,9,2,10,3,11,13822,12,7607,8.5
2026-04-17 09:44:03 PM,KXATPCHALLENGERMATCH-26APR17TABZIN-ZIN,9,450,8,1610,7,9512,6,795,5,2506,8,6,9,2,10,3,11,13822,12,7607,8.5
2026-04-17 09:44:03 PM,KXATPCHALLENGERMATCH-26APR17TABZIN-ZIN,9,450,8,1610,7,9512,6,795,5,2506,8,6,9,2,10,3,11,6557,12,7607,8.5
2026-04-17 09:44:03 PM,KXATPCHALLENGERMATCH-26APR17TABZIN-ZIN,9,450,8,900,7,9512,6,795,5,2506,8,6,9,2,10,3,11,6557,12,7607,8.5
2026-04-17 09:44:03 PM,KXATPCHALLENGERMATCH-26APR17TABZIN-ZIN,9,450,8,900,7,9512,6,820,5,2506,8,6,9,2,10,3,11,6557,12,7607,8.5
2026-04-17 09:44:03 PM,KXATPCHALLENGERMATCH-26APR17TABZIN-ZIN,9,450,8,900,7,9512,6,820,5,2506,8,6,9,2,10,3,11,6557,12,6797,8.5
2026-04-17 09:44:03 PM,KXATPCHALLENGERMATCH-26APR17TABZIN-ZIN,9,450,8,900,7,8802,6,820,5,2506,8,6,9,2,10,3,11,6557,12,6797,8.5
2026-04-17 09:44:03 PM,KXATPCHALLENGERMATCH-26APR17TABZIN-ZIN,9,450,8,900,7,8802,6,820,5,2506,8,6,9,2,10,3,11,5557,12,6797,8.5
2026-04-17 09:44:03 PM,KXATPCHALLENGERMATCH-26APR17TABZIN-ZIN,9,450,8,900,7,8802,6,820,5,2506,8,6,9,2,10,3,11,5157,12,6797,8.5
2026-04-17 09:44:03 PM,KXATPCHALLENGERMATCH-26APR17TABZIN-ZIN,9,450,8,900,7,8802,6,820,5,2506,8,6,9,2,10,3,11,4757,12,6797,8.5
2026-04-17 09:44:03 PM,KXATPCHALLENGERMATCH-26APR17TABZIN-ZIN,9,450,8,900,7,8802,6,820,5,2506,8,6,9,2,10,3,11,4357,12,6797,8.5
2026-04-17 09:44:03 PM,KXATPCHALLENGERMATCH-26APR17TABZIN-ZIN,9,450,8,900,7,8802,6,820,5,2506,8,6,9,2,10,3,11,3957,12,6797,8.5
2026-04-17 09:44:03 PM,KXATPCHALLENGERMATCH-26APR17TABZIN-ZIN,9,450,8,900,7,8802,6,820,5,2506,8,6,9,2,10,3,11,2957,12,6797,8.5
2026-04-17 09:44:03 PM,KXATPCHALLENGERMATCH-26APR17TABZIN-ZIN,9,450,8,900,7,8802,6,820,5,2506,8,6,9,2,10,3,11,1957,12,6797,8.5
2026-04-17 09:44:03 PM,KXATPCHALLENGERMATCH-26APR17TABZIN-ZIN,9,450,8,900,7,8802,6,820,5,2506,8,6,9,2,10,3,11,1957,12,6087,8.5
2026-04-17 09:44:03 PM,KXATPCHALLENGERMATCH-26APR17TABZIN-ZIN,9,50,8,900,7,8802,6,820,5,2506,8,6,9,2,10,3,11,1957,12,6087,8.5
2026-04-17 09:44:03 PM,KXATPCHALLENGERMATCH-26APR17TABZIN-ZIN,9,50,8,900,7,8802,6,820,5,2506,8,6,9,2,10,3,11,1557,12,6087,8.5
2026-04-17 09:44:03 PM,KXATPCHALLENGERMATCH-26APR17TABZIN-ZIN,8,900,7,8802,6,820,5,2506,4,2586,8,6,9,2,10,3,11,1557,12,6087,8.0
2026-04-17 09:44:03 PM,KXATPCHALLENGERMATCH-26APR17TABZIN-ZIN,8,900,7,8802,6,820,5,2506,4,2586,8,6,9,2,10,3,11,1157,12,6087,8.0
2026-04-17 09:44:03 PM,KXATPCHALLENGERMATCH-26APR17TABZIN-ZIN,8,900,7,8802,6,820,5,2506,4,2586,8,6,9,2,10,3,11,757,12,6087,8.0
2026-04-17 09:44:03 PM,KXATPCHALLENGERMATCH-26APR17TABZIN-ZIN,8,900,7,8802,6,820,5,2506,4,2586,8,6,9,2,10,3,11,757,12,7087,8.0
2026-04-17 09:44:03 PM,KXATPCHALLENGERMATCH-26APR17TABZIN-ZIN,8,900,7,8802,6,820,5,2506,4,1606,8,6,9,2,10,3,11,757,12,7087,8.0
2026-04-17 09:44:03 PM,KXATPCHALLENGERMATCH-26APR17TABZIN-ZIN,8,900,7,8802,6,1220,5,2506,4,1606,8,6,9,2,10,3,11,757,12,7087,8.0
2026-04-17 09:44:03 PM,KXATPCHALLENGERMATCH-26APR17TABZIN-ZIN,8,950,7,8802,6,1220,5,2506,4,1606,8,6,9,2,10,3,11,757,12,7087,8.0
2026-04-17 09:44:03 PM,KXATPCHALLENGERMATCH-26APR17TABZIN-ZIN,8,950,7,8802,6,1220,5,2506,4,1291,8,6,9,2,10,3,11,757,12,7087,8.0
2026-04-17 09:44:03 PM,KXATPCHALLENGERMATCH-26APR17TABZIN-ZIN,8,950,7,8802,6,1220,5,1037,4,1291,8,6,9,2,10,3,11,757,12,7087,8.0
2026-04-17 09:44:03 PM,KXATPCHALLENGERMATCH-26APR17TABZIN-ZIN,8,950,7,8802,6,1195,5,1037,4,1291,8,6,9,2,10,3,11,757,12,7087,8.0
2026-04-17 09:44:03 PM,KXATPCHALLENGERMATCH-26APR17TABZIN-ZIN,8,950,7,8802,6,1195,5,1037,4,1291,8,6,9,2,10,3,11,869,12,7087,8.0
2026-04-17 09:44:04 PM,KXATPCHALLENGERMATCH-26APR17TABZIN-ZIN,8,950,7,8802,6,795,5,1037,4,1291,8,6,9,2,10,3,11,869,12,7087,8.0
2026-04-17 09:44:04 PM,KXATPCHALLENGERMATCH-26APR17TABZIN-ZIN,8,950,7,8802,6,795,5,1037,4,1291,8,6,9,2,10,3,11,869,12,6687,8.0
2026-04-17 09:44:04 PM,KXATPCHALLENGERMATCH-26APR17TABZIN-ZIN,8,950,7,8802,6,795,5,1037,4,1291,8,6,9,2,10,3,11,869,12,6287,8.0
2026-04-17 09:44:04 PM,KXATPCHALLENGERMATCH-26APR17TABZIN-ZIN,8,900,7,8802,6,795,5,1037,4,1291,8,6,9,2,10,3,11,869,12,6287,8.0
2026-04-17 09:44:04 PM,KXATPCHALLENGERMATCH-26APR17TABZIN-ZIN,9,50,8,900,7,8802,6,795,5,1037,8,6,9,2,10,3,11,869,12,6287,8.5
2026-04-17 09:44:04 PM,KXATPCHALLENGERMATCH-26APR17TABZIN-ZIN,9,200,8,900,7,8802,6,795,5,1037,8,6,9,2,10,3,11,869,12,6287,8.5
2026-04-17 09:44:04 PM,KXATPCHALLENGERMATCH-26APR17TABZIN-ZIN,9,600,8,900,7,8802,6,795,5,1037,8,6,9,2,10,3,11,869,12,6287,8.5
2026-04-17 09:44:04 PM,KXATPCHALLENGERMATCH-26APR17TABZIN-ZIN,9,600,8,900,7,8802,6,795,5,1037,8,6,9,2,10,3,11,1269,12,6287,8.5
2026-04-17 09:44:04 PM,KXATPCHALLENGERMATCH-26APR17TABZIN-ZIN,9,600,8,900,7,8802,6,795,5,1037,8,6,9,2,10,3,11,1669,12,6287,8.5
2026-04-17 09:44:04 PM,KXATPCHALLENGERMATCH-26APR17TABZIN-ZIN,9,600,8,900,7,8802,6,795,5,1037,8,6,9,2,10,403,11,1669,12,6287,8.5
2026-04-17 09:44:04 PM,KXATPCHALLENGERMATCH-26APR17TABZIN-ZIN,9,600,8,900,7,8802,6,795,5,1037,8,6,9,2,10,403,11,1669,12,3017,8.5
2026-04-17 09:44:04 PM,KXATPCHALLENGERMATCH-26APR17TABZIN-ZIN,9,600,8,900,7,8802,6,795,5,1037,8,6,9,2,10,403,11,1669,12,2017,8.5
2026-04-17 09:44:04 PM,KXATPCHALLENGERMATCH-26APR17TABZIN-ZIN,9,600,8,900,7,8802,6,795,5,1037,8,6,9,2,10,403,11,1669,12,1017,8.5
2026-04-17 09:44:04 PM,KXATPCHALLENGERMATCH-26APR17TABZIN-ZIN,9,600,8,900,7,8802,6,795,5,1037,8,6,9,2,10,403,11,1269,12,1017,8.5
2026-04-17 09:44:04 PM,KXATPCHALLENGERMATCH-26APR17TABZIN-ZIN,9,600,8,900,7,8802,6,795,5,1037,8,6,9,2,10,403,11,869,12,1017,8.5
2026-04-17 09:44:04 PM,KXATPCHALLENGERMATCH-26APR17TABZIN-ZIN,9,600,8,900,7,8802,6,795,5,1037,8,6,9,2,10,403,11,869,12,617,8.5
2026-04-17 09:44:05 PM,KXATPCHALLENGERMATCH-26APR17TABZIN-ZIN,9,600,8,900,7,8802,6,795,5,1037,8,6,9,2,10,403,11,757,12,617,8.5
2026-04-17 09:44:06 PM,KXATPCHALLENGERMATCH-26APR17TABZIN-ZIN,9,600,8,900,7,8802,6,795,5,1037,8,6,9,2,10,458,11,757,12,617,8.5
2026-04-17 09:44:06 PM,KXATPCHALLENGERMATCH-26APR17TABZIN-ZIN,9,600,8,900,7,8802,6,795,5,1747,8,6,9,2,10,458,11,757,12,617,8.5
2026-04-17 09:44:06 PM,KXATPCHALLENGERMATCH-26APR17TABZIN-ZIN,9,600,8,900,7,8802,6,795,5,1747,8,6,9,2,10,458,11,757,12,7101,8.5
2026-04-17 09:44:06 PM,KXATPCHALLENGERMATCH-26APR17TABZIN-ZIN,9,600,8,900,7,8802,6,795,5,1747,8,6,9,2,10,1958,11,757,12,7101,8.5
2026-04-17 09:44:06 PM,KXATPCHALLENGERMATCH-26APR17TABZIN-ZIN,9,600,8,900,7,8802,6,795,5,1747,8,6,9,2,10,1958,11,1157,12,7101,8.5
2026-04-17 09:44:06 PM,KXATPCHALLENGERMATCH-26APR17TABZIN-ZIN,9,600,8,900,7,8802,6,795,5,1747,8,6,9,2,10,1958,11,1557,12,7101,8.5
2026-04-17 09:44:06 PM,KXATPCHALLENGERMATCH-26APR17TABZIN-ZIN,9,600,8,900,7,8802,6,795,5,1747,8,6,9,2,10,1958,11,1557,12,8101,8.5
2026-04-17 09:44:06 PM,KXATPCHALLENGERMATCH-26APR17TABZIN-ZIN,9,600,8,900,7,8802,6,795,5,1747,8,6,9,2,10,1958,11,1557,12,8501,8.5
2026-04-17 09:44:06 PM,KXATPCHALLENGERMATCH-26APR17TABZIN-ZIN,9,600,8,900,7,8802,6,795,5,1747,8,6,9,2,10,1958,11,1557,12,9501,8.5
2026-04-17 09:44:06 PM,KXATPCHALLENGERMATCH-26APR17TABZIN-ZIN,9,600,8,900,7,8802,6,795,5,1747,8,6,9,2,10,1958,11,1957,12,9501,8.5
2026-04-17 09:44:06 PM,KXATPCHALLENGERMATCH-26APR17TABZIN-ZIN,9,600,8,900,7,8802,6,795,5,1747,8,6,9,2,10,1958,11,1957,12,10501,8.5
2026-04-17 09:44:06 PM,KXATPCHALLENGERMATCH-26APR17TABZIN-ZIN,9,600,8,400,7,8802,6,795,5,1747,8,6,9,2,10,1958,11,1957,12,10501,8.5
2026-04-17 09:44:06 PM,KXATPCHALLENGERMATCH-26APR17TABZIN-ZIN,9,600,8,400,7,8802,6,795,5,1747,8,6,9,2,10,2358,11,1957,12,10501,8.5
2026-04-17 09:44:06 PM,KXATPCHALLENGERMATCH-26APR17TABZIN-ZIN,9,200,8,400,7,8802,6,795,5,1747,8,6,9,2,10,2358,11,1957,12,10501,8.5
2026-04-17 09:44:06 PM,KXATPCHALLENGERMATCH-26APR17TABZIN-ZIN,9,200,8,425,7,8802,6,795,5,1747,8,6,9,2,10,2358,11,1957,12,10501,8.5
2026-04-17 09:44:06 PM,KXATPCHALLENGERMATCH-26APR17TABZIN-ZIN,9,200,8,425,7,8802,6,1195,5,1747,8,6,9,2,10,2358,11,1957,12,10501,8.5
2026-04-17 09:44:07 PM,KXATPCHALLENGERMATCH-26APR17TABZIN-ZIN,9,200,8,425,7,8802,6,1195,5,1851,8,6,9,2,10,2358,11,1957,12,10501,8.5
2026-04-17 09:44:07 PM,KXATPCHALLENGERMATCH-26APR17TABZIN-ZIN,9,200,8,425,7,8802,6,1195,5,1851,8,6,9,2,10,2358,11,3720,12,10501,8.5
2026-04-17 09:44:07 PM,KXATPCHALLENGERMATCH-26APR17TABZIN-ZIN,9,200,8,2263,7,8802,6,1195,5,1851,8,6,9,2,10,2358,11,3720,12,10501,8.5
2026-04-17 09:44:07 PM,KXATPCHALLENGERMATCH-26APR17TABZIN-ZIN,9,200,8,2263,7,8802,6,1195,5,1851,8,6,9,2,10,2358,11,3720,12,9501,8.5
2026-04-17 09:44:07 PM,KXATPCHALLENGERMATCH-26APR17TABZIN-ZIN,9,200,8,2263,7,8802,6,1195,5,1851,8,6,9,2,10,2358,11,3720,12,8501,8.5
2026-04-17 09:44:07 PM,KXATPCHALLENGERMATCH-26APR17TABZIN-ZIN,9,200,8,2263,7,8802,6,795,5,1851,8,6,9,2,10,2358,11,3720,12,8501,8.5
2026-04-17 09:44:07 PM,KXATPCHALLENGERMATCH-26APR17TABZIN-ZIN,9,600,8,2263,7,8802,6,795,5,1851,8,6,9,2,10,2358,11,3720,12,8501,8.5
2026-04-17 09:44:07 PM,KXATPCHALLENGERMATCH-26APR17TABZIN-ZIN,9,600,8,2263,7,8802,6,795,5,1851,8,6,9,2,10,2358,11,4720,12,8501,8.5
2026-04-17 09:44:07 PM,KXATPCHALLENGERMATCH-26APR17TABZIN-ZIN,9,600,8,2263,7,8802,6,795,5,1851,8,6,9,2,10,2358,11,5720,12,8501,8.5
2026-04-17 09:44:07 PM,KXATPCHALLENGERMATCH-26APR17TABZIN-ZIN,9,600,8,2263,7,8802,6,795,5,1851,8,6,9,2,10,2358,11,6720,12,8501,8.5
2026-04-17 09:44:07 PM,KXATPCHALLENGERMATCH-26APR17TABZIN-ZIN,9,600,8,2263,7,8802,6,795,5,1851,8,6,9,2,10,2358,11,6720,12,9317,8.5
2026-04-17 09:44:08 PM,KXATPCHALLENGERMATCH-26APR17TABZIN-ZIN,9,600,8,2263,7,8802,6,795,5,1851,8,6,9,2,10,2358,11,6720,12,9192,8.5
2026-04-17 09:44:08 PM,KXATPCHALLENGERMATCH-26APR17TABZIN-ZIN,9,600,8,2263,7,8802,6,795,5,1851,8,6,9,2,10,2358,11,6595,12,9192,8.5
2026-04-17 09:44:08 PM,KXATPCHALLENGERMATCH-26APR17TABZIN-ZIN,9,600,8,2263,7,8802,6,795,5,1851,8,6,9,2,10,2358,11,5595,12,9192,8.5
2026-04-17 09:44:08 PM,KXATPCHALLENGERMATCH-26APR17TABZIN-ZIN,9,600,8,2263,7,8802,6,795,5,1851,8,6,9,2,10,2358,11,4595,12,9192,8.5
2026-04-17 09:44:08 PM,KXATPCHALLENGERMATCH-26APR17TABZIN-ZIN,9,600,8,2263,7,8802,6,795,5,1851,8,6,9,2,10,2358,11,3595,12,9192,8.5
2026-04-17 09:44:08 PM,KXATPCHALLENGERMATCH-26APR17TABZIN-ZIN,9,600,8,2263,7,8802,6,795,5,1851,8,6,9,2,10,2020,11,3595,12,9192,8.5
2026-04-17 09:44:08 PM,KXATPCHALLENGERMATCH-26APR17TABZIN-ZIN,9,600,8,2263,7,8802,6,795,5,1851,8,6,9,2,10,2020,11,3595,12,10192,8.5
2026-04-17 09:44:08 PM,KXATPCHALLENGERMATCH-26APR17TABZIN-ZIN,9,600,8,2263,7,8802,6,795,5,1851,8,6,9,2,10,2020,11,3595,12,11192,8.5
2026-04-17 09:44:08 PM,KXATPCHALLENGERMATCH-26APR17TABZIN-ZIN,9,600,8,2238,7,8802,6,795,5,1851,8,6,9,2,10,2020,11,3595,12,11192,8.5
2026-04-17 09:44:08 PM,KXATPCHALLENGERMATCH-26APR17TABZIN-ZIN,9,600,8,2238,7,8802,6,795,5,1851,8,6,9,2,10,1620,11,3595,12,11192,8.5
2026-04-17 09:44:08 PM,KXATPCHALLENGERMATCH-26APR17TABZIN-ZIN,9,600,8,2238,7,8802,6,795,5,1851,8,6,9,2,10,1611,11,3595,12,11192,8.5
2026-04-17 09:44:08 PM,KXATPCHALLENGERMATCH-26APR17TABZIN-ZIN,9,600,8,2238,7,8802,6,795,5,1851,8,6,9,2,10,1560,11,3595,12,11192,8.5
2026-04-17 09:44:08 PM,KXATPCHALLENGERMATCH-26APR17TABZIN-ZIN,9,600,8,2238,7,8802,6,795,5,1851,8,6,9,2,10,1519,11,3595,12,11192,8.5
2026-04-17 09:44:08 PM,KXATPCHALLENGERMATCH-26APR17TABZIN-ZIN,9,600,8,2238,7,8802,6,795,5,1851,8,6,9,2,10,1506,11,3595,12,11192,8.5
2026-04-17 09:44:08 PM,KXATPCHALLENGERMATCH-26APR17TABZIN-ZIN,9,600,8,2238,7,8802,6,795,5,1851,8,6,9,2,10,1501,11,3595,12,11192,8.5
2026-04-17 09:44:09 PM,KXATPCHALLENGERMATCH-26APR17TABZIN-ZIN,9,600,8,2238,7,8802,6,795,5,1747,8,6,9,2,10,1501,11,3595,12,11192,8.5
2026-04-17 09:44:09 PM,KXATPCHALLENGERMATCH-26APR17TABZIN-ZIN,9,600,8,2238,7,8802,6,795,5,1747,8,6,9,2,10,1497,11,3595,12,11192,8.5
2026-04-17 09:44:09 PM,KXATPCHALLENGERMATCH-26APR17TABZIN-ZIN,9,600,8,2238,7,8802,6,795,5,1772,8,6,9,2,10,1497,11,3595,12,11192,8.5
2026-04-17 09:44:09 PM,KXATPCHALLENGERMATCH-26APR17TABZIN-ZIN,9,600,8,2238,7,8802,6,795,5,1747,8,6,9,2,10,1497,11,3595,12,11192,8.5
2026-04-17 09:44:09 PM,KXATPCHALLENGERMATCH-26APR17TABZIN-ZIN,9,600,8,2238,7,8802,6,795,5,1747,8,6,9,2,10,1497,11,9706,12,11192,8.5
2026-04-17 09:44:09 PM,KXATPCHALLENGERMATCH-26APR17TABZIN-ZIN,9,600,8,2238,7,8802,6,795,5,1747,8,6,9,2,10,1497,11,10416,12,11192,8.5
2026-04-17 09:44:09 PM,KXATPCHALLENGERMATCH-26APR17TABZIN-ZIN,9,600,8,2238,7,8802,6,795,5,1747,8,6,9,2,10,1497,11,10416,12,11902,8.5
2026-04-17 09:44:09 PM,KXATPCHALLENGERMATCH-26APR17TABZIN-ZIN,9,600,8,2238,7,8802,6,795,5,1747,8,6,9,2,10,1497,11,10416,12,10902,8.5
2026-04-17 09:44:09 PM,KXATPCHALLENGERMATCH-26APR17TABZIN-ZIN,9,600,8,2238,7,8802,6,795,5,1747,8,6,9,2,10,1497,11,10416,12,9902,8.5
2026-04-17 09:44:09 PM,KXATPCHALLENGERMATCH-26APR17TABZIN-ZIN,9,600,8,2238,7,8802,6,795,5,1747,8,6,9,2,10,1497,11,11416,12,9902,8.5
2026-04-17 09:44:09 PM,KXATPCHALLENGERMATCH-26APR17TABZIN-ZIN,9,600,8,2238,7,8802,6,795,5,1747,8,6,9,2,10,1497,11,12416,12,9902,8.5
2026-04-17 09:44:09 PM,KXATPCHALLENGERMATCH-26APR17TABZIN-ZIN,9,600,8,2238,7,8802,6,795,5,1747,8,6,9,2,10,1497,11,13416,12,9902,8.5
2026-04-17 09:44:10 PM,KXATPCHALLENGERMATCH-26APR17TABZIN-ZIN,9,600,8,2238,7,8802,6,795,5,1747,8,6,9,2,10,8799,11,13416,12,9902,8.5
2026-04-17 09:44:10 PM,KXATPCHALLENGERMATCH-26APR17TABZIN-ZIN,9,450,8,2238,7,8802,6,795,5,1747,8,6,9,2,10,8799,11,13416,12,9902,8.5
2026-04-17 09:44:10 PM,KXATPCHALLENGERMATCH-26APR17TABZIN-ZIN,9,450,8,2238,7,8802,6,795,5,1747,8,6,9,2,10,8779,11,13416,12,9902,8.5
2026-04-17 09:44:10 PM,KXATPCHALLENGERMATCH-26APR17TABZIN-ZIN,9,450,8,2238,7,8802,6,795,5,1747,8,6,9,2,10,8992,11,13416,12,9902,8.5
2026-04-17 09:44:11 PM,KXATPCHALLENGERMATCH-26APR17TABZIN-ZIN,9,450,8,8638,7,8802,6,795,5,1747,8,6,9,2,10,8992,11,13416,12,9902,8.5
2026-04-17 09:44:11 PM,KXATPCHALLENGERMATCH-26APR17TABZIN-ZIN,9,450,8,8638,7,8802,6,795,5,1747,8,6,9,2,10,9072,11,13416,12,9902,8.5
2026-04-17 09:44:12 PM,KXATPCHALLENGERMATCH-26APR17TABZIN-ZIN,9,450,8,8638,7,8802,6,795,5,1747,8,6,9,2,10,9063,11,13416,12,9902,8.5
2026-04-17 09:44:12 PM,KXATPCHALLENGERMATCH-26APR17TABZIN-ZIN,9,450,8,8638,7,8802,6,795,5,1747,8,6,9,2,10,7603,11,13416,12,9902,8.5
2026-04-17 09:44:12 PM,KXATPCHALLENGERMATCH-26APR17TABZIN-ZIN,9,450,8,8638,7,8802,6,795,5,1747,8,6,9,2,10,7585,11,13416,12,9902,8.5
2026-04-17 09:44:12 PM,KXATPCHALLENGERMATCH-26APR17TABZIN-ZIN,9,450,8,6800,7,8802,6,795,5,1747,8,6,9,2,10,7585,11,13416,12,9902,8.5
2026-04-17 09:44:12 PM,KXATPCHALLENGERMATCH-26APR17TABZIN-ZIN,9,450,8,6800,7,8802,6,795,5,1747,8,6,9,2,10,7585,11,11653,12,9902,8.5
2026-04-17 09:44:12 PM,KXATPCHALLENGERMATCH-26APR17TABZIN-ZIN,9,450,8,6800,7,8802,6,795,5,1747,8,6,9,2,10,7585,11,12053,12,9902,8.5
2026-04-17 09:44:12 PM,KXATPCHALLENGERMATCH-26APR17TABZIN-ZIN,9,450,8,6800,7,8802,6,795,5,1747,8,6,9,2,10,7585,11,12053,12,10302,8.5
2026-04-17 09:44:12 PM,KXATPCHALLENGERMATCH-26APR17TABZIN-ZIN,9,450,8,6800,7,8802,6,795,5,1747,8,6,9,2,10,7585,11,12453,12,10302,8.5
2026-04-17 09:44:12 PM,KXATPCHALLENGERMATCH-26APR17TABZIN-ZIN,9,450,8,6800,7,8802,6,795,5,1747,8,6,9,2,10,7585,11,12853,12,10302,8.5
2026-04-17 09:44:12 PM,KXATPCHALLENGERMATCH-26APR17TABZIN-ZIN,9,450,8,6800,7,8802,6,795,5,1747,8,6,9,2,10,7585,11,12853,12,10702,8.5
2026-04-17 09:44:12 PM,KXATPCHALLENGERMATCH-26APR17TABZIN-ZIN,9,450,8,6800,7,8802,6,795,5,1747,8,6,9,2,10,7585,11,13253,12,10702,8.5
2026-04-17 09:44:12 PM,KXATPCHALLENGERMATCH-26APR17TABZIN-ZIN,9,450,8,6800,7,8802,6,795,5,1747,8,6,9,2,10,7585,11,13253,12,10622,8.5
2026-04-17 09:44:12 PM,KXATPCHALLENGERMATCH-26APR17TABZIN-ZIN,9,450,8,6800,7,8802,6,795,5,1747,8,6,9,2,10,7665,11,13253,12,10622,8.5
2026-04-17 09:44:13 PM,KXATPCHALLENGERMATCH-26APR17TABZIN-ZIN,9,450,8,6800,7,8802,6,795,5,1747,8,6,9,2,10,7336,11,13253,12,10622,8.5
2026-04-17 09:44:13 PM,KXATPCHALLENGERMATCH-26APR17TABZIN-ZIN,9,6591,8,6800,7,8802,6,795,5,1747,8,6,9,2,10,7336,11,13253,12,10622,8.5
2026-04-17 09:44:13 PM,KXATPCHALLENGERMATCH-26APR17TABZIN-ZIN,9,6591,8,6800,7,8802,6,795,5,1747,8,6,9,2,10,7336,11,12543,12,10622,8.5
2026-04-17 09:44:13 PM,KXATPCHALLENGERMATCH-26APR17TABZIN-ZIN,9,6591,8,6800,7,8802,6,795,5,1747,8,6,9,2,10,7336,11,12543,12,9912,8.5
2026-04-17 09:44:13 PM,KXATPCHALLENGERMATCH-26APR17TABZIN-ZIN,9,6591,8,400,7,8802,6,795,5,1747,8,6,9,2,10,7336,11,12543,12,9912,8.5
2026-04-17 09:44:13 PM,KXATPCHALLENGERMATCH-26APR17TABZIN-ZIN,9,450,8,400,7,8802,6,795,5,1747,8,6,9,2,10,7336,11,12543,12,9912,8.5
2026-04-17 09:44:13 PM,KXATPCHALLENGERMATCH-26APR17TABZIN-ZIN,9,450,8,400,7,8802,6,795,5,1747,8,6,9,2,10,7336,11,6432,12,9912,8.5
2026-04-17 09:44:13 PM,KXATPCHALLENGERMATCH-26APR17TABZIN-ZIN,9,450,8,400,7,8802,6,795,5,1747,8,6,9,2,10,7336,11,6432,12,3428,8.5
2026-04-17 09:44:13 PM,KXATPCHALLENGERMATCH-26APR17TABZIN-ZIN,9,450,8,400,7,8802,6,795,5,1747,8,6,9,2,10,382,11,6432,12,3428,8.5
2026-04-17 09:44:13 PM,KXATPCHALLENGERMATCH-26APR17TABZIN-ZIN,9,450,8,400,7,8802,6,795,5,1747,8,6,9,2,10,302,11,6432,12,3428,8.5
2026-04-17 09:44:13 PM,KXATPCHALLENGERMATCH-26APR17TABZIN-ZIN,9,450,8,400,7,8802,6,795,5,1747,8,6,9,2,10,302,11,6432,12,3508,8.5
2026-04-17 09:44:13 PM,KXATPCHALLENGERMATCH-26APR17TABZIN-ZIN,9,450,8,400,7,8802,6,795,5,1747,8,6,9,2,10,302,11,6432,12,2692,8.5
2026-04-17 09:44:13 PM,KXATPCHALLENGERMATCH-26APR17TABZIN-ZIN,9,450,8,400,7,8802,6,795,5,1747,8,6,9,2,10,302,11,6032,12,2692,8.5
2026-04-17 09:44:13 PM,KXATPCHALLENGERMATCH-26APR17TABZIN-ZIN,9,450,8,400,7,8802,6,795,5,1747,8,6,9,2,10,302,11,6032,12,2292,8.5
2026-04-17 09:44:13 PM,KXATPCHALLENGERMATCH-26APR17TABZIN-ZIN,9,450,8,400,7,8802,6,795,5,1747,8,6,9,2,10,302,11,5632,12,2292,8.5
2026-04-17 09:44:13 PM,KXATPCHALLENGERMATCH-26APR17TABZIN-ZIN,9,450,8,400,7,8802,6,795,5,1747,8,6,9,2,10,302,11,5232,12,2292,8.5
2026-04-17 09:44:13 PM,KXATPCHALLENGERMATCH-26APR17TABZIN-ZIN,9,450,8,400,7,8802,6,795,5,1747,8,6,9,2,10,302,11,4832,12,2292,8.5
2026-04-17 09:44:13 PM,KXATPCHALLENGERMATCH-26APR17TABZIN-ZIN,9,450,8,400,7,8802,6,795,5,1747,8,6,9,2,10,302,11,3832,12,2292,8.5
2026-04-17 09:44:13 PM,KXATPCHALLENGERMATCH-26APR17TABZIN-ZIN,9,450,8,400,7,8802,6,795,5,1747,8,6,9,2,10,302,11,2832,12,2292,8.5
2026-04-17 09:44:13 PM,KXATPCHALLENGERMATCH-26APR17TABZIN-ZIN,9,450,8,400,7,8802,6,795,5,1747,8,6,9,2,10,302,11,1832,12,2292,8.5
2026-04-17 09:44:13 PM,KXATPCHALLENGERMATCH-26APR17TABZIN-ZIN,9,450,8,400,7,8802,6,795,5,1747,8,6,9,2,10,302,11,1432,12,2292,8.5
2026-04-17 09:44:13 PM,KXATPCHALLENGERMATCH-26APR17TABZIN-ZIN,9,450,8,400,7,8802,6,795,5,1747,8,6,9,2,10,302,11,1432,12,1292,8.5
2026-04-17 09:44:13 PM,KXATPCHALLENGERMATCH-26APR17TABZIN-ZIN,9,450,8,400,7,8802,6,795,5,1747,8,6,9,2,10,302,11,1432,12,892,8.5
2026-04-17 09:44:13 PM,KXATPCHALLENGERMATCH-26APR17TABZIN-ZIN,9,450,8,400,7,8802,6,795,5,1747,8,6,9,2,10,302,11,1032,12,892,8.5
2026-04-17 09:44:13 PM,KXATPCHALLENGERMATCH-26APR17TABZIN-ZIN,9,450,8,400,7,8802,6,795,5,1747,8,6,9,2,10,302,11,632,12,892,8.5
2026-04-17 09:44:13 PM,KXATPCHALLENGERMATCH-26APR17TABZIN-ZIN,9,50,8,400,7,8802,6,795,5,1747,8,6,9,2,10,302,11,632,12,892,8.5
2026-04-17 09:44:13 PM,KXATPCHALLENGERMATCH-26APR17TABZIN-ZIN,8,400,7,8802,6,795,5,1747,4,2430,8,6,9,2,10,302,11,632,12,892,8.0
2026-04-17 09:44:13 PM,KXATPCHALLENGERMATCH-26APR17TABZIN-ZIN,8,400,7,8802,6,795,5,1747,4,2262,8,6,9,2,10,302,11,632,12,892,8.0
2026-04-17 09:44:13 PM,KXATPCHALLENGERMATCH-26APR17TABZIN-ZIN,8,400,7,8802,6,1195,5,1747,4,2262,8,6,9,2,10,302,11,632,12,892,8.0
2026-04-17 09:44:13 PM,KXATPCHALLENGERMATCH-26APR17TABZIN-ZIN,8,400,7,8802,6,1195,5,1747,4,2262,8,6,9,2,10,302,11,232,12,892,8.0
2026-04-17 09:44:13 PM,KXATPCHALLENGERMATCH-26APR17TABZIN-ZIN,8,400,7,8802,6,1195,5,1747,4,2262,8,6,9,2,10,302,11,232,12,492,8.0
2026-04-17 09:44:13 PM,KXATPCHALLENGERMATCH-26APR17TABZIN-ZIN,8,400,7,8802,6,1195,5,1747,4,2262,8,6,9,2,10,302,11,182,12,492,8.0
2026-04-17 09:44:13 PM,KXATPCHALLENGERMATCH-26APR17TABZIN-ZIN,8,450,7,8802,6,1195,5,1747,4,2262,8,6,9,2,10,302,11,182,12,492,8.0
2026-04-17 09:44:13 PM,KXATPCHALLENGERMATCH-26APR17TABZIN-ZIN,9,150,8,450,7,8802,6,1195,5,1747,8,6,9,2,10,302,11,182,12,492,8.5
2026-04-17 09:44:13 PM,KXATPCHALLENGERMATCH-26APR17TABZIN-ZIN,9,150,8,450,7,8802,6,1195,5,1747,8,6,9,2,10,302,11,182,12,542,8.5
2026-04-17 09:44:13 PM,KXATPCHALLENGERMATCH-26APR17TABZIN-ZIN,9,150,8,450,7,8802,6,1195,5,1747,8,6,9,2,10,302,11,182,12,667,8.5
2026-04-17 09:44:13 PM,KXATPCHALLENGERMATCH-26APR17TABZIN-ZIN,9,150,8,450,7,8802,6,1195,5,1747,8,6,9,2,10,302,11,307,12,667,8.5
2026-04-17 09:44:13 PM,KXATPCHALLENGERMATCH-26APR17TABZIN-ZIN,9,150,8,450,7,8802,6,1195,5,1747,8,6,9,2,10,89,11,307,12,667,8.5
2026-04-17 09:44:13 PM,KXATPCHALLENGERMATCH-26APR17TABZIN-ZIN,9,150,8,450,7,8802,6,1195,5,1849,8,6,9,2,10,89,11,307,12,667,8.5
2026-04-17 09:44:14 PM,KXATPCHALLENGERMATCH-26APR17TABZIN-ZIN,9,150,8,450,7,8802,6,1195,5,1849,8,6,9,2,10,71,11,307,12,667,8.5
2026-04-17 09:44:15 PM,KXATPCHALLENGERMATCH-26APR17TABZIN-ZIN,9,150,8,450,7,8802,6,1195,5,1747,8,6,9,2,10,71,11,307,12,667,8.5
2026-04-17 09:44:16 PM,KXATPCHALLENGERMATCH-26APR17TABZIN-ZIN,9,150,8,450,7,8802,6,1195,5,1747,8,6,9,2,10,71,11,307,12,1350,8.5
2026-04-17 09:44:16 PM,KXATPCHALLENGERMATCH-26APR17TABZIN-ZIN,9,150,8,450,7,8802,6,1195,5,1747,8,6,9,2,10,71,11,307,12,1750,8.5
2026-04-17 09:44:16 PM,KXATPCHALLENGERMATCH-26APR17TABZIN-ZIN,9,246,8,450,7,8802,6,1195,5,1747,8,6,9,2,10,71,11,307,12,1750,8.5
2026-04-17 09:44:17 PM,KXATPCHALLENGERMATCH-26APR17TABZIN-ZIN,9,246,8,450,7,8802,6,1195,5,1747,8,6,9,2,10,10,11,307,12,1750,8.5
2026-04-17 09:44:17 PM,KXATPCHALLENGERMATCH-26APR17TABZIN-ZIN,9,246,8,450,7,8802,6,1195,5,1747,8,6,9,2,10,10,11,306,12,1750,8.5
2026-04-17 09:44:17 PM,KXATPCHALLENGERMATCH-26APR17TABZIN-ZIN,9,246,8,450,7,8802,6,1195,5,1747,8,6,9,2,10,10,11,226,12,1750,8.5
2026-04-17 09:44:17 PM,KXATPCHALLENGERMATCH-26APR17TABZIN-ZIN,9,246,8,450,7,8802,6,1195,5,1747,8,6,9,2,10,10,11,126,12,1750,8.5
2026-04-17 09:44:17 PM,KXATPCHALLENGERMATCH-26APR17TABZIN-ZIN,9,246,8,450,7,8802,6,1195,5,1747,8,6,9,2,10,10,11,106,12,1750,8.5
2026-04-17 09:44:17 PM,KXATPCHALLENGERMATCH-26APR17TABZIN-ZIN,9,246,8,450,7,8802,6,1195,5,1747,8,6,9,2,10,10,11,186,12,1750,8.5
2026-04-17 09:44:17 PM,KXATPCHALLENGERMATCH-26APR17TABZIN-ZIN,9,246,8,450,7,9302,6,1195,5,1747,8,6,9,2,10,10,11,186,12,1750,8.5
2026-04-17 09:44:17 PM,KXATPCHALLENGERMATCH-26APR17TABZIN-ZIN,9,246,8,450,7,9302,6,1195,5,1747,8,6,9,2,10,10,11,336,12,1750,8.5
2026-04-17 09:44:17 PM,KXATPCHALLENGERMATCH-26APR17TABZIN-ZIN,9,246,8,450,7,9302,6,1195,5,1747,8,6,9,2,10,10,11,336,12,1067,8.5
2026-04-17 09:44:17 PM,KXATPCHALLENGERMATCH-26APR17TABZIN-ZIN,9,246,8,450,7,9302,6,1195,5,1747,8,6,9,2,10,10,11,336,12,667,8.5
2026-04-17 09:44:18 PM,KXATPCHALLENGERMATCH-26APR17TABZIN-ZIN,9,246,8,450,7,9302,6,1195,5,1747,8,6,9,2,10,10,11,232,12,667,8.5
2026-04-17 09:44:18 PM,KXATPCHALLENGERMATCH-26APR17TABZIN-ZIN,9,246,8,450,7,9302,6,1195,5,1747,8,6,9,2,10,10,11,152,12,667,8.5
2026-04-17 09:44:18 PM,KXATPCHALLENGERMATCH-26APR17TABZIN-ZIN,9,246,8,450,7,9302,6,1195,5,1747,8,6,9,2,10,10,11,99,12,667,8.5
2026-04-17 09:44:18 PM,KXATPCHALLENGERMATCH-26APR17TABZIN-ZIN,9,246,8,450,7,9302,6,1195,5,1747,8,6,9,2,10,10,11,224,12,667,8.5
2026-04-17 09:44:18 PM,KXATPCHALLENGERMATCH-26APR17TABZIN-ZIN,9,246,8,450,7,9302,6,1195,5,1747,8,6,9,2,10,10,11,304,12,667,8.5
2026-04-17 09:44:18 PM,KXATPCHALLENGERMATCH-26APR17TABZIN-ZIN,9,246,8,450,7,9302,6,1195,5,1747,8,6,9,2,10,10,11,361,12,667,8.5
2026-04-17 09:44:18 PM,KXATPCHALLENGERMATCH-26APR17TABZIN-ZIN,9,246,8,450,7,9302,6,1195,5,1747,8,6,9,2,10,10,11,304,12,667,8.5
2026-04-17 09:44:18 PM,KXATPCHALLENGERMATCH-26APR17TABZIN-ZIN,9,246,8,450,7,9302,6,1195,5,1747,8,6,9,2,10,10,11,208,12,667,8.5
2026-04-17 09:44:18 PM,KXATPCHALLENGERMATCH-26APR17TABZIN-ZIN,9,246,8,450,7,9302,6,1195,5,1747,8,6,9,2,10,19,11,208,12,667,8.5
2026-04-17 09:44:18 PM,KXATPCHALLENGERMATCH-26APR17TABZIN-ZIN,9,246,8,450,7,9302,6,1195,5,1747,8,6,9,2,10,19,11,358,12,667,8.5
2026-04-17 09:44:20 PM,KXATPCHALLENGERMATCH-26APR17TABZIN-ZIN,9,246,8,450,7,9302,6,1195,5,1852,8,6,9,2,10,19,11,358,12,667,8.5
2026-04-17 09:44:20 PM,KXATPCHALLENGERMATCH-26APR17TABZIN-ZIN,9,246,8,450,7,9302,6,1195,5,1852,8,6,9,2,10,19,11,208,12,667,8.5
2026-04-17 09:44:20 PM,KXATPCHALLENGERMATCH-26APR17TABZIN-ZIN,9,246,8,450,7,9302,6,1195,5,1852,8,6,9,2,10,19,11,234,12,667,8.5
2026-04-17 09:44:20 PM,KXATPCHALLENGERMATCH-26APR17TABZIN-ZIN,9,246,8,450,7,9302,6,1195,5,1852,8,6,9,2,10,19,11,384,12,667,8.5
2026-04-17 09:44:21 PM,KXATPCHALLENGERMATCH-26APR17TABZIN-ZIN,9,246,8,450,7,9302,6,1195,5,1852,8,6,9,2,10,19,11,234,12,667,8.5
2026-04-17 09:44:21 PM,KXATPCHALLENGERMATCH-26APR17TABZIN-ZIN,9,246,8,450,7,9302,6,1195,5,1852,8,6,9,2,10,19,11,384,12,667,8.5
2026-04-17 09:44:22 PM,KXATPCHALLENGERMATCH-26APR17TABZIN-ZIN,9,246,8,450,7,9302,6,1195,5,1852,8,6,9,2,10,10,11,384,12,667,8.5
2026-04-17 09:44:22 PM,KXATPCHALLENGERMATCH-26APR17TABZIN-ZIN,9,246,8,450,7,9302,6,1195,5,1747,8,6,9,2,10,10,11,384,12,667,8.5
2026-04-17 09:44:23 PM,KXATPCHALLENGERMATCH-26APR17TABZIN-ZIN,9,225,8,450,7,9302,6,1195,5,1747,8,6,9,2,10,10,11,384,12,667,8.5
2026-04-17 09:44:23 PM,KXATPCHALLENGERMATCH-26APR17TABZIN-ZIN,9,225,8,450,7,9302,6,1195,5,1747,8,6,9,2,10,10,11,234,12,667,8.5
2026-04-17 09:44:23 PM,KXATPCHALLENGERMATCH-26APR17TABZIN-ZIN,9,225,8,450,7,9302,6,1195,5,1747,8,6,9,2,10,10,11,384,12,667,8.5
2026-04-17 09:44:24 PM,KXATPCHALLENGERMATCH-26APR17TABZIN-ZIN,9,225,8,450,7,9302,6,1195,5,1747,8,6,9,2,10,10,11,234,12,667,8.5
2026-04-17 09:44:24 PM,KXATPCHALLENGERMATCH-26APR17TABZIN-ZIN,9,225,8,450,7,9302,6,1195,5,1747,8,6,9,2,10,10,11,384,12,667,8.5
2026-04-17 09:44:24 PM,KXATPCHALLENGERMATCH-26APR17TABZIN-ZIN,9,225,8,450,7,9302,6,1195,5,1747,8,6,9,2,10,10,11,384,12,1067,8.5
2026-04-17 09:44:25 PM,KXATPCHALLENGERMATCH-26APR17TABZIN-ZIN,9,225,8,450,7,9302,6,1195,5,1747,8,6,9,2,10,10,11,259,12,1067,8.5
2026-04-17 09:44:25 PM,KXATPCHALLENGERMATCH-26APR17TABZIN-ZIN,9,225,8,450,7,9302,6,1195,5,1747,8,6,9,2,10,10,11,179,12,1067,8.5
2026-04-17 09:44:25 PM,KXATPCHALLENGERMATCH-26APR17TABZIN-ZIN,9,225,8,450,7,9302,6,1195,5,1747,8,6,9,2,10,10,11,153,12,1067,8.5
2026-04-17 09:44:25 PM,KXATPCHALLENGERMATCH-26APR17TABZIN-ZIN,9,225,8,450,7,9302,6,1195,5,1747,8,6,9,2,10,10,11,3,12,1067,8.5
2026-04-17 09:44:25 PM,KXATPCHALLENGERMATCH-26APR17TABZIN-ZIN,9,225,8,450,7,9302,6,1195,5,1747,8,6,9,2,10,10,11,3,12,1055,8.5
2026-04-17 09:44:25 PM,KXATPCHALLENGERMATCH-26APR17TABZIN-ZIN,9,225,8,450,7,9302,6,1195,5,1747,8,6,9,2,10,10,11,3,12,879,8.5
2026-04-17 09:44:26 PM,KXATPCHALLENGERMATCH-26APR17TABZIN-ZIN,9,225,8,450,7,9302,6,1195,5,1747,8,6,9,2,10,10,11,128,12,879,8.5
2026-04-17 09:44:26 PM,KXATPCHALLENGERMATCH-26APR17TABZIN-ZIN,9,225,8,450,7,9302,6,1195,5,1747,8,6,9,2,10,10,11,208,12,879,8.5
2026-04-17 09:44:26 PM,KXATPCHALLENGERMATCH-26APR17TABZIN-ZIN,9,225,8,450,7,9302,6,1195,5,1747,8,6,9,2,10,10,11,358,12,879,8.5
2026-04-17 09:44:26 PM,KXATPCHALLENGERMATCH-26APR17TABZIN-ZIN,9,225,8,450,7,9302,6,1195,5,1747,8,6,9,2,10,10,11,358,12,905,8.5
2026-04-17 09:44:26 PM,KXATPCHALLENGERMATCH-26APR17TABZIN-ZIN,9,225,8,450,7,9302,6,1195,5,1747,8,6,9,2,10,10,11,358,12,879,8.5
2026-04-17 09:44:26 PM,KXATPCHALLENGERMATCH-26APR17TABZIN-ZIN,9,225,8,450,7,9302,6,1195,5,1747,8,6,9,2,10,10,11,359,12,879,8.5
2026-04-17 09:44:26 PM,KXATPCHALLENGERMATCH-26APR17TABZIN-ZIN,9,225,8,450,7,9302,6,1195,5,1747,8,6,9,2,10,10,11,411,12,879,8.5
2026-04-17 09:44:26 PM,KXATPCHALLENGERMATCH-26APR17TABZIN-ZIN,9,225,8,450,7,9302,6,1195,5,1747,8,6,9,2,10,10,11,331,12,879,8.5
2026-04-17 09:44:27 PM,KXATPCHALLENGERMATCH-26APR17TABZIN-ZIN,9,325,8,450,7,9302,6,1195,5,1747,8,6,9,2,10,10,11,331,12,879,8.5
2026-04-17 09:44:27 PM,KXATPCHALLENGERMATCH-26APR17TABZIN-ZIN,9,325,8,450,7,9302,6,1195,5,1747,8,6,9,2,10,10,11,347,12,879,8.5
2026-04-17 09:44:27 PM,KXATPCHALLENGERMATCH-26APR17TABZIN-ZIN,9,325,8,450,7,9302,6,1195,5,1747,8,6,9,2,10,10,11,197,12,879,8.5
2026-04-17 09:44:27 PM,KXATPCHALLENGERMATCH-26APR17TABZIN-ZIN,9,325,8,450,7,9327,6,1195,5,1747,8,6,9,2,10,10,11,197,12,879,8.5
2026-04-17 09:44:27 PM,KXATPCHALLENGERMATCH-26APR17TABZIN-ZIN,9,325,8,450,7,9327,6,1195,5,1747,8,6,9,2,10,10,11,197,12,479,8.5
2026-04-17 09:44:27 PM,KXATPCHALLENGERMATCH-26APR17TABZIN-ZIN,9,325,8,450,7,9327,6,1195,5,1747,8,6,9,2,10,10,11,277,12,479,8.5
2026-04-17 09:44:28 PM,KXATPCHALLENGERMATCH-26APR17TABZIN-ZIN,9,325,8,450,7,9302,6,1195,5,1747,8,6,9,2,10,10,11,277,12,479,8.5
2026-04-17 09:44:28 PM,KXATPCHALLENGERMATCH-26APR17TABZIN-ZIN,10,81,9,325,8,450,7,9302,6,1195,8,6,9,2,10,10,11,277,12,479,9.0
2026-04-17 09:44:28 PM,KXATPCHALLENGERMATCH-26APR17TABZIN-ZIN,10,81,9,325,8,450,7,9302,6,1195,8,6,9,2,10,10,11,277,12,591,9.0
2026-04-17 09:44:28 PM,KXATPCHALLENGERMATCH-26APR17TABZIN-ZIN,10,81,9,325,8,450,7,9302,6,1195,8,6,9,2,10,10,11,260,12,591,9.0
2026-04-17 09:44:28 PM,KXATPCHALLENGERMATCH-26APR17TABZIN-ZIN,10,81,9,229,8,450,7,9302,6,1195,8,6,9,2,10,10,11,260,12,591,9.0
2026-04-17 09:44:28 PM,KXATPCHALLENGERMATCH-26APR17TABZIN-ZIN,10,81,9,244,8,450,7,9302,6,1195,8,6,9,2,10,10,11,260,12,591,9.0
2026-04-17 09:44:29 PM,KXATPCHALLENGERMATCH-26APR17TABZIN-ZIN,10,81,9,244,8,450,7,9397,6,1195,8,6,9,2,10,10,11,260,12,591,9.0
2026-04-17 09:44:29 PM,KXATPCHALLENGERMATCH-26APR17TABZIN-ZIN,10,81,9,244,8,450,7,9397,6,1195,8,6,9,2,10,10,11,410,12,591,9.0
2026-04-17 09:44:29 PM,KXATPCHALLENGERMATCH-26APR17TABZIN-ZIN,10,81,9,244,8,450,7,9397,6,1195,8,6,9,2,10,10,11,358,12,591,9.0
2026-04-17 09:44:30 PM,KXATPCHALLENGERMATCH-26APR17TABZIN-ZIN,10,81,9,244,8,450,7,9302,6,1195,8,6,9,2,10,10,11,358,12,591,9.0
2026-04-17 09:44:30 PM,KXATPCHALLENGERMATCH-26APR17TABZIN-ZIN,10,81,9,244,8,450,7,9312,6,1195,8,6,9,2,10,10,11,358,12,591,9.0
2026-04-17 09:44:31 PM,KXATPCHALLENGERMATCH-26APR17TABZIN-ZIN,10,81,9,244,8,450,7,9312,6,1195,8,6,9,2,10,10,11,358,12,479,9.0
2026-04-17 09:44:31 PM,KXATPCHALLENGERMATCH-26APR17TABZIN-ZIN,10,81,9,115,8,450,7,9312,6,1195,8,6,9,2,10,10,11,358,12,479,9.0
2026-04-17 09:44:31 PM,KXATPCHALLENGERMATCH-26APR17TABZIN-ZIN,10,81,9,115,8,450,7,9312,6,1195,8,6,9,2,10,10,11,1858,12,479,9.0
2026-04-17 09:44:31 PM,KXATPCHALLENGERMATCH-26APR17TABZIN-ZIN,10,81,9,115,8,450,7,9312,6,1195,8,6,9,2,10,10,11,9125,12,479,9.0
2026-04-17 09:44:31 PM,KXATPCHALLENGERMATCH-26APR17TABZIN-ZIN,9,115,8,450,7,9312,6,1195,5,1747,8,6,9,2,10,10,11,9125,12,479,8.5
2026-04-17 09:44:31 PM,KXATPCHALLENGERMATCH-26APR17TABZIN-ZIN,9,115,8,450,7,9312,6,1195,5,1747,8,6,9,2,10,7276,11,9125,12,479,8.5
2026-04-17 09:44:31 PM,KXATPCHALLENGERMATCH-26APR17TABZIN-ZIN,9,115,8,450,7,9312,6,1195,5,1747,8,6,9,2,10,7276,11,9125,12,7479,8.5
2026-04-17 09:44:31 PM,KXATPCHALLENGERMATCH-26APR17TABZIN-ZIN,9,115,8,450,7,9312,6,1195,5,1747,8,6,9,2,10,7276,11,9125,12,8479,8.5
2026-04-17 09:44:31 PM,KXATPCHALLENGERMATCH-26APR17TABZIN-ZIN,9,115,8,450,7,9312,6,1195,5,1747,8,6,9,2,10,7276,11,9125,12,8879,8.5
2026-04-17 09:44:31 PM,KXATPCHALLENGERMATCH-26APR17TABZIN-ZIN,9,115,8,450,7,9312,6,1195,5,1747,8,6,9,2,10,7276,11,9125,12,9279,8.5
2026-04-17 09:44:31 PM,KXATPCHALLENGERMATCH-26APR17TABZIN-ZIN,9,115,8,450,7,9312,6,1195,5,1747,8,6,9,2,10,7276,11,9125,12,9679,8.5
2026-04-17 09:44:31 PM,KXATPCHALLENGERMATCH-26APR17TABZIN-ZIN,9,115,8,450,7,9312,6,1195,5,1747,8,6,9,2,10,7276,11,9125,12,10079,8.5
2026-04-17 09:44:31 PM,KXATPCHALLENGERMATCH-26APR17TABZIN-ZIN,9,115,8,450,7,9312,6,1195,5,1747,8,6,9,2,10,7276,11,9125,12,10479,8.5
2026-04-17 09:44:31 PM,KXATPCHALLENGERMATCH-26APR17TABZIN-ZIN,9,115,8,450,7,8812,6,1195,5,1747,8,6,9,2,10,7276,11,9125,12,10479,8.5
2026-04-17 09:44:31 PM,KXATPCHALLENGERMATCH-26APR17TABZIN-ZIN,9,115,8,450,7,8812,6,1195,5,1747,8,6,9,2,10,7276,11,9125,12,11479,8.5
2026-04-17 09:44:31 PM,KXATPCHALLENGERMATCH-26APR17TABZIN-ZIN,9,115,8,450,7,8812,6,1195,5,1747,8,6,9,2,10,7276,11,9125,12,12479,8.5
2026-04-17 09:44:31 PM,KXATPCHALLENGERMATCH-26APR17TABZIN-ZIN,9,115,8,450,7,8812,6,1195,5,1747,8,6,9,2,10,7276,11,9125,12,12079,8.5
2026-04-17 09:44:31 PM,KXATPCHALLENGERMATCH-26APR17TABZIN-ZIN,9,115,8,450,7,8812,6,1195,5,1747,8,6,9,2,10,7276,11,9125,12,11679,8.5
2026-04-17 09:44:31 PM,KXATPCHALLENGERMATCH-26APR17TABZIN-ZIN,9,115,8,450,7,8812,6,1195,5,1747,8,6,9,2,10,7276,11,9125,12,11629,8.5
2026-04-17 09:44:31 PM,KXATPCHALLENGERMATCH-26APR17TABZIN-ZIN,9,115,8,450,7,8812,6,1195,5,1747,8,6,9,2,10,7276,11,9125,12,11229,8.5
2026-04-17 09:44:31 PM,KXATPCHALLENGERMATCH-26APR17TABZIN-ZIN,9,115,8,450,7,8812,6,1195,5,1747,8,6,9,2,10,7276,11,9125,12,10829,8.5
2026-04-17 09:44:31 PM,KXATPCHALLENGERMATCH-26APR17TABZIN-ZIN,9,115,8,450,7,8812,6,1195,5,1747,8,6,9,2,10,7276,11,9126,12,10829,8.5
2026-04-17 09:44:31 PM,KXATPCHALLENGERMATCH-26APR17TABZIN-ZIN,9,115,8,450,7,8812,6,1195,5,1747,8,6,9,2,10,7276,11,9126,12,10429,8.5
2026-04-17 09:44:31 PM,KXATPCHALLENGERMATCH-26APR17TABZIN-ZIN,9,115,8,450,7,8812,6,1195,5,1747,8,6,9,2,10,7276,11,9126,12,9429,8.5
2026-04-17 09:44:31 PM,KXATPCHALLENGERMATCH-26APR17TABZIN-ZIN,9,115,8,450,7,8812,6,1195,5,1747,8,6,9,2,10,7276,11,9126,12,8429,8.5
2026-04-17 09:44:31 PM,KXATPCHALLENGERMATCH-26APR17TABZIN-ZIN,9,115,8,450,7,8812,6,1195,5,1747,8,6,9,2,10,7276,11,9126,12,7429,8.5
2026-04-17 09:44:31 PM,KXATPCHALLENGERMATCH-26APR17TABZIN-ZIN,9,115,8,400,7,8812,6,1195,5,1747,8,6,9,2,10,7276,11,9126,12,7429,8.5
2026-04-17 09:44:31 PM,KXATPCHALLENGERMATCH-26APR17TABZIN-ZIN,9,115,8,400,7,8812,6,1195,5,1747,8,6,9,2,10,7676,11,9126,12,7429,8.5
2026-04-17 09:44:31 PM,KXATPCHALLENGERMATCH-26APR17TABZIN-ZIN,9,115,8,400,7,8812,6,1195,5,1747,8,6,9,2,10,8076,11,9126,12,7429,8.5
2026-04-17 09:44:31 PM,KXATPCHALLENGERMATCH-26APR17TABZIN-ZIN,9,15,8,400,7,8812,6,1195,5,1747,8,6,9,2,10,8076,11,9126,12,7429,8.5
2026-04-17 09:44:31 PM,KXATPCHALLENGERMATCH-26APR17TABZIN-ZIN,8,400,7,8812,6,1195,5,1747,4,1191,8,6,9,2,10,8076,11,9126,12,7429,8.0
2026-04-17 09:44:31 PM,KXATPCHALLENGERMATCH-26APR17TABZIN-ZIN,8,400,7,8812,6,1195,5,1747,4,1191,8,6,9,287,10,8076,11,9126,12,7429,8.0
2026-04-17 09:44:31 PM,KXATPCHALLENGERMATCH-26APR17TABZIN-ZIN,8,400,7,8812,6,1195,5,1747,4,1191,8,6,9,287,10,8076,11,10126,12,7429,8.0
2026-04-17 09:44:31 PM,KXATPCHALLENGERMATCH-26APR17TABZIN-ZIN,8,400,7,8812,6,1195,5,1747,4,1191,8,6,9,287,10,9076,11,10126,12,7429,8.0
2026-04-17 09:44:31 PM,KXATPCHALLENGERMATCH-26APR17TABZIN-ZIN,8,400,7,8812,6,1195,5,1747,4,1191,8,6,9,287,10,9076,11,10526,12,7429,8.0
2026-04-17 09:44:31 PM,KXATPCHALLENGERMATCH-26APR17TABZIN-ZIN,8,400,7,8812,6,1195,5,1747,4,1191,8,6,9,687,10,9076,11,10526,12,7429,8.0
2026-04-17 09:44:31 PM,KXATPCHALLENGERMATCH-26APR17TABZIN-ZIN,8,400,7,8812,6,1195,5,1747,4,1191,8,6,9,1087,10,9076,11,10526,12,7429,8.0
2026-04-17 09:44:31 PM,KXATPCHALLENGERMATCH-26APR17TABZIN-ZIN,8,400,7,8812,6,1195,5,1747,4,1191,8,6,9,1087,10,9076,11,10926,12,7429,8.0
2026-04-17 09:44:31 PM,KXATPCHALLENGERMATCH-26APR17TABZIN-ZIN,8,400,7,8812,6,1195,5,1747,4,1191,8,6,9,1487,10,9076,11,10926,12,7429,8.0
2026-04-17 09:44:31 PM,KXATPCHALLENGERMATCH-26APR17TABZIN-ZIN,8,400,7,8862,6,1195,5,1747,4,1191,8,6,9,1487,10,9076,11,10926,12,7429,8.0
2026-04-17 09:44:31 PM,KXATPCHALLENGERMATCH-26APR17TABZIN-ZIN,8,400,7,8862,6,1195,5,1747,4,1191,8,6,9,1487,10,9476,11,10926,12,7429,8.0
2026-04-17 09:44:31 PM,KXATPCHALLENGERMATCH-26APR17TABZIN-ZIN,8,400,7,8862,6,1195,5,1747,4,1191,8,6,9,1887,10,9476,11,10926,12,7429,8.0
2026-04-17 09:44:31 PM,KXATPCHALLENGERMATCH-26APR17TABZIN-ZIN,8,400,7,8862,6,1195,5,1747,4,1191,8,6,9,1887,10,9526,11,10926,12,7429,8.0
2026-04-17 09:44:31 PM,KXATPCHALLENGERMATCH-26APR17TABZIN-ZIN,8,400,7,8862,6,1195,5,1747,4,1191,8,6,9,1887,10,10526,11,10926,12,7429,8.0
2026-04-17 09:44:31 PM,KXATPCHALLENGERMATCH-26APR17TABZIN-ZIN,8,400,7,8862,6,1195,5,1747,4,1191,8,6,9,1887,10,11526,11,10926,12,7429,8.0
2026-04-17 09:44:31 PM,KXATPCHALLENGERMATCH-26APR17TABZIN-ZIN,8,400,7,8862,6,1195,5,1747,4,1191,8,6,9,2287,10,11526,11,10926,12,7429,8.0
2026-04-17 09:44:31 PM,KXATPCHALLENGERMATCH-26APR17TABZIN-ZIN,8,400,7,8862,6,1195,5,1747,4,1191,8,6,9,9042,10,11526,11,10926,12,7429,8.0
2026-04-17 09:44:31 PM,KXATPCHALLENGERMATCH-26APR17TABZIN-ZIN,8,400,7,8862,6,1195,5,1747,4,1191,8,6,9,9042,10,11566,11,10926,12,7429,8.0
2026-04-17 09:44:31 PM,KXATPCHALLENGERMATCH-26APR17TABZIN-ZIN,8,400,7,8862,6,1195,5,1747,4,1191,8,6,9,9042,10,11966,11,10926,12,7429,8.0
2026-04-17 09:44:31 PM,KXATPCHALLENGERMATCH-26APR17TABZIN-ZIN,8,400,7,8862,6,1195,5,2247,4,1191,8,6,9,9042,10,11966,11,10926,12,7429,8.0
2026-04-17 09:44:31 PM,KXATPCHALLENGERMATCH-26APR17TABZIN-ZIN,8,400,7,8862,6,1195,5,2247,4,1191,8,6,9,9042,10,10966,11,10926,12,7429,8.0
2026-04-17 09:44:31 PM,KXATPCHALLENGERMATCH-26APR17TABZIN-ZIN,8,400,7,8862,6,1195,5,2247,4,1191,8,6,9,9042,10,9966,11,10926,12,7429,8.0
2026-04-17 09:44:31 PM,KXATPCHALLENGERMATCH-26APR17TABZIN-ZIN,8,400,7,8862,6,1195,5,2247,4,1191,8,6,9,9042,10,9966,11,9926,12,7429,8.0
2026-04-17 09:44:31 PM,KXATPCHALLENGERMATCH-26APR17TABZIN-ZIN,8,400,7,8862,6,1195,5,2247,4,1191,8,6,9,9442,10,9966,11,9926,12,7429,8.0
2026-04-17 09:44:31 PM,KXATPCHALLENGERMATCH-26APR17TABZIN-ZIN,8,400,7,8862,6,1195,5,2247,4,1191,8,6,9,9842,10,9966,11,9926,12,7429,8.0
2026-04-17 09:44:31 PM,KXATPCHALLENGERMATCH-26APR17TABZIN-ZIN,8,400,7,8862,6,1195,5,2247,4,1191,8,6,9,9842,10,9966,11,9928,12,7429,8.0
2026-04-17 09:44:32 PM,KXATPCHALLENGERMATCH-26APR17TABZIN-ZIN,8,400,7,8862,6,1195,5,2247,4,1191,8,6,9,9842,10,9966,11,9927,12,7429,8.0
2026-04-17 09:44:32 PM,KXATPCHALLENGERMATCH-26APR17TABZIN-ZIN,8,400,7,8862,6,1195,5,2247,4,1191,8,6,9,10842,10,9966,11,9927,12,7429,8.0
2026-04-17 09:44:32 PM,KXATPCHALLENGERMATCH-26APR17TABZIN-ZIN,8,400,7,8862,6,1195,5,2247,4,1437,8,6,9,10842,10,9966,11,9927,12,7429,8.0
2026-04-17 09:44:32 PM,KXATPCHALLENGERMATCH-26APR17TABZIN-ZIN,8,400,7,10720,6,1195,5,2247,4,1437,8,6,9,10842,10,9966,11,9927,12,7429,8.0
2026-04-17 09:44:32 PM,KXATPCHALLENGERMATCH-26APR17TABZIN-ZIN,8,400,7,10720,6,1195,5,2247,4,1437,8,6,9,10842,10,9966,11,9930,12,7429,8.0
2026-04-17 09:44:32 PM,KXATPCHALLENGERMATCH-26APR17TABZIN-ZIN,8,400,7,10720,6,1195,5,2247,4,1437,8,6,9,10842,10,9966,11,9928,12,7429,8.0
2026-04-17 09:44:32 PM,KXATPCHALLENGERMATCH-26APR17TABZIN-ZIN,8,400,7,10720,6,1195,5,2247,4,1437,8,6,9,12731,10,9966,11,9928,12,7429,8.0
2026-04-17 09:44:32 PM,KXATPCHALLENGERMATCH-26APR17TABZIN-ZIN,8,400,7,10720,6,1195,5,2247,4,1102,8,6,9,12731,10,9966,11,9928,12,7429,8.0
2026-04-17 09:44:32 PM,KXATPCHALLENGERMATCH-26APR17TABZIN-ZIN,8,400,7,10720,6,1195,5,2247,4,1102,8,6,9,12731,10,9966,11,9928,12,8911,8.0
2026-04-17 09:44:32 PM,KXATPCHALLENGERMATCH-26APR17TABZIN-ZIN,8,400,7,10720,6,1195,5,2247,4,1102,8,6,9,12731,10,9966,11,9932,12,8911,8.0
2026-04-17 09:44:32 PM,KXATPCHALLENGERMATCH-26APR17TABZIN-ZIN,8,400,7,10720,6,1195,5,2247,4,1102,8,6,9,12731,10,9966,11,9929,12,8911,8.0
2026-04-17 09:44:32 PM,KXATPCHALLENGERMATCH-26APR17TABZIN-ZIN,8,400,7,10720,6,1195,5,2247,4,1102,8,6,9,12731,10,9966,11,9929,12,8941,8.0
2026-04-17 09:44:32 PM,KXATPCHALLENGERMATCH-26APR17TABZIN-ZIN,8,400,7,10720,6,1195,5,2247,4,1102,8,6,9,12731,10,9966,11,9925,12,8941,8.0
2026-04-17 09:44:32 PM,KXATPCHALLENGERMATCH-26APR17TABZIN-ZIN,8,400,7,10720,6,1195,5,2247,4,1102,8,6,9,12731,10,9966,11,9930,12,8941,8.0
2026-04-17 09:44:32 PM,KXATPCHALLENGERMATCH-26APR17TABZIN-ZIN,8,400,7,10720,6,1195,5,2247,4,1102,8,6,9,12731,10,10885,11,9930,12,8941,8.0
2026-04-17 09:44:32 PM,KXATPCHALLENGERMATCH-26APR17TABZIN-ZIN,8,400,7,10720,6,1195,5,2247,4,1102,8,6,9,12731,10,10885,11,9930,12,8951,8.0
2026-04-17 09:44:32 PM,KXATPCHALLENGERMATCH-26APR17TABZIN-ZIN,8,400,7,10720,6,1195,5,2247,4,1102,8,6,9,12731,10,10885,11,9930,12,9101,8.0
2026-04-17 09:44:32 PM,KXATPCHALLENGERMATCH-26APR17TABZIN-ZIN,8,400,7,10720,6,1195,5,2247,4,1576,8,6,9,12731,10,10885,11,9930,12,9101,8.0
2026-04-17 09:44:33 PM,KXATPCHALLENGERMATCH-26APR17TABZIN-ZIN,8,400,7,10720,6,1195,5,2247,4,1576,8,6,9,12731,10,10885,11,9936,12,9101,8.0
2026-04-17 09:44:33 PM,KXATPCHALLENGERMATCH-26APR17TABZIN-ZIN,8,400,7,10720,6,1195,5,2247,4,1576,8,6,9,12731,10,10885,11,9931,12,9101,8.0
2026-04-17 09:44:33 PM,KXATPCHALLENGERMATCH-26APR17TABZIN-ZIN,8,400,7,10720,6,1195,5,2247,4,1576,8,6,9,12731,10,10885,11,9931,12,9021,8.0
2026-04-17 09:44:33 PM,KXATPCHALLENGERMATCH-26APR17TABZIN-ZIN,8,400,7,10720,6,1195,5,2247,4,1576,8,6,9,12731,10,10965,11,9931,12,9021,8.0
2026-04-17 09:44:33 PM,KXATPCHALLENGERMATCH-26APR17TABZIN-ZIN,8,400,7,10720,6,1195,5,2247,4,1576,8,6,9,12731,10,11090,11,9931,12,9021,8.0
2026-04-17 09:44:33 PM,KXATPCHALLENGERMATCH-26APR17TABZIN-ZIN,8,400,7,10720,6,1195,5,2247,4,1576,8,6,9,12731,10,11090,11,9931,12,8896,8.0
2026-04-17 09:44:33 PM,KXATPCHALLENGERMATCH-26APR17TABZIN-ZIN,8,400,7,10720,6,1195,5,2247,4,556,8,6,9,12731,10,11090,11,9931,12,8896,8.0
2026-04-17 09:44:33 PM,KXATPCHALLENGERMATCH-26APR17TABZIN-ZIN,8,400,7,10720,6,1195,5,2247,4,556,8,6,9,12731,10,11090,11,9938,12,8896,8.0
2026-04-17 09:44:33 PM,KXATPCHALLENGERMATCH-26APR17TABZIN-ZIN,8,400,7,10720,6,1195,5,2247,4,556,8,6,9,12731,10,11090,11,9932,12,8896,8.0
2026-04-17 09:44:33 PM,KXATPCHALLENGERMATCH-26APR17TABZIN-ZIN,8,400,7,10720,6,1195,5,2247,4,556,8,6,9,12731,10,11090,11,8432,12,8896,8.0
2026-04-17 09:44:33 PM,KXATPCHALLENGERMATCH-26APR17TABZIN-ZIN,8,400,7,10720,6,1195,5,2247,4,556,8,6,9,14231,10,11090,11,8432,12,8896,8.0
2026-04-17 09:44:33 PM,KXATPCHALLENGERMATCH-26APR17TABZIN-ZIN,8,400,7,10720,6,1195,5,2247,4,556,8,6,9,14231,10,11090,11,8440,12,8896,8.0
2026-04-17 09:44:33 PM,KXATPCHALLENGERMATCH-26APR17TABZIN-ZIN,8,400,7,10720,6,1195,5,2247,4,556,8,6,9,14231,10,11090,11,8433,12,8896,8.0
2026-04-17 09:44:33 PM,KXATPCHALLENGERMATCH-26APR17TABZIN-ZIN,8,400,7,10720,6,1195,5,2247,4,556,8,6,9,14231,10,11090,11,8442,12,8896,8.0
2026-04-17 09:44:33 PM,KXATPCHALLENGERMATCH-26APR17TABZIN-ZIN,8,400,7,10720,6,1195,5,2247,4,556,8,6,9,14231,10,11090,11,8434,12,8896,8.0
2026-04-17 09:44:33 PM,KXATPCHALLENGERMATCH-26APR17TABZIN-ZIN,8,400,7,10745,6,1195,5,2247,4,556,8,6,9,14231,10,11090,11,8434,12,8896,8.0
2026-04-17 09:44:33 PM,KXATPCHALLENGERMATCH-26APR17TABZIN-ZIN,8,400,7,10745,6,1195,5,2247,4,556,8,6,9,14231,10,11090,11,8434,12,8909,8.0
2026-04-17 09:44:34 PM,KXATPCHALLENGERMATCH-26APR17TABZIN-ZIN,8,400,7,10745,6,1195,5,2247,4,556,8,6,9,14231,10,11090,11,8418,12,8909,8.0
2026-04-17 09:44:34 PM,KXATPCHALLENGERMATCH-26APR17TABZIN-ZIN,8,400,7,10745,6,1195,5,2247,4,556,8,6,9,14231,10,11118,11,8418,12,8909,8.0
2026-04-17 09:44:34 PM,KXATPCHALLENGERMATCH-26APR17TABZIN-ZIN,8,400,7,10745,6,1195,5,2247,4,556,8,6,9,14231,10,11118,11,8409,12,8909,8.0
2026-04-17 09:44:34 PM,KXATPCHALLENGERMATCH-26APR17TABZIN-ZIN,8,400,7,10745,6,1195,5,2247,4,556,8,6,9,14231,10,11118,11,8409,12,10378,8.0
2026-04-17 09:44:34 PM,KXATPCHALLENGERMATCH-26APR17TABZIN-ZIN,8,400,7,10745,6,1195,5,2247,4,556,8,6,9,14231,10,11118,11,8437,12,10378,8.0
2026-04-17 09:44:34 PM,KXATPCHALLENGERMATCH-26APR17TABZIN-ZIN,8,400,7,10745,6,1195,5,2247,4,556,8,6,9,14231,10,11120,11,8437,12,10378,8.0
2026-04-17 09:44:34 PM,KXATPCHALLENGERMATCH-26APR17TABZIN-ZIN,8,400,7,10745,6,1195,5,2247,4,556,8,6,9,14231,10,10995,11,8437,12,10378,8.0
2026-04-17 09:44:34 PM,KXATPCHALLENGERMATCH-26APR17TABZIN-ZIN,8,400,7,10745,6,1195,5,2247,4,556,8,6,9,14231,10,10995,11,8330,12,10378,8.0
2026-04-17 09:44:34 PM,KXATPCHALLENGERMATCH-26APR17TABZIN-ZIN,8,400,7,10745,6,1195,5,2247,4,556,8,6,9,14941,10,10995,11,8330,12,10378,8.0
2026-04-17 09:44:34 PM,KXATPCHALLENGERMATCH-26APR17TABZIN-ZIN,8,400,7,10745,6,1195,5,2247,4,556,8,6,9,14941,10,11705,11,8330,12,10378,8.0
2026-04-17 09:44:35 PM,KXATPCHALLENGERMATCH-26APR17TABZIN-ZIN,8,400,7,10745,6,1195,5,2247,4,556,8,6,9,14941,10,11708,11,8330,12,10378,8.0
2026-04-17 09:44:35 PM,KXATPCHALLENGERMATCH-26APR17TABZIN-ZIN,8,400,7,10745,6,1195,5,2247,4,556,8,6,9,14941,10,11706,11,8330,12,10378,8.0
2026-04-17 09:44:35 PM,KXATPCHALLENGERMATCH-26APR17TABZIN-ZIN,8,400,7,10745,6,1195,5,2247,4,556,8,6,9,14941,10,11703,11,8330,12,10378,8.0
2026-04-17 09:44:35 PM,KXATPCHALLENGERMATCH-26APR17TABZIN-ZIN,8,400,7,10745,6,1195,5,2247,4,556,8,6,9,14941,10,11707,11,8330,12,10378,8.0
2026-04-17 09:44:35 PM,KXATPCHALLENGERMATCH-26APR17TABZIN-ZIN,8,400,7,17464,6,1195,5,2247,4,556,8,6,9,14941,10,11707,11,8330,12,10378,8.0
2026-04-17 09:44:35 PM,KXATPCHALLENGERMATCH-26APR17TABZIN-ZIN,8,400,7,17464,6,1195,5,2247,4,556,8,6,9,14941,10,11712,11,8330,12,10378,8.0
2026-04-17 09:44:35 PM,KXATPCHALLENGERMATCH-26APR17TABZIN-ZIN,8,400,7,17464,6,1195,5,2247,4,556,8,6,9,14941,10,11708,11,8330,12,10378,8.0
2026-04-17 09:44:36 PM,KXATPCHALLENGERMATCH-26APR17TABZIN-ZIN,8,400,7,17464,6,1195,5,2247,4,556,8,6,9,14941,10,11708,11,8330,12,10430,8.0
2026-04-17 09:44:36 PM,KXATPCHALLENGERMATCH-26APR17TABZIN-ZIN,8,400,7,17464,6,1195,5,2247,4,556,8,6,9,14889,10,11708,11,8330,12,10430,8.0
