ts_et,ticker,bid_1,bid_1_sz,bid_2,bid_2_sz,bid_3,bid_3_sz,bid_4,bid_4_sz,bid_5,bid_5_sz,ask_1,ask_1_sz,ask_2,ask_2_sz,ask_3,ask_3_sz,ask_4,ask_4_sz,ask_5,ask_5_sz,mid
2026-04-17 09:43:06 PM,KXATPMATCH-26APR18JODFIL-FIL,60,1582,59,1725,58,11642,57,12624,56,495,61,6479,62,13829,63,6297,64,513,65,519,60.5
2026-04-17 09:43:09 PM,KXATPMATCH-26APR18JODFIL-FIL,60,1582,59,1725,58,11642,57,12624,56,524,61,6479,62,13829,63,6297,64,513,65,519,60.5
2026-04-17 09:44:14 PM,KXATPMATCH-26APR18JODFIL-FIL,60,1582,59,1725,58,11642,57,12624,56,524,61,6479,62,12845,63,6297,64,513,65,519,60.5
2026-04-17 09:44:15 PM,KXATPMATCH-26APR18JODFIL-FIL,60,1582,59,1725,58,11642,57,12624,56,524,61,6479,62,13829,63,6297,64,513,65,519,60.5
2026-04-17 09:44:32 PM,KXATPMATCH-26APR18JODFIL-FIL,60,1582,59,1725,58,11642,57,12624,56,634,61,6479,62,13829,63,6297,64,513,65,519,60.5
2026-04-17 09:44:33 PM,KXATPMATCH-26APR18JODFIL-FIL,60,1582,59,1725,58,11642,57,12624,56,634,61,11479,62,13829,63,6297,64,513,65,519,60.5
2026-04-17 09:44:33 PM,KXATPMATCH-26APR18JODFIL-FIL,60,1582,59,1725,58,11642,57,12624,56,634,61,11479,62,13829,63,1297,64,513,65,519,60.5
2026-04-17 09:44:33 PM,KXATPMATCH-26APR18JODFIL-FIL,60,1582,59,1725,58,11642,57,12624,56,634,61,6479,62,13829,63,1297,64,513,65,519,60.5
2026-04-17 09:45:36 PM,KXATPMATCH-26APR18JODFIL-FIL,60,1582,59,1725,58,11642,57,12624,56,634,61,4756,62,13829,63,1297,64,513,65,519,60.5
2026-04-17 09:45:36 PM,KXATPMATCH-26APR18JODFIL-FIL,60,1582,59,1725,58,11642,57,12624,56,634,61,3439,62,13829,63,1297,64,513,65,519,60.5
2026-04-17 09:45:36 PM,KXATPMATCH-26APR18JODFIL-FIL,60,1582,59,1725,58,11642,57,12624,56,634,61,3439,62,13829,63,6297,64,513,65,519,60.5
2026-04-17 09:45:37 PM,KXATPMATCH-26APR18JODFIL-FIL,60,1582,59,1725,58,11642,57,12624,56,634,61,6485,62,13829,63,6297,64,513,65,519,60.5
2026-04-17 09:45:37 PM,KXATPMATCH-26APR18JODFIL-FIL,60,1582,59,1725,58,11642,57,12624,56,634,61,3439,62,13829,63,6297,64,513,65,519,60.5
2026-04-17 09:45:54 PM,KXATPMATCH-26APR18JODFIL-FIL,60,1582,59,1725,58,11642,57,12624,56,634,61,6485,62,13829,63,6297,64,513,65,519,60.5
2026-04-17 09:46:15 PM,KXATPMATCH-26APR18JODFIL-FIL,60,1582,59,1725,58,11642,57,12624,56,634,61,3439,62,13829,63,6297,64,513,65,519,60.5
2026-04-17 09:46:16 PM,KXATPMATCH-26APR18JODFIL-FIL,60,1582,59,1725,58,11642,57,12624,56,634,61,6485,62,13829,63,6297,64,513,65,519,60.5
2026-04-17 09:46:21 PM,KXATPMATCH-26APR18JODFIL-FIL,60,1582,59,1725,58,11642,57,12624,56,634,61,3439,62,13829,63,6297,64,513,65,519,60.5
2026-04-17 09:46:24 PM,KXATPMATCH-26APR18JODFIL-FIL,60,1582,59,1725,58,11642,57,12624,56,634,61,6485,62,13829,63,6297,64,513,65,519,60.5
2026-04-17 09:47:18 PM,KXATPMATCH-26APR18JODFIL-FIL,60,1582,59,1725,58,11642,57,12624,56,634,61,3439,62,13829,63,6297,64,513,65,519,60.5
2026-04-17 09:47:19 PM,KXATPMATCH-26APR18JODFIL-FIL,60,1582,59,1725,58,11642,57,12624,56,634,61,6485,62,13829,63,6297,64,513,65,519,60.5
2026-04-17 09:47:38 PM,KXATPMATCH-26APR18JODFIL-FIL,60,1582,59,1725,58,11642,57,12624,56,634,61,3439,62,13829,63,6297,64,513,65,519,60.5
2026-04-17 09:47:46 PM,KXATPMATCH-26APR18JODFIL-FIL,60,1582,59,1725,58,11642,57,12624,56,634,61,6485,62,13829,63,6297,64,513,65,519,60.5
2026-04-17 09:48:06 PM,KXATPMATCH-26APR18JODFIL-FIL,60,1582,59,1725,58,11642,57,12624,56,634,61,6585,62,13829,63,6297,64,513,65,519,60.5
2026-04-17 09:48:08 PM,KXATPMATCH-26APR18JODFIL-FIL,60,1582,59,1725,58,11618,57,12624,56,634,61,6585,62,13829,63,6297,64,513,65,519,60.5
2026-04-17 09:48:08 PM,KXATPMATCH-26APR18JODFIL-FIL,60,1582,59,1725,58,11593,57,12624,56,634,61,6585,62,13829,63,6297,64,513,65,519,60.5
2026-04-17 09:48:08 PM,KXATPMATCH-26APR18JODFIL-FIL,60,1582,59,1725,58,11593,57,12600,56,634,61,6585,62,13829,63,6297,64,513,65,519,60.5
2026-04-17 09:48:08 PM,KXATPMATCH-26APR18JODFIL-FIL,60,1582,59,1725,58,11593,57,12575,56,634,61,6585,62,13829,63,6297,64,513,65,519,60.5
2026-04-17 09:48:37 PM,KXATPMATCH-26APR18JODFIL-FIL,60,1582,59,1725,58,11593,57,12575,56,634,61,3539,62,13829,63,6297,64,513,65,519,60.5
2026-04-17 09:48:38 PM,KXATPMATCH-26APR18JODFIL-FIL,60,1582,59,1725,58,11593,57,12575,56,634,61,6585,62,13829,63,6297,64,513,65,519,60.5
2026-04-17 09:48:38 PM,KXATPMATCH-26APR18JODFIL-FIL,60,1582,59,1725,58,11593,57,12575,56,634,61,3539,62,13829,63,6297,64,513,65,519,60.5
2026-04-17 09:48:52 PM,KXATPMATCH-26APR18JODFIL-FIL,60,1582,59,1725,58,11593,57,12575,56,634,61,6585,62,13829,63,6297,64,513,65,519,60.5
2026-04-17 09:49:48 PM,KXATPMATCH-26APR18JODFIL-FIL,60,1582,59,1725,58,11593,57,12575,56,634,61,6377,62,13829,63,6297,64,513,65,519,60.5
2026-04-17 09:49:48 PM,KXATPMATCH-26APR18JODFIL-FIL,60,1582,59,1725,58,11593,57,12575,56,634,61,6377,62,13848,63,6297,64,513,65,519,60.5
2026-04-17 09:49:49 PM,KXATPMATCH-26APR18JODFIL-FIL,60,1582,59,1725,58,11593,57,12575,56,634,61,11377,62,13848,63,6297,64,513,65,519,60.5
2026-04-17 09:49:49 PM,KXATPMATCH-26APR18JODFIL-FIL,60,1582,59,1725,58,11593,57,12575,56,3680,61,11377,62,13848,63,6297,64,513,65,519,60.5
2026-04-17 09:49:49 PM,KXATPMATCH-26APR18JODFIL-FIL,60,1582,59,1725,58,11593,57,11258,56,3680,61,11377,62,13848,63,6297,64,513,65,519,60.5
2026-04-17 09:49:49 PM,KXATPMATCH-26APR18JODFIL-FIL,60,1582,59,1725,58,11593,57,9535,56,3680,61,11377,62,13848,63,6297,64,513,65,519,60.5
2026-04-17 09:49:49 PM,KXATPMATCH-26APR18JODFIL-FIL,60,1582,59,1725,58,11593,57,9535,56,3680,61,11377,62,13848,63,1297,64,513,65,519,60.5
2026-04-17 09:49:49 PM,KXATPMATCH-26APR18JODFIL-FIL,60,1582,59,1725,58,11593,57,9535,56,3680,61,11585,62,13848,63,1297,64,513,65,519,60.5
2026-04-17 09:49:49 PM,KXATPMATCH-26APR18JODFIL-FIL,60,1582,59,1725,58,11593,57,9535,56,3680,61,11585,62,13829,63,1297,64,513,65,519,60.5
2026-04-17 09:49:52 PM,KXATPMATCH-26APR18JODFIL-FIL,60,1582,59,1725,58,11593,57,9535,56,3680,61,11585,62,12845,63,1297,64,513,65,519,60.5
2026-04-17 09:49:53 PM,KXATPMATCH-26APR18JODFIL-FIL,60,1582,59,1725,58,11593,57,9535,56,3680,61,11585,62,13879,63,1297,64,513,65,519,60.5
2026-04-17 09:50:00 PM,KXATPMATCH-26APR18JODFIL-FIL,60,1582,59,1725,58,11593,57,12583,56,3680,61,11585,62,13879,63,1297,64,513,65,519,60.5
2026-04-17 09:50:01 PM,KXATPMATCH-26APR18JODFIL-FIL,60,1582,59,1725,58,11593,57,12583,56,634,61,11585,62,13879,63,1297,64,513,65,519,60.5
2026-04-17 09:50:57 PM,KXATPMATCH-26APR18JODFIL-FIL,60,1582,59,1725,58,11593,57,12583,56,634,61,11585,62,12845,63,1297,64,513,65,519,60.5
2026-04-17 09:50:57 PM,KXATPMATCH-26APR18JODFIL-FIL,60,1582,59,1725,58,11593,57,7586,56,634,61,11585,62,12845,63,1297,64,513,65,519,60.5
2026-04-17 09:50:57 PM,KXATPMATCH-26APR18JODFIL-FIL,60,1582,59,1725,58,11593,57,7465,56,634,61,11585,62,12845,63,1297,64,513,65,519,60.5
2026-04-17 09:50:57 PM,KXATPMATCH-26APR18JODFIL-FIL,60,1582,59,1725,58,11593,57,7453,56,634,61,11585,62,12845,63,1297,64,513,65,519,60.5
2026-04-17 09:50:57 PM,KXATPMATCH-26APR18JODFIL-FIL,60,1582,59,1725,58,11593,57,7452,56,634,61,11585,62,12845,63,1297,64,513,65,519,60.5
2026-04-17 09:50:57 PM,KXATPMATCH-26APR18JODFIL-FIL,60,1582,59,1725,58,11593,57,7398,56,634,61,11585,62,12845,63,1297,64,513,65,519,60.5
2026-04-17 09:50:57 PM,KXATPMATCH-26APR18JODFIL-FIL,60,1582,59,1725,58,11593,57,6435,56,634,61,11585,62,12845,63,1297,64,513,65,519,60.5
2026-04-17 09:50:57 PM,KXATPMATCH-26APR18JODFIL-FIL,60,1582,59,1725,58,11593,57,6430,56,634,61,11585,62,12845,63,1297,64,513,65,519,60.5
2026-04-17 09:50:57 PM,KXATPMATCH-26APR18JODFIL-FIL,60,1582,59,1725,58,11593,57,6405,56,634,61,11585,62,12845,63,1297,64,513,65,519,60.5
2026-04-17 09:50:57 PM,KXATPMATCH-26APR18JODFIL-FIL,60,1582,59,1725,58,11593,57,6404,56,634,61,11585,62,12845,63,1297,64,513,65,519,60.5
2026-04-17 09:50:57 PM,KXATPMATCH-26APR18JODFIL-FIL,60,1582,59,1725,58,11593,57,6364,56,634,61,11585,62,12845,63,1297,64,513,65,519,60.5
2026-04-17 09:50:57 PM,KXATPMATCH-26APR18JODFIL-FIL,60,1582,59,1725,58,11593,57,6268,56,634,61,11585,62,12845,63,1297,64,513,65,519,60.5
2026-04-17 09:50:57 PM,KXATPMATCH-26APR18JODFIL-FIL,60,1582,59,8044,58,11593,57,6268,56,634,61,11585,62,12845,63,1297,64,513,65,519,60.5
2026-04-17 09:50:58 PM,KXATPMATCH-26APR18JODFIL-FIL,60,1582,59,8044,58,11593,57,6268,56,634,61,11585,62,13883,63,1297,64,513,65,519,60.5
2026-04-17 09:51:10 PM,KXATPMATCH-26APR18JODFIL-FIL,60,1582,59,8044,58,11593,57,6268,56,634,61,11466,62,13883,63,1297,64,513,65,519,60.5
2026-04-17 09:52:01 PM,KXATPMATCH-26APR18JODFIL-FIL,60,1582,59,8044,58,11593,57,6268,56,634,61,11243,62,13883,63,1297,64,513,65,519,60.5
2026-04-17 09:52:09 PM,KXATPMATCH-26APR18JODFIL-FIL,60,1582,59,8044,58,11593,57,6268,56,634,61,11085,62,13883,63,1297,64,513,65,519,60.5
2026-04-17 09:53:44 PM,KXATPMATCH-26APR18JODFIL-FIL,60,1582,59,8044,58,11593,57,6268,56,634,61,11135,62,13883,63,1297,64,513,65,519,60.5
2026-04-17 09:53:44 PM,KXATPMATCH-26APR18JODFIL-FIL,60,1582,59,8019,58,11593,57,6268,56,634,61,11135,62,13883,63,1297,64,513,65,519,60.5
2026-04-17 09:53:44 PM,KXATPMATCH-26APR18JODFIL-FIL,60,1582,59,8019,58,11568,57,6268,56,634,61,11135,62,13883,63,1297,64,513,65,519,60.5
2026-04-17 09:53:50 PM,KXATPMATCH-26APR18JODFIL-FIL,60,1582,59,8019,58,11568,57,6268,56,634,61,11589,62,13883,63,1297,64,513,65,519,60.5
2026-04-17 09:53:50 PM,KXATPMATCH-26APR18JODFIL-FIL,60,1582,59,7792,58,11568,57,6268,56,634,61,11589,62,13883,63,1297,64,513,65,519,60.5
2026-04-17 09:53:51 PM,KXATPMATCH-26APR18JODFIL-FIL,60,1582,59,7792,58,11497,57,6268,56,634,61,11589,62,13883,63,1297,64,513,65,519,60.5
2026-04-17 09:53:51 PM,KXATPMATCH-26APR18JODFIL-FIL,60,1582,59,7792,58,11457,57,6268,56,634,61,11589,62,13883,63,1297,64,513,65,519,60.5
2026-04-17 09:53:51 PM,KXATPMATCH-26APR18JODFIL-FIL,60,1582,59,7792,58,11456,57,6268,56,634,61,11589,62,13883,63,1297,64,513,65,519,60.5
2026-04-17 09:53:51 PM,KXATPMATCH-26APR18JODFIL-FIL,60,1582,59,7792,58,11431,57,6268,56,634,61,11589,62,13883,63,1297,64,513,65,519,60.5
2026-04-17 09:53:51 PM,KXATPMATCH-26APR18JODFIL-FIL,60,1582,59,7792,58,11426,57,6268,56,634,61,11589,62,13883,63,1297,64,513,65,519,60.5
2026-04-17 09:53:51 PM,KXATPMATCH-26APR18JODFIL-FIL,60,1582,59,7792,58,11343,57,6268,56,634,61,11589,62,13883,63,1297,64,513,65,519,60.5
2026-04-17 09:54:08 PM,KXATPMATCH-26APR18JODFIL-FIL,60,1582,59,7792,58,11343,57,6268,56,634,61,11558,62,13883,63,1297,64,513,65,519,60.5
2026-04-17 09:54:41 PM,KXATPMATCH-26APR18JODFIL-FIL,60,1582,59,7792,58,11343,57,6268,56,634,61,11557,62,13883,63,1297,64,513,65,519,60.5
2026-04-17 09:54:41 PM,KXATPMATCH-26APR18JODFIL-FIL,60,1582,59,7792,58,11343,57,6268,56,634,61,11594,62,13883,63,1297,64,513,65,519,60.5
2026-04-17 09:54:41 PM,KXATPMATCH-26APR18JODFIL-FIL,60,1582,59,7792,58,11343,57,6268,56,634,61,11557,62,13883,63,1297,64,513,65,519,60.5
2026-04-17 09:55:40 PM,KXATPMATCH-26APR18JODFIL-FIL,60,1582,59,7792,58,11343,57,6268,56,634,61,11562,62,13883,63,1297,64,513,65,519,60.5
2026-04-17 09:56:37 PM,KXATPMATCH-26APR18JODFIL-FIL,60,1582,59,7792,58,11343,57,6268,56,634,61,11547,62,13883,63,1297,64,513,65,519,60.5
2026-04-17 09:56:43 PM,KXATPMATCH-26APR18JODFIL-FIL,60,1582,59,7792,58,11343,57,6268,56,634,61,11547,62,13883,63,1897,64,513,65,519,60.5
2026-04-17 09:57:24 PM,KXATPMATCH-26APR18JODFIL-FIL,60,1582,59,7792,58,11343,57,6268,56,634,61,11389,62,13883,63,1897,64,513,65,519,60.5
2026-04-17 09:57:25 PM,KXATPMATCH-26APR18JODFIL-FIL,60,1582,59,7792,58,11343,57,6268,56,634,61,11389,62,13883,63,3614,64,513,65,519,60.5
2026-04-17 09:58:31 PM,KXATPMATCH-26APR18JODFIL-FIL,60,1576,59,7792,58,11343,57,6268,56,634,61,11389,62,13883,63,3614,64,513,65,519,60.5
2026-04-17 09:58:34 PM,KXATPMATCH-26APR18JODFIL-FIL,60,1576,59,7792,58,11343,57,6268,56,634,61,11339,62,13883,63,3614,64,513,65,519,60.5
2026-04-17 09:58:49 PM,KXATPMATCH-26APR18JODFIL-FIL,60,1576,59,7792,58,11343,57,6268,56,634,61,11339,62,12845,63,3614,64,513,65,519,60.5
2026-04-17 09:58:50 PM,KXATPMATCH-26APR18JODFIL-FIL,60,1576,59,7792,58,11343,57,6268,56,634,61,11339,62,13883,63,3614,64,513,65,519,60.5
2026-04-17 09:59:17 PM,KXATPMATCH-26APR18JODFIL-FIL,60,1576,59,7792,58,11343,57,6268,56,634,61,11231,62,13883,63,3614,64,513,65,519,60.5
2026-04-17 09:59:17 PM,KXATPMATCH-26APR18JODFIL-FIL,60,1576,59,7792,58,11343,57,6268,56,634,61,11142,62,13883,63,3614,64,513,65,519,60.5
2026-04-17 10:01:55 PM,KXATPMATCH-26APR18JODFIL-FIL,60,1576,59,7792,58,11343,57,6268,56,634,61,11142,62,12845,63,3614,64,513,65,519,60.5
2026-04-17 10:01:56 PM,KXATPMATCH-26APR18JODFIL-FIL,60,1576,59,7792,58,11343,57,6268,56,634,61,11142,62,13883,63,3614,64,513,65,519,60.5
2026-04-17 10:03:07 PM,KXATPMATCH-26APR18JODFIL-FIL,60,1576,59,7792,58,11343,57,6268,56,634,61,10983,62,13883,63,3614,64,513,65,519,60.5
2026-04-17 10:04:45 PM,KXATPMATCH-26APR18JODFIL-FIL,60,1576,59,7792,58,11343,57,6268,56,634,61,10978,62,13883,63,3614,64,513,65,519,60.5
2026-04-17 10:06:17 PM,KXATPMATCH-26APR18JODFIL-FIL,60,1576,59,7801,58,11343,57,6268,56,634,61,10978,62,13883,63,3614,64,513,65,519,60.5
2026-04-17 10:06:17 PM,KXATPMATCH-26APR18JODFIL-FIL,60,1576,59,7801,58,11346,57,6268,56,634,61,10978,62,13883,63,3614,64,513,65,519,60.5
2026-04-17 10:06:17 PM,KXATPMATCH-26APR18JODFIL-FIL,60,1576,59,7801,58,11346,57,6268,56,634,61,10986,62,13883,63,3614,64,513,65,519,60.5
2026-04-17 10:07:17 PM,KXATPMATCH-26APR18JODFIL-FIL,60,1576,59,7801,58,11352,57,6268,56,634,61,10986,62,13883,63,3614,64,513,65,519,60.5
2026-04-17 10:07:17 PM,KXATPMATCH-26APR18JODFIL-FIL,60,1576,59,7801,58,11352,57,6268,56,634,61,10986,62,13892,63,3614,64,513,65,519,60.5
2026-04-17 10:07:34 PM,KXATPMATCH-26APR18JODFIL-FIL,60,1576,59,7801,58,11352,57,6268,56,634,61,10979,62,13892,63,3614,64,513,65,519,60.5
2026-04-17 10:10:36 PM,KXATPMATCH-26APR18JODFIL-FIL,60,1576,59,7801,58,11352,57,6268,56,634,61,10940,62,13892,63,3614,64,513,65,519,60.5
2026-04-17 10:11:22 PM,KXATPMATCH-26APR18JODFIL-FIL,60,1576,59,7801,58,11352,57,6268,56,634,61,10940,62,12854,63,3614,64,513,65,519,60.5
2026-04-17 10:11:22 PM,KXATPMATCH-26APR18JODFIL-FIL,60,1576,59,7801,58,11352,57,6268,56,634,61,10940,62,13873,63,3614,64,513,65,519,60.5
2026-04-17 10:11:27 PM,KXATPMATCH-26APR18JODFIL-FIL,60,1576,59,7801,58,9097,57,6268,56,634,61,10940,62,13873,63,3614,64,513,65,519,60.5
2026-04-17 10:11:27 PM,KXATPMATCH-26APR18JODFIL-FIL,60,1576,59,7801,58,9097,57,6268,56,634,61,12600,62,13873,63,3614,64,513,65,519,60.5
2026-04-17 10:12:38 PM,KXATPMATCH-26APR18JODFIL-FIL,60,1576,59,7801,58,9097,57,6268,56,634,61,12600,62,12854,63,3614,64,513,65,519,60.5
2026-04-17 10:12:39 PM,KXATPMATCH-26APR18JODFIL-FIL,60,1576,59,7801,58,9097,57,6268,56,634,61,12600,62,13873,63,3614,64,513,65,519,60.5
2026-04-17 10:14:59 PM,KXATPMATCH-26APR18JODFIL-FIL,60,1576,59,7801,58,9097,57,6268,56,634,61,12392,62,13873,63,3614,64,513,65,519,60.5
2026-04-17 10:14:59 PM,KXATPMATCH-26APR18JODFIL-FIL,60,1576,59,7801,58,9097,57,6268,56,524,61,12392,62,13873,63,3614,64,513,65,519,60.5
2026-04-17 10:14:59 PM,KXATPMATCH-26APR18JODFIL-FIL,60,1576,59,7801,58,9097,57,6268,56,495,61,12392,62,13873,63,3614,64,513,65,519,60.5
2026-04-17 10:14:59 PM,KXATPMATCH-26APR18JODFIL-FIL,60,1576,59,7801,58,9097,57,6268,56,495,61,12392,62,14086,63,3614,64,513,65,519,60.5
2026-04-17 10:15:14 PM,KXATPMATCH-26APR18JODFIL-FIL,60,1576,59,7801,58,9097,57,6268,56,495,61,12414,62,14086,63,3614,64,513,65,519,60.5
2026-04-17 10:15:14 PM,KXATPMATCH-26APR18JODFIL-FIL,60,1576,59,7790,58,9097,57,6268,56,495,61,12414,62,14086,63,3614,64,513,65,519,60.5
2026-04-17 10:15:14 PM,KXATPMATCH-26APR18JODFIL-FIL,60,1576,59,7790,58,9086,57,6268,56,495,61,12414,62,14086,63,3614,64,513,65,519,60.5
2026-04-17 10:15:38 PM,KXATPMATCH-26APR18JODFIL-FIL,60,1576,59,7790,58,12134,57,6268,56,495,61,12414,62,14086,63,3614,64,513,65,519,60.5
2026-04-17 10:15:38 PM,KXATPMATCH-26APR18JODFIL-FIL,60,1576,59,7790,58,12134,57,6268,56,495,61,12414,62,17134,63,3614,64,513,65,519,60.5
2026-04-17 10:15:38 PM,KXATPMATCH-26APR18JODFIL-FIL,60,1576,59,7790,58,12134,57,6268,56,495,61,9368,62,17134,63,3614,64,513,65,519,60.5
2026-04-17 10:15:38 PM,KXATPMATCH-26APR18JODFIL-FIL,60,1576,59,7790,58,12134,57,6268,56,495,61,4368,62,17134,63,3614,64,513,65,519,60.5
2026-04-17 10:15:38 PM,KXATPMATCH-26APR18JODFIL-FIL,60,1576,59,7790,58,12134,57,6268,56,495,61,4368,62,17134,63,8614,64,513,65,519,60.5
2026-04-17 10:15:39 PM,KXATPMATCH-26APR18JODFIL-FIL,60,1576,59,7790,58,12134,57,3220,56,495,61,4368,62,17134,63,8614,64,513,65,519,60.5
2026-04-17 10:15:39 PM,KXATPMATCH-26APR18JODFIL-FIL,60,1576,59,7790,58,9086,57,3220,56,495,61,4368,62,17134,63,8614,64,513,65,519,60.5
2026-04-17 10:15:40 PM,KXATPMATCH-26APR18JODFIL-FIL,60,1576,59,7790,58,9086,57,3220,56,495,61,4368,62,16115,63,8614,64,513,65,519,60.5
2026-04-17 10:15:40 PM,KXATPMATCH-26APR18JODFIL-FIL,60,1576,59,7790,58,9086,57,3220,56,495,61,4368,62,17131,63,8614,64,513,65,519,60.5
2026-04-17 10:15:40 PM,KXATPMATCH-26APR18JODFIL-FIL,60,1576,59,7790,58,9086,57,3220,56,495,61,4368,62,17131,63,3614,64,513,65,519,60.5
2026-04-17 10:15:47 PM,KXATPMATCH-26APR18JODFIL-FIL,60,1576,59,7790,58,9086,57,3220,56,517,61,4368,62,17131,63,3614,64,513,65,519,60.5
2026-04-17 10:15:47 PM,KXATPMATCH-26APR18JODFIL-FIL,60,1576,59,7790,58,9086,57,3220,56,517,61,4368,62,16918,63,3614,64,513,65,519,60.5
2026-04-17 10:15:47 PM,KXATPMATCH-26APR18JODFIL-FIL,60,1576,59,7790,58,9086,57,3220,56,517,61,9368,62,16918,63,3614,64,513,65,519,60.5
2026-04-17 10:15:47 PM,KXATPMATCH-26APR18JODFIL-FIL,60,1576,59,7790,58,9086,57,6266,56,517,61,9368,62,16918,63,3614,64,513,65,519,60.5
2026-04-17 10:15:47 PM,KXATPMATCH-26APR18JODFIL-FIL,60,1576,59,7790,58,9086,57,6266,56,517,61,12414,62,16918,63,3614,64,513,65,519,60.5
2026-04-17 10:15:47 PM,KXATPMATCH-26APR18JODFIL-FIL,60,1576,59,7790,58,9086,57,6266,56,517,61,12622,62,16918,63,3614,64,513,65,519,60.5
2026-04-17 10:15:47 PM,KXATPMATCH-26APR18JODFIL-FIL,60,1576,59,7790,58,9086,57,6266,56,517,61,12622,62,13870,63,3614,64,513,65,519,60.5
2026-04-17 10:18:11 PM,KXATPMATCH-26APR18JODFIL-FIL,60,1576,59,7790,58,9086,57,6266,56,517,61,12713,62,13870,63,3614,64,513,65,519,60.5
2026-04-17 10:18:11 PM,KXATPMATCH-26APR18JODFIL-FIL,60,1576,59,7745,58,9086,57,6266,56,517,61,12713,62,13870,63,3614,64,513,65,519,60.5
2026-04-17 10:18:11 PM,KXATPMATCH-26APR18JODFIL-FIL,60,1576,59,7745,58,9041,57,6266,56,517,61,12713,62,13870,63,3614,64,513,65,519,60.5
2026-04-17 10:18:48 PM,KXATPMATCH-26APR18JODFIL-FIL,60,1576,59,7745,58,9041,57,6266,56,517,61,12815,62,13870,63,3614,64,513,65,519,60.5
2026-04-17 10:18:48 PM,KXATPMATCH-26APR18JODFIL-FIL,60,1576,59,7694,58,9041,57,6266,56,517,61,12815,62,13870,63,3614,64,513,65,519,60.5
2026-04-17 10:18:48 PM,KXATPMATCH-26APR18JODFIL-FIL,60,1576,59,7694,58,8990,57,6266,56,517,61,12815,62,13870,63,3614,64,513,65,519,60.5
2026-04-17 10:19:36 PM,KXATPMATCH-26APR18JODFIL-FIL,60,1576,59,7694,58,8990,57,6266,56,517,61,12915,62,13870,63,3614,64,513,65,519,60.5
2026-04-17 10:19:36 PM,KXATPMATCH-26APR18JODFIL-FIL,60,1576,59,1735,58,8990,57,6266,56,517,61,12915,62,13870,63,3614,64,513,65,519,60.5
2026-04-17 10:19:36 PM,KXATPMATCH-26APR18JODFIL-FIL,60,1576,59,1735,58,8940,57,6266,56,517,61,12915,62,13870,63,3614,64,513,65,519,60.5
2026-04-17 10:19:36 PM,KXATPMATCH-26APR18JODFIL-FIL,60,1576,59,1735,58,8940,57,12175,56,517,61,12915,62,13870,63,3614,64,513,65,519,60.5
2026-04-17 10:19:54 PM,KXATPMATCH-26APR18JODFIL-FIL,60,1576,59,1735,58,8940,57,12175,56,517,61,12905,62,13870,63,3614,64,513,65,519,60.5
2026-04-17 10:20:22 PM,KXATPMATCH-26APR18JODFIL-FIL,60,1576,59,1735,58,8940,57,12175,56,517,61,7905,62,13870,63,3614,64,513,65,519,60.5
2026-04-17 10:20:22 PM,KXATPMATCH-26APR18JODFIL-FIL,60,1576,59,1735,58,8940,57,12175,56,517,61,7905,62,13870,63,8614,64,513,65,519,60.5
2026-04-17 10:20:26 PM,KXATPMATCH-26APR18JODFIL-FIL,60,1576,59,1735,58,8940,57,12175,56,517,61,7805,62,13870,63,8614,64,513,65,519,60.5
2026-04-17 10:20:26 PM,KXATPMATCH-26APR18JODFIL-FIL,60,1576,59,1735,58,8940,57,12175,56,517,61,7805,62,13870,63,13614,64,513,65,519,60.5
2026-04-17 10:20:39 PM,KXATPMATCH-26APR18JODFIL-FIL,60,1576,59,1735,58,8940,57,12175,56,634,61,7805,62,13870,63,13614,64,513,65,519,60.5
2026-04-17 10:20:40 PM,KXATPMATCH-26APR18JODFIL-FIL,60,1576,59,1735,58,8940,57,12175,56,634,61,12805,62,13870,63,13614,64,513,65,519,60.5
2026-04-17 10:20:40 PM,KXATPMATCH-26APR18JODFIL-FIL,60,1576,59,1735,58,8940,57,12175,56,634,61,12805,62,13870,63,8614,64,513,65,519,60.5
2026-04-17 10:21:27 PM,KXATPMATCH-26APR18JODFIL-FIL,60,1576,59,1735,58,8940,57,12175,56,634,61,12805,62,13870,63,3614,64,513,65,519,60.5
2026-04-17 10:22:31 PM,KXATPMATCH-26APR18JODFIL-FIL,60,1576,59,1735,58,8940,57,12175,56,634,61,7805,62,13870,63,3614,64,513,65,519,60.5
2026-04-17 10:22:31 PM,KXATPMATCH-26APR18JODFIL-FIL,60,1576,59,1735,58,8940,57,12175,56,634,61,7805,62,13870,63,8614,64,513,65,519,60.5
2026-04-17 10:22:40 PM,KXATPMATCH-26APR18JODFIL-FIL,60,1576,59,1735,58,8940,57,12175,56,634,61,7827,62,13870,63,8614,64,513,65,519,60.5
2026-04-17 10:22:40 PM,KXATPMATCH-26APR18JODFIL-FIL,60,1576,59,1735,58,8929,57,12175,56,634,61,7827,62,13870,63,8614,64,513,65,519,60.5
2026-04-17 10:22:40 PM,KXATPMATCH-26APR18JODFIL-FIL,60,1576,59,1735,58,8929,57,12164,56,634,61,7827,62,13870,63,8614,64,513,65,519,60.5
2026-04-17 10:23:22 PM,KXATPMATCH-26APR18JODFIL-FIL,60,1576,59,1735,58,8929,57,12164,56,634,61,7804,62,13870,63,8614,64,513,65,519,60.5
2026-04-17 10:24:34 PM,KXATPMATCH-26APR18JODFIL-FIL,60,1576,59,1735,58,8929,57,12164,56,634,61,7859,62,13870,63,8614,64,513,65,519,60.5
2026-04-17 10:24:35 PM,KXATPMATCH-26APR18JODFIL-FIL,60,1576,59,1735,58,8902,57,12164,56,634,61,7859,62,13870,63,8614,64,513,65,519,60.5
2026-04-17 10:24:35 PM,KXATPMATCH-26APR18JODFIL-FIL,60,1576,59,1735,58,8902,57,12137,56,634,61,7859,62,13870,63,8614,64,513,65,519,60.5
2026-04-17 10:25:53 PM,KXATPMATCH-26APR18JODFIL-FIL,60,1576,59,1735,58,8902,57,12137,56,634,61,7859,62,12854,63,8614,64,513,65,519,60.5
2026-04-17 10:25:54 PM,KXATPMATCH-26APR18JODFIL-FIL,60,1576,59,1735,58,8902,57,12137,56,634,61,7859,62,13915,63,8614,64,513,65,519,60.5
2026-04-17 10:26:35 PM,KXATPMATCH-26APR18JODFIL-FIL,60,1576,59,1735,58,8902,57,12137,56,634,61,12859,62,13915,63,8614,64,513,65,519,60.5
2026-04-17 10:26:35 PM,KXATPMATCH-26APR18JODFIL-FIL,60,1576,59,1735,58,8902,57,12137,56,634,61,12859,62,13915,63,3614,64,513,65,519,60.5
2026-04-17 10:27:54 PM,KXATPMATCH-26APR18JODFIL-FIL,60,1576,59,1735,58,8902,57,12137,56,634,61,12651,62,13915,63,3614,64,513,65,519,60.5
2026-04-17 10:27:54 PM,KXATPMATCH-26APR18JODFIL-FIL,60,1576,59,1735,58,8902,57,12137,56,634,61,7651,62,13915,63,3614,64,513,65,519,60.5
2026-04-17 10:27:54 PM,KXATPMATCH-26APR18JODFIL-FIL,60,1576,59,1735,58,8902,57,12137,56,634,61,7651,62,13915,63,8614,64,513,65,519,60.5
2026-04-17 10:27:54 PM,KXATPMATCH-26APR18JODFIL-FIL,60,1576,59,1735,58,8902,57,12137,56,634,61,7651,62,14103,63,8614,64,513,65,519,60.5
2026-04-17 10:27:54 PM,KXATPMATCH-26APR18JODFIL-FIL,60,1576,59,1735,58,8902,57,12137,56,634,61,7651,62,14103,63,3614,64,513,65,519,60.5
2026-04-17 10:30:11 PM,KXATPMATCH-26APR18JODFIL-FIL,60,1576,59,1735,58,8902,57,12137,56,634,61,7658,62,14103,63,3614,64,513,65,519,60.5
2026-04-17 10:30:11 PM,KXATPMATCH-26APR18JODFIL-FIL,60,1576,59,1735,58,8902,57,12137,56,634,61,12658,62,14103,63,3614,64,513,65,519,60.5
2026-04-17 10:30:11 PM,KXATPMATCH-26APR18JODFIL-FIL,60,1576,59,1735,58,8899,57,12137,56,634,61,12658,62,14103,63,3614,64,513,65,519,60.5
2026-04-17 10:30:11 PM,KXATPMATCH-26APR18JODFIL-FIL,60,1576,59,1735,58,8899,57,12134,56,634,61,12658,62,14103,63,3614,64,513,65,519,60.5
2026-04-17 10:31:30 PM,KXATPMATCH-26APR18JODFIL-FIL,60,1576,59,1735,58,8899,57,12134,56,634,61,12497,62,14103,63,3614,64,513,65,519,60.5
2026-04-17 10:32:57 PM,KXATPMATCH-26APR18JODFIL-FIL,60,1576,59,1735,58,8899,57,12134,56,634,61,10791,62,14103,63,3614,64,513,65,519,60.5
2026-04-17 10:32:57 PM,KXATPMATCH-26APR18JODFIL-FIL,60,1576,59,1735,58,8899,57,12134,56,634,61,10730,62,14103,63,3614,64,513,65,519,60.5
2026-04-17 10:32:57 PM,KXATPMATCH-26APR18JODFIL-FIL,60,1576,59,1735,58,8899,57,12134,56,634,61,10630,62,14103,63,3614,64,513,65,519,60.5
2026-04-17 10:32:57 PM,KXATPMATCH-26APR18JODFIL-FIL,60,1576,59,1735,58,8899,57,12134,56,634,61,10580,62,14103,63,3614,64,513,65,519,60.5
2026-04-17 10:32:57 PM,KXATPMATCH-26APR18JODFIL-FIL,60,1576,59,1735,58,8899,57,12134,56,634,61,10126,62,14103,63,3614,64,513,65,519,60.5
2026-04-17 10:32:57 PM,KXATPMATCH-26APR18JODFIL-FIL,60,1576,59,1735,58,8899,57,12134,56,634,61,10121,62,14103,63,3614,64,513,65,519,60.5
2026-04-17 10:32:57 PM,KXATPMATCH-26APR18JODFIL-FIL,60,1576,59,1735,58,8899,57,12134,56,634,61,10113,62,14103,63,3614,64,513,65,519,60.5
2026-04-17 10:32:57 PM,KXATPMATCH-26APR18JODFIL-FIL,60,1576,59,1735,58,8899,57,12134,56,634,61,8453,62,14103,63,3614,64,513,65,519,60.5
2026-04-17 10:32:57 PM,KXATPMATCH-26APR18JODFIL-FIL,60,1576,59,1735,58,8899,57,12134,56,634,61,8431,62,14103,63,3614,64,513,65,519,60.5
2026-04-17 10:32:57 PM,KXATPMATCH-26APR18JODFIL-FIL,60,1576,59,1735,58,8899,57,12134,56,634,61,5385,62,14103,63,3614,64,513,65,519,60.5
2026-04-17 10:32:57 PM,KXATPMATCH-26APR18JODFIL-FIL,60,1576,59,1735,58,8899,57,12134,56,634,61,5294,62,14103,63,3614,64,513,65,519,60.5
2026-04-17 10:32:57 PM,KXATPMATCH-26APR18JODFIL-FIL,60,1576,59,1735,58,8899,57,12134,56,634,61,5192,62,14103,63,3614,64,513,65,519,60.5
2026-04-17 10:32:57 PM,KXATPMATCH-26APR18JODFIL-FIL,60,1576,59,1735,58,8899,57,12134,56,634,61,5092,62,14103,63,3614,64,513,65,519,60.5
2026-04-17 10:32:57 PM,KXATPMATCH-26APR18JODFIL-FIL,60,1576,59,1735,58,8899,57,12134,56,634,61,5070,62,14103,63,3614,64,513,65,519,60.5
2026-04-17 10:32:57 PM,KXATPMATCH-26APR18JODFIL-FIL,60,1576,59,1735,58,8899,57,12134,56,634,61,5015,62,14103,63,3614,64,513,65,519,60.5
2026-04-17 10:32:57 PM,KXATPMATCH-26APR18JODFIL-FIL,60,1576,59,1735,58,8899,57,12134,56,634,61,5008,62,14103,63,3614,64,513,65,519,60.5
2026-04-17 10:32:57 PM,KXATPMATCH-26APR18JODFIL-FIL,60,1576,59,1735,58,8899,57,12134,56,634,61,8,62,14103,63,3614,64,513,65,519,60.5
2026-04-17 10:32:57 PM,KXATPMATCH-26APR18JODFIL-FIL,60,1576,59,1735,58,8899,57,12134,56,634,61,8,62,14112,63,3614,64,513,65,519,60.5
2026-04-17 10:32:57 PM,KXATPMATCH-26APR18JODFIL-FIL,60,1576,59,1735,58,8899,57,12134,56,634,61,8,62,14112,63,3623,64,513,65,519,60.5
2026-04-17 10:32:57 PM,KXATPMATCH-26APR18JODFIL-FIL,60,1576,59,1735,58,11013,57,12134,56,634,61,8,62,14112,63,3623,64,513,65,519,60.5
2026-04-17 10:32:57 PM,KXATPMATCH-26APR18JODFIL-FIL,60,1576,59,1735,58,11013,57,17134,56,634,61,8,62,14112,63,3623,64,513,65,519,60.5
2026-04-17 10:32:57 PM,KXATPMATCH-26APR18JODFIL-FIL,60,1576,59,1735,58,11013,57,17134,56,5634,61,8,62,14112,63,3623,64,513,65,519,60.5
2026-04-17 10:32:57 PM,KXATPMATCH-26APR18JODFIL-FIL,60,1576,59,1735,58,11013,57,17134,56,5634,61,8,62,14112,63,8623,64,513,65,519,60.5
2026-04-17 10:32:57 PM,KXATPMATCH-26APR18JODFIL-FIL,60,1576,59,1735,58,11013,57,12134,56,5634,61,8,62,14112,63,8623,64,513,65,519,60.5
2026-04-17 10:32:57 PM,KXATPMATCH-26APR18JODFIL-FIL,60,1576,59,1735,58,11013,57,12134,56,634,61,8,62,14112,63,8623,64,513,65,519,60.5
2026-04-17 10:32:57 PM,KXATPMATCH-26APR18JODFIL-FIL,60,1576,59,1735,58,11013,57,12134,56,634,61,3055,62,14112,63,8623,64,513,65,519,60.5
2026-04-17 10:32:57 PM,KXATPMATCH-26APR18JODFIL-FIL,60,1576,59,1735,58,11013,57,12134,56,634,61,5517,62,14112,63,8623,64,513,65,519,60.5
2026-04-17 10:32:58 PM,KXATPMATCH-26APR18JODFIL-FIL,60,1576,59,1735,58,11013,57,12134,56,634,61,5517,62,13051,63,8623,64,513,65,519,60.5
2026-04-17 10:32:58 PM,KXATPMATCH-26APR18JODFIL-FIL,60,1576,59,1735,58,11013,57,12134,56,634,61,5517,62,14022,63,8623,64,513,65,519,60.5
2026-04-17 10:32:59 PM,KXATPMATCH-26APR18JODFIL-FIL,60,1576,59,1735,58,11013,57,12134,56,634,61,5517,62,7622,63,8623,64,513,65,519,60.5
2026-04-17 10:32:59 PM,KXATPMATCH-26APR18JODFIL-FIL,60,1576,59,1735,58,11013,57,12134,56,634,61,5517,62,7622,63,15023,64,513,65,519,60.5
2026-04-17 10:32:59 PM,KXATPMATCH-26APR18JODFIL-FIL,60,1576,59,1735,58,11013,57,6268,56,634,61,5517,62,7622,63,15023,64,513,65,519,60.5
2026-04-17 10:32:59 PM,KXATPMATCH-26APR18JODFIL-FIL,60,1576,59,8135,58,11013,57,6268,56,634,61,5517,62,7622,63,15023,64,513,65,519,60.5
2026-04-17 10:32:59 PM,KXATPMATCH-26APR18JODFIL-FIL,60,1576,59,8135,58,11546,57,6268,56,634,61,5517,62,7622,63,15023,64,513,65,519,60.5
2026-04-17 10:33:01 PM,KXATPMATCH-26APR18JODFIL-FIL,60,1576,59,8135,58,11546,57,6268,56,634,61,5517,62,7622,63,8623,64,513,65,519,60.5
2026-04-17 10:33:01 PM,KXATPMATCH-26APR18JODFIL-FIL,60,1576,59,8135,58,11546,57,6268,56,634,61,5517,62,14022,63,8623,64,513,65,519,60.5
2026-04-17 10:33:01 PM,KXATPMATCH-26APR18JODFIL-FIL,60,1576,59,8135,58,11546,57,11268,56,634,61,5517,62,14022,63,8623,64,513,65,519,60.5
2026-04-17 10:33:01 PM,KXATPMATCH-26APR18JODFIL-FIL,60,1576,59,8135,58,11546,57,11268,56,5634,61,5517,62,14022,63,8623,64,513,65,519,60.5
2026-04-17 10:33:01 PM,KXATPMATCH-26APR18JODFIL-FIL,60,1576,59,8135,58,11546,57,6268,56,5634,61,5517,62,14022,63,8623,64,513,65,519,60.5
2026-04-17 10:33:01 PM,KXATPMATCH-26APR18JODFIL-FIL,60,1576,59,8135,58,11546,57,6268,56,634,61,5517,62,14022,63,8623,64,513,65,519,60.5
2026-04-17 10:33:37 PM,KXATPMATCH-26APR18JODFIL-FIL,60,1576,59,8135,58,11546,57,6268,56,634,61,5517,62,13051,63,8623,64,513,65,519,60.5
2026-04-17 10:33:37 PM,KXATPMATCH-26APR18JODFIL-FIL,60,1576,59,8135,58,11546,57,11268,56,634,61,5517,62,13051,63,8623,64,513,65,519,60.5
2026-04-17 10:33:37 PM,KXATPMATCH-26APR18JODFIL-FIL,60,1576,59,8135,58,11546,57,11268,56,5634,61,5517,62,13051,63,8623,64,513,65,519,60.5
2026-04-17 10:33:37 PM,KXATPMATCH-26APR18JODFIL-FIL,60,1576,59,8135,58,11546,57,6268,56,5634,61,5517,62,13051,63,8623,64,513,65,519,60.5
2026-04-17 10:33:38 PM,KXATPMATCH-26APR18JODFIL-FIL,60,1576,59,8135,58,11546,57,6268,56,5634,61,5517,62,14069,63,8623,64,513,65,519,60.5
2026-04-17 10:33:42 PM,KXATPMATCH-26APR18JODFIL-FIL,60,1576,59,8135,58,11546,57,6268,56,5634,61,5486,62,14069,63,8623,64,513,65,519,60.5
2026-04-17 10:33:42 PM,KXATPMATCH-26APR18JODFIL-FIL,60,1576,59,8135,58,11546,57,11268,56,5634,61,5486,62,14069,63,8623,64,513,65,519,60.5
2026-04-17 10:33:59 PM,KXATPMATCH-26APR18JODFIL-FIL,60,1576,59,8135,58,11546,57,11268,56,5634,61,5486,62,13051,63,8623,64,513,65,519,60.5
2026-04-17 10:34:00 PM,KXATPMATCH-26APR18JODFIL-FIL,60,1576,59,8135,58,11546,57,11268,56,5634,61,5486,62,14069,63,8623,64,513,65,519,60.5
2026-04-17 10:34:35 PM,KXATPMATCH-26APR18JODFIL-FIL,60,1576,59,8135,58,11546,57,11268,56,5634,61,6486,62,14069,63,8623,64,513,65,519,60.5
2026-04-17 10:34:35 PM,KXATPMATCH-26APR18JODFIL-FIL,60,1576,59,1735,58,11546,57,11268,56,5634,61,6486,62,14069,63,8623,64,513,65,519,60.5
2026-04-17 10:34:35 PM,KXATPMATCH-26APR18JODFIL-FIL,60,1576,59,1735,58,11046,57,11268,56,5634,61,6486,62,14069,63,8623,64,513,65,519,60.5
2026-04-17 10:34:35 PM,KXATPMATCH-26APR18JODFIL-FIL,60,1576,59,1735,58,11046,57,17168,56,5634,61,6486,62,14069,63,8623,64,513,65,519,60.5
2026-04-17 10:35:21 PM,KXATPMATCH-26APR18JODFIL-FIL,60,1576,59,1735,58,11046,57,17168,56,5634,61,6492,62,14069,63,8623,64,513,65,519,60.5
2026-04-17 10:35:21 PM,KXATPMATCH-26APR18JODFIL-FIL,60,1576,59,1735,58,11043,57,17168,56,5634,61,6492,62,14069,63,8623,64,513,65,519,60.5
2026-04-17 10:35:21 PM,KXATPMATCH-26APR18JODFIL-FIL,60,1576,59,1735,58,11043,57,17165,56,5634,61,6492,62,14069,63,8623,64,513,65,519,60.5
2026-04-17 10:35:45 PM,KXATPMATCH-26APR18JODFIL-FIL,60,1576,59,1735,58,11043,57,17165,56,5517,61,6492,62,14069,63,8623,64,513,65,519,60.5
2026-04-17 10:35:45 PM,KXATPMATCH-26APR18JODFIL-FIL,60,1576,59,1735,58,11043,57,17165,56,5571,61,6492,62,14069,63,8623,64,513,65,519,60.5
2026-04-17 10:35:54 PM,KXATPMATCH-26APR18JODFIL-FIL,60,1576,59,1735,58,11043,57,17165,56,5634,61,6492,62,14069,63,8623,64,513,65,519,60.5
2026-04-17 10:35:54 PM,KXATPMATCH-26APR18JODFIL-FIL,60,1576,59,1735,58,11043,57,14119,56,5634,61,6492,62,14069,63,8623,64,513,65,519,60.5
2026-04-17 10:35:54 PM,KXATPMATCH-26APR18JODFIL-FIL,60,1576,59,1735,58,11043,57,17166,56,5634,61,6492,62,14069,63,8623,64,513,65,519,60.5
2026-04-17 10:36:28 PM,KXATPMATCH-26APR18JODFIL-FIL,60,1576,59,1735,58,11043,57,17166,56,5634,61,6492,62,13051,63,8623,64,513,65,519,60.5
2026-04-17 10:36:29 PM,KXATPMATCH-26APR18JODFIL-FIL,60,1576,59,1735,58,11043,57,17166,56,5634,61,6492,62,14069,63,8623,64,513,65,519,60.5
2026-04-17 10:36:51 PM,KXATPMATCH-26APR18JODFIL-FIL,60,1576,59,1735,58,11043,57,17166,56,5634,61,6548,62,14069,63,8623,64,513,65,519,60.5
2026-04-17 10:36:51 PM,KXATPMATCH-26APR18JODFIL-FIL,60,1576,59,1735,58,11015,57,17166,56,5634,61,6548,62,14069,63,8623,64,513,65,519,60.5
2026-04-17 10:36:51 PM,KXATPMATCH-26APR18JODFIL-FIL,60,1576,59,1735,58,11015,57,17138,56,5634,61,6548,62,14069,63,8623,64,513,65,519,60.5
2026-04-17 10:38:42 PM,KXATPMATCH-26APR18JODFIL-FIL,60,1576,59,1735,58,14062,57,17138,56,5634,61,6548,62,14069,63,8623,64,513,65,519,60.5
2026-04-17 10:38:42 PM,KXATPMATCH-26APR18JODFIL-FIL,60,1576,59,1735,58,14062,57,14091,56,5634,61,6548,62,14069,63,8623,64,513,65,519,60.5
2026-04-17 10:38:44 PM,KXATPMATCH-26APR18JODFIL-FIL,60,1576,59,1735,58,11015,57,14091,56,5634,61,6548,62,14069,63,8623,64,513,65,519,60.5
2026-04-17 10:38:54 PM,KXATPMATCH-26APR18JODFIL-FIL,60,1576,59,1735,58,11015,57,14091,56,5634,61,6548,62,14069,63,8688,64,513,65,519,60.5
2026-04-17 10:38:54 PM,KXATPMATCH-26APR18JODFIL-FIL,60,1576,59,1735,58,11015,57,17138,56,5634,61,6548,62,14069,63,8688,64,513,65,519,60.5
2026-04-17 10:40:23 PM,KXATPMATCH-26APR18JODFIL-FIL,60,1576,59,1735,58,11015,57,17138,56,5612,61,6548,62,14069,63,8688,64,513,65,519,60.5
2026-04-17 10:40:23 PM,KXATPMATCH-26APR18JODFIL-FIL,60,1576,59,1735,58,11015,57,17138,56,5620,61,6548,62,14069,63,8688,64,513,65,519,60.5
2026-04-17 10:40:24 PM,KXATPMATCH-26APR18JODFIL-FIL,60,1576,59,1735,58,11015,57,17138,56,5612,61,6548,62,14069,63,8688,64,513,65,519,60.5
2026-04-17 10:40:25 PM,KXATPMATCH-26APR18JODFIL-FIL,60,1576,59,1735,58,11015,57,17138,56,5612,61,6545,62,14069,63,8688,64,513,65,519,60.5
2026-04-17 10:40:42 PM,KXATPMATCH-26APR18JODFIL-FIL,60,1576,59,1735,58,11515,57,17138,56,5612,61,6545,62,14069,63,8688,64,513,65,519,60.5
2026-04-17 10:41:37 PM,KXATPMATCH-26APR18JODFIL-FIL,60,1576,59,1735,58,11515,57,14091,56,5612,61,6545,62,14069,63,8688,64,513,65,519,60.5
2026-04-17 10:41:37 PM,KXATPMATCH-26APR18JODFIL-FIL,60,1576,59,1735,58,11515,57,17138,56,5612,61,6545,62,14069,63,8688,64,513,65,519,60.5
2026-04-17 10:43:10 PM,KXATPMATCH-26APR18JODFIL-FIL,60,1576,59,1735,58,11515,57,17138,56,5612,61,6545,62,13051,63,8688,64,513,65,519,60.5
2026-04-17 10:43:11 PM,KXATPMATCH-26APR18JODFIL-FIL,60,1576,59,1735,58,11515,57,17138,56,5612,61,6545,62,14069,63,8688,64,513,65,519,60.5
2026-04-17 10:44:47 PM,KXATPMATCH-26APR18JODFIL-FIL,60,1576,59,1735,58,11515,57,17138,56,5612,61,6545,62,13051,63,8688,64,513,65,519,60.5
2026-04-17 10:44:48 PM,KXATPMATCH-26APR18JODFIL-FIL,60,1576,59,1735,58,11515,57,17138,56,5612,61,6545,62,14069,63,8688,64,513,65,519,60.5
2026-04-17 10:46:14 PM,KXATPMATCH-26APR18JODFIL-FIL,60,1576,59,1735,58,11515,57,17138,56,5612,61,6545,62,13051,63,8688,64,513,65,519,60.5
2026-04-17 10:46:15 PM,KXATPMATCH-26APR18JODFIL-FIL,60,1576,59,1735,58,11515,57,17138,56,5612,61,6545,62,14069,63,8688,64,513,65,519,60.5
2026-04-17 10:48:12 PM,KXATPMATCH-26APR18JODFIL-FIL,60,1576,59,1735,58,11515,57,17138,56,5612,61,6545,62,13051,63,8688,64,513,65,519,60.5
2026-04-17 10:48:14 PM,KXATPMATCH-26APR18JODFIL-FIL,60,1576,59,1735,58,11515,57,17138,56,5612,61,6545,62,14069,63,8688,64,513,65,519,60.5
2026-04-17 10:49:51 PM,KXATPMATCH-26APR18JODFIL-FIL,60,1576,59,1735,58,11515,57,17138,56,5612,61,6530,62,14069,63,8688,64,513,65,519,60.5
2026-04-17 10:50:05 PM,KXATPMATCH-26APR18JODFIL-FIL,60,1576,59,1735,58,11515,57,17138,56,5612,61,6530,62,13051,63,8688,64,513,65,519,60.5
2026-04-17 10:50:06 PM,KXATPMATCH-26APR18JODFIL-FIL,60,1576,59,1735,58,11515,57,17138,56,5612,61,6530,62,14069,63,8688,64,513,65,519,60.5
2026-04-17 10:50:15 PM,KXATPMATCH-26APR18JODFIL-FIL,60,1576,59,1735,58,11515,57,17138,56,5612,61,6530,62,13051,63,8688,64,513,65,519,60.5
2026-04-17 10:50:16 PM,KXATPMATCH-26APR18JODFIL-FIL,60,1576,59,1735,58,11515,57,17138,56,5612,61,6530,62,14069,63,8688,64,513,65,519,60.5
2026-04-17 10:50:34 PM,KXATPMATCH-26APR18JODFIL-FIL,60,1574,59,1735,58,11515,57,17138,56,5612,61,6530,62,14069,63,8688,64,513,65,519,60.5
2026-04-17 10:50:34 PM,KXATPMATCH-26APR18JODFIL-FIL,60,1574,59,1735,58,11515,57,17138,56,5612,61,6530,62,14071,63,8688,64,513,65,519,60.5
2026-04-17 10:52:06 PM,KXATPMATCH-26APR18JODFIL-FIL,60,1574,59,1735,58,11515,57,17138,56,5612,61,6530,62,13053,63,8688,64,513,65,519,60.5
2026-04-17 10:52:15 PM,KXATPMATCH-26APR18JODFIL-FIL,60,1574,59,1735,58,11515,57,17138,56,5612,61,6530,62,14071,63,8688,64,513,65,519,60.5
2026-04-17 10:52:22 PM,KXATPMATCH-26APR18JODFIL-FIL,60,1574,59,1735,58,11515,57,17138,56,5612,61,6530,62,13053,63,8688,64,513,65,519,60.5
2026-04-17 10:52:23 PM,KXATPMATCH-26APR18JODFIL-FIL,60,1574,59,1735,58,11515,57,17138,56,5612,61,6530,62,14071,63,8688,64,513,65,519,60.5
2026-04-17 10:53:37 PM,KXATPMATCH-26APR18JODFIL-FIL,60,1563,59,1735,58,11515,57,17138,56,5612,61,6530,62,14071,63,8688,64,513,65,519,60.5
2026-04-17 10:53:37 PM,KXATPMATCH-26APR18JODFIL-FIL,60,1563,59,1735,58,11515,57,17138,56,5612,61,6530,62,14082,63,8688,64,513,65,519,60.5
2026-04-17 10:54:57 PM,KXATPMATCH-26APR18JODFIL-FIL,60,1563,59,1735,58,11515,57,17138,56,5612,61,6530,62,13064,63,8688,64,513,65,519,60.5
2026-04-17 10:54:58 PM,KXATPMATCH-26APR18JODFIL-FIL,60,1563,59,1735,58,11515,57,17138,56,5612,61,6530,62,14082,63,8688,64,513,65,519,60.5
2026-04-17 10:55:54 PM,KXATPMATCH-26APR18JODFIL-FIL,60,1563,59,1735,58,11515,57,17138,56,5612,61,6483,62,14082,63,8688,64,513,65,519,60.5
2026-04-17 10:55:56 PM,KXATPMATCH-26APR18JODFIL-FIL,60,1563,59,1735,58,11515,57,17138,56,5612,61,6483,62,14083,63,8688,64,513,65,519,60.5
2026-04-17 10:55:58 PM,KXATPMATCH-26APR18JODFIL-FIL,60,1563,59,1735,58,11515,57,17138,56,5612,61,6483,62,14082,63,8688,64,513,65,519,60.5
2026-04-17 10:57:07 PM,KXATPMATCH-26APR18JODFIL-FIL,60,1563,59,1735,58,11515,57,17138,56,5612,61,5849,62,14082,63,8688,64,513,65,519,60.5
2026-04-17 10:57:34 PM,KXATPMATCH-26APR18JODFIL-FIL,60,1563,59,1735,58,11515,57,17138,56,5612,61,5849,62,13064,63,8688,64,513,65,519,60.5
2026-04-17 10:57:35 PM,KXATPMATCH-26APR18JODFIL-FIL,60,1563,59,1735,58,11515,57,17138,56,5612,61,5849,62,14082,63,8688,64,513,65,519,60.5
2026-04-17 10:57:55 PM,KXATPMATCH-26APR18JODFIL-FIL,60,1563,59,1735,58,11515,57,14091,56,5612,61,5849,62,14082,63,8688,64,513,65,519,60.5
2026-04-17 10:58:00 PM,KXATPMATCH-26APR18JODFIL-FIL,60,1563,59,1735,58,11515,57,17138,56,5612,61,5849,62,14082,63,8688,64,513,65,519,60.5
2026-04-17 11:00:10 PM,KXATPMATCH-26APR18JODFIL-FIL,60,1563,59,1735,58,11515,57,17138,56,5612,61,5849,62,14582,63,8688,64,513,65,519,60.5
2026-04-17 11:00:10 PM,KXATPMATCH-26APR18JODFIL-FIL,60,1563,59,1735,58,11515,57,17138,56,5612,61,5849,62,14082,63,8688,64,513,65,519,60.5
2026-04-17 11:00:10 PM,KXATPMATCH-26APR18JODFIL-FIL,60,1563,59,1835,58,11515,57,17138,56,5612,61,5849,62,14082,63,8688,64,513,65,519,60.5
2026-04-17 11:00:19 PM,KXATPMATCH-26APR18JODFIL-FIL,60,1563,59,1735,58,11515,57,17138,56,5612,61,5849,62,14082,63,8688,64,513,65,519,60.5
2026-04-17 11:00:24 PM,KXATPMATCH-26APR18JODFIL-FIL,60,1563,59,1735,58,11515,57,14091,56,5612,61,5849,62,14082,63,8688,64,513,65,519,60.5
2026-04-17 11:00:24 PM,KXATPMATCH-26APR18JODFIL-FIL,60,1563,59,1735,58,11515,57,17138,56,5612,61,5849,62,14082,63,8688,64,513,65,519,60.5
2026-04-17 11:00:40 PM,KXATPMATCH-26APR18JODFIL-FIL,60,1563,59,1735,58,11515,57,17138,56,5620,61,5849,62,14082,63,8688,64,513,65,519,60.5
2026-04-17 11:00:40 PM,KXATPMATCH-26APR18JODFIL-FIL,60,1563,59,1735,58,11515,57,17138,56,5566,61,5849,62,14082,63,8688,64,513,65,519,60.5
2026-04-17 11:00:40 PM,KXATPMATCH-26APR18JODFIL-FIL,60,1563,59,1735,58,11515,57,17138,56,5634,61,5849,62,14082,63,8688,64,513,65,519,60.5
2026-04-17 11:01:29 PM,KXATPMATCH-26APR18JODFIL-FIL,60,1563,59,1735,58,11515,57,11269,56,5634,61,5849,62,14082,63,8688,64,513,65,519,60.5
2026-04-17 11:01:29 PM,KXATPMATCH-26APR18JODFIL-FIL,60,1563,59,7604,58,11515,57,11269,56,5634,61,5849,62,14082,63,8688,64,513,65,519,60.5
2026-04-17 11:01:33 PM,KXATPMATCH-26APR18JODFIL-FIL,60,1553,59,7604,58,11515,57,11269,56,5634,61,5849,62,14082,63,8688,64,513,65,519,60.5
2026-04-17 11:01:33 PM,KXATPMATCH-26APR18JODFIL-FIL,60,1553,59,7604,58,11515,57,11269,56,5634,61,5849,62,14071,63,8688,64,513,65,519,60.5
2026-04-17 11:01:33 PM,KXATPMATCH-26APR18JODFIL-FIL,60,1547,59,7604,58,11515,57,11269,56,5634,61,5849,62,14071,63,8688,64,513,65,519,60.5
2026-04-17 11:01:33 PM,KXATPMATCH-26APR18JODFIL-FIL,60,1547,59,7604,58,11515,57,11269,56,5634,61,5849,62,14098,63,8688,64,513,65,519,60.5
2026-04-17 11:01:33 PM,KXATPMATCH-26APR18JODFIL-FIL,60,1547,59,7639,58,11515,57,11269,56,5634,61,5849,62,14098,63,8688,64,513,65,519,60.5
2026-04-17 11:01:58 PM,KXATPMATCH-26APR18JODFIL-FIL,60,1547,59,7639,58,11515,57,11269,56,5634,61,5849,62,14100,63,8688,64,513,65,519,60.5
2026-04-17 11:01:59 PM,KXATPMATCH-26APR18JODFIL-FIL,60,1547,59,7639,58,11515,57,11269,56,5634,61,5849,62,14098,63,8688,64,513,65,519,60.5
2026-04-17 11:02:13 PM,KXATPMATCH-26APR18JODFIL-FIL,60,1547,59,7639,58,11515,57,11269,56,5634,61,5849,62,13080,63,8688,64,513,65,519,60.5
2026-04-17 11:02:14 PM,KXATPMATCH-26APR18JODFIL-FIL,60,1547,59,7639,58,11515,57,11269,56,5634,61,5849,62,14098,63,8688,64,513,65,519,60.5
2026-04-17 11:02:53 PM,KXATPMATCH-26APR18JODFIL-FIL,60,1547,59,7639,58,11515,57,11269,56,5634,61,5848,62,14098,63,8688,64,513,65,519,60.5
2026-04-17 11:02:55 PM,KXATPMATCH-26APR18JODFIL-FIL,60,1547,59,8639,58,11515,57,11269,56,5634,61,5848,62,14098,63,8688,64,513,65,519,60.5
2026-04-17 11:04:02 PM,KXATPMATCH-26APR18JODFIL-FIL,60,1547,59,8604,58,11515,57,11269,56,5634,61,5848,62,14098,63,8688,64,513,65,519,60.5
2026-04-17 11:06:31 PM,KXATPMATCH-26APR18JODFIL-FIL,60,1547,59,8595,58,11515,57,11269,56,5634,61,5848,62,14098,63,8688,64,513,65,519,60.5
2026-04-17 11:06:31 PM,KXATPMATCH-26APR18JODFIL-FIL,60,1547,59,8595,58,11512,57,11269,56,5634,61,5848,62,14098,63,8688,64,513,65,519,60.5
2026-04-17 11:06:31 PM,KXATPMATCH-26APR18JODFIL-FIL,60,1547,59,8595,58,11506,57,11269,56,5634,61,5848,62,14098,63,8688,64,513,65,519,60.5
2026-04-17 11:06:31 PM,KXATPMATCH-26APR18JODFIL-FIL,60,1547,59,8595,58,11506,57,11269,56,5634,61,5848,62,14089,63,8688,64,513,65,519,60.5
2026-04-17 11:06:31 PM,KXATPMATCH-26APR18JODFIL-FIL,60,1547,59,8595,58,11506,57,11269,56,5634,61,5848,62,14080,63,8688,64,513,65,519,60.5
2026-04-17 11:06:31 PM,KXATPMATCH-26APR18JODFIL-FIL,60,1547,59,8595,58,11506,57,11269,56,5634,61,5848,62,14080,63,8679,64,513,65,519,60.5
2026-04-17 11:06:31 PM,KXATPMATCH-26APR18JODFIL-FIL,60,1547,59,8607,58,11506,57,11269,56,5634,61,5848,62,14080,63,8679,64,513,65,519,60.5
2026-04-17 11:06:31 PM,KXATPMATCH-26APR18JODFIL-FIL,60,1547,59,8607,58,11514,57,11269,56,5634,61,5848,62,14080,63,8679,64,513,65,519,60.5
2026-04-17 11:06:31 PM,KXATPMATCH-26APR18JODFIL-FIL,60,1547,59,8607,58,11514,57,11269,56,5634,61,5848,62,14095,63,8679,64,513,65,519,60.5
2026-04-17 11:06:31 PM,KXATPMATCH-26APR18JODFIL-FIL,60,1547,59,8607,58,11514,57,11269,56,5634,61,5848,62,14095,63,8688,64,513,65,519,60.5
2026-04-17 11:08:40 PM,KXATPMATCH-26APR18JODFIL-FIL,60,1547,59,8607,58,11514,57,11269,56,5634,61,5848,62,13077,63,8688,64,513,65,519,60.5
2026-04-17 11:08:41 PM,KXATPMATCH-26APR18JODFIL-FIL,60,1547,59,8607,58,11514,57,11269,56,5634,61,5848,62,14095,63,8688,64,513,65,519,60.5
2026-04-17 11:09:56 PM,KXATPMATCH-26APR18JODFIL-FIL,60,1547,59,8607,58,14561,57,11269,56,5634,61,5848,62,14095,63,8688,64,513,65,519,60.5
2026-04-17 11:09:56 PM,KXATPMATCH-26APR18JODFIL-FIL,60,1547,59,8607,58,14561,57,8222,56,5634,61,5848,62,14095,63,8688,64,513,65,519,60.5
2026-04-17 11:09:56 PM,KXATPMATCH-26APR18JODFIL-FIL,60,1547,59,8607,58,11514,57,8222,56,5634,61,5848,62,14095,63,8688,64,513,65,519,60.5
2026-04-17 11:10:14 PM,KXATPMATCH-26APR18JODFIL-FIL,60,1547,59,8607,58,11514,57,11269,56,5634,61,5848,62,14095,63,8688,64,513,65,519,60.5
2026-04-17 11:10:21 PM,KXATPMATCH-26APR18JODFIL-FIL,60,1547,59,8607,58,11514,57,11269,56,5634,61,5848,62,14095,63,8688,64,513,66,120,60.5
2026-04-17 11:10:21 PM,KXATPMATCH-26APR18JODFIL-FIL,60,1547,59,8607,58,11514,57,11269,56,5634,61,5848,62,14095,63,8688,66,120,67,120,60.5
2026-04-17 11:10:21 PM,KXATPMATCH-26APR18JODFIL-FIL,60,1547,59,8484,58,11514,57,11269,56,5634,61,5848,62,14095,63,8688,66,120,67,120,60.5
2026-04-17 11:10:21 PM,KXATPMATCH-26APR18JODFIL-FIL,60,1547,59,8484,58,11514,57,11269,56,5634,61,6147,62,14095,63,8688,66,120,67,120,60.5
2026-04-17 11:10:21 PM,KXATPMATCH-26APR18JODFIL-FIL,60,1547,59,8484,58,11514,57,11269,56,5634,61,6147,62,14621,63,8688,66,120,67,120,60.5
2026-04-17 11:10:23 PM,KXATPMATCH-26APR18JODFIL-FIL,60,1527,59,8484,58,11514,57,11269,56,5634,61,6147,62,14621,63,8688,66,120,67,120,60.5
2026-04-17 11:10:23 PM,KXATPMATCH-26APR18JODFIL-FIL,60,1527,59,8484,58,11514,57,11269,56,5634,61,6147,62,14594,63,8688,66,120,67,120,60.5
2026-04-17 11:10:23 PM,KXATPMATCH-26APR18JODFIL-FIL,60,1527,59,8484,58,11514,57,11269,56,5634,61,6147,62,14641,63,8688,66,120,67,120,60.5
2026-04-17 11:10:26 PM,KXATPMATCH-26APR18JODFIL-FIL,60,1527,59,8484,58,14561,57,11269,56,5634,61,6147,62,14641,63,8688,66,120,67,120,60.5
2026-04-17 11:10:26 PM,KXATPMATCH-26APR18JODFIL-FIL,60,1527,59,8484,58,14561,57,8222,56,5634,61,6147,62,14641,63,8688,66,120,67,120,60.5
2026-04-17 11:10:30 PM,KXATPMATCH-26APR18JODFIL-FIL,60,1527,59,8484,58,11514,57,8222,56,5634,61,6147,62,14641,63,8688,66,120,67,120,60.5
2026-04-17 11:10:34 PM,KXATPMATCH-26APR18JODFIL-FIL,60,1527,59,8484,58,11514,57,11269,56,5634,61,6147,62,14641,63,8688,66,120,67,120,60.5
2026-04-17 11:10:45 PM,KXATPMATCH-26APR18JODFIL-FIL,60,1527,59,8484,58,11514,57,8222,56,5634,61,6147,62,14641,63,8688,66,120,67,120,60.5
2026-04-17 11:10:45 PM,KXATPMATCH-26APR18JODFIL-FIL,60,1527,59,8484,58,11514,57,11269,56,5634,61,6147,62,14641,63,8688,66,120,67,120,60.5
2026-04-17 11:10:59 PM,KXATPMATCH-26APR18JODFIL-FIL,60,1527,59,8484,58,11514,57,8222,56,5634,61,6147,62,14641,63,8688,66,120,67,120,60.5
2026-04-17 11:11:01 PM,KXATPMATCH-26APR18JODFIL-FIL,60,1527,59,8484,58,11514,57,8222,56,5634,61,6132,62,14641,63,8688,66,120,67,120,60.5
2026-04-17 11:11:02 PM,KXATPMATCH-26APR18JODFIL-FIL,60,1527,59,8484,58,11514,57,8222,56,5634,61,6130,62,14641,63,8688,66,120,67,120,60.5
2026-04-17 11:11:16 PM,KXATPMATCH-26APR18JODFIL-FIL,60,1527,59,8484,58,11514,57,11269,56,5634,61,6130,62,14641,63,8688,66,120,67,120,60.5
2026-04-17 11:11:59 PM,KXATPMATCH-26APR18JODFIL-FIL,60,1527,59,8484,58,11514,57,11269,56,5676,61,6130,62,14641,63,8688,66,120,67,120,60.5
2026-04-17 11:11:59 PM,KXATPMATCH-26APR18JODFIL-FIL,60,1527,59,8484,58,11514,57,11269,56,5608,61,6130,62,14641,63,8688,66,120,67,120,60.5
2026-04-17 11:12:44 PM,KXATPMATCH-26APR18JODFIL-FIL,60,1527,59,8484,58,11514,57,8222,56,5608,61,6130,62,14641,63,8688,66,120,67,120,60.5
2026-04-17 11:12:45 PM,KXATPMATCH-26APR18JODFIL-FIL,60,1527,59,8484,58,11514,57,11269,56,5608,61,6130,62,14641,63,8688,66,120,67,120,60.5
2026-04-17 11:12:57 PM,KXATPMATCH-26APR18JODFIL-FIL,60,1527,59,8484,58,11514,57,8222,56,5608,61,6130,62,14641,63,8688,66,120,67,120,60.5
2026-04-17 11:13:03 PM,KXATPMATCH-26APR18JODFIL-FIL,60,1527,59,8484,58,14561,57,8222,56,5608,61,6130,62,14641,63,8688,66,120,67,120,60.5
2026-04-17 11:13:03 PM,KXATPMATCH-26APR18JODFIL-FIL,60,1527,59,8484,58,11514,57,8222,56,5608,61,6130,62,14641,63,8688,66,120,67,120,60.5
2026-04-17 11:13:04 PM,KXATPMATCH-26APR18JODFIL-FIL,60,1527,59,8484,58,11514,57,8222,56,5616,61,6130,62,14641,63,8688,66,120,67,120,60.5
2026-04-17 11:13:04 PM,KXATPMATCH-26APR18JODFIL-FIL,60,1527,59,8484,58,11514,57,8222,56,5553,61,6130,62,14641,63,8688,66,120,67,120,60.5
2026-04-17 11:13:04 PM,KXATPMATCH-26APR18JODFIL-FIL,60,1527,59,8484,58,11514,57,8222,56,5634,61,6130,62,14641,63,8688,66,120,67,120,60.5
2026-04-17 11:13:16 PM,KXATPMATCH-26APR18JODFIL-FIL,60,1527,59,8484,58,11514,57,11269,56,5634,61,6130,62,14641,63,8688,66,120,67,120,60.5
2026-04-17 11:13:21 PM,KXATPMATCH-26APR18JODFIL-FIL,60,1527,59,8484,58,11514,57,11269,56,5634,61,6125,62,14641,63,8688,66,120,67,120,60.5
2026-04-17 11:13:54 PM,KXATPMATCH-26APR18JODFIL-FIL,60,1527,59,8484,58,11514,57,11269,56,5634,61,6086,62,14641,63,8688,66,120,67,120,60.5
2026-04-17 11:15:24 PM,KXATPMATCH-26APR18JODFIL-FIL,60,1527,59,8484,58,14568,57,11269,56,5634,61,6086,62,14641,63,8688,66,120,67,120,60.5
2026-04-17 11:15:24 PM,KXATPMATCH-26APR18JODFIL-FIL,60,1527,59,8484,58,14568,57,11269,56,5634,61,3833,62,14641,63,8688,66,120,67,120,60.5
2026-04-17 11:15:24 PM,KXATPMATCH-26APR18JODFIL-FIL,60,1527,59,8484,58,14568,57,11269,56,5634,61,3562,62,14641,63,8688,66,120,67,120,60.5
2026-04-17 11:15:24 PM,KXATPMATCH-26APR18JODFIL-FIL,60,1527,59,8484,58,14621,57,11269,56,5634,61,3562,62,14641,63,8688,66,120,67,120,60.5
2026-04-17 11:15:24 PM,KXATPMATCH-26APR18JODFIL-FIL,60,1527,59,8484,58,14621,57,11269,56,5634,61,3562,62,17702,63,8688,66,120,67,120,60.5
2026-04-17 11:15:24 PM,KXATPMATCH-26APR18JODFIL-FIL,60,1527,59,8484,58,14621,57,8228,56,5634,61,3562,62,17702,63,8688,66,120,67,120,60.5
2026-04-17 11:15:24 PM,KXATPMATCH-26APR18JODFIL-FIL,60,1527,59,8484,58,14621,57,8228,56,5545,61,3562,62,17702,63,8688,66,120,67,120,60.5
2026-04-17 11:15:24 PM,KXATPMATCH-26APR18JODFIL-FIL,60,1527,59,8484,58,14621,57,8228,56,5545,61,3534,62,17702,63,8688,66,120,67,120,60.5
2026-04-17 11:15:24 PM,KXATPMATCH-26APR18JODFIL-FIL,60,1527,59,8484,58,14597,57,8228,56,5545,61,3534,62,17702,63,8688,66,120,67,120,60.5
2026-04-17 11:15:24 PM,KXATPMATCH-26APR18JODFIL-FIL,60,1527,59,8484,58,14597,57,8228,56,5545,61,3534,62,17571,63,8688,66,120,67,120,60.5
2026-04-17 11:15:24 PM,KXATPMATCH-26APR18JODFIL-FIL,60,1527,59,8588,58,14597,57,8228,56,5545,61,3534,62,17571,63,8688,66,120,67,120,60.5
2026-04-17 11:15:24 PM,KXATPMATCH-26APR18JODFIL-FIL,60,1527,59,8588,58,14597,57,8228,56,5545,61,3534,62,17571,63,8688,64,528,66,120,60.5
2026-04-17 11:15:24 PM,KXATPMATCH-26APR18JODFIL-FIL,60,1527,59,8588,58,14597,57,8228,56,5545,61,2534,62,17571,63,8688,64,528,66,120,60.5
2026-04-17 11:15:24 PM,KXATPMATCH-26APR18JODFIL-FIL,60,1527,59,8588,58,14597,57,8228,56,5545,61,2528,62,17571,63,8688,64,528,66,120,60.5
2026-04-17 11:15:24 PM,KXATPMATCH-26APR18JODFIL-FIL,60,1527,59,8588,58,14597,57,8228,56,5545,61,2472,62,17571,63,8688,64,528,66,120,60.5
2026-04-17 11:15:24 PM,KXATPMATCH-26APR18JODFIL-FIL,60,1527,59,8588,58,14597,57,8228,56,5545,61,2472,62,12233,63,8688,64,528,66,120,60.5
2026-04-17 11:15:24 PM,KXATPMATCH-26APR18JODFIL-FIL,60,1527,59,8588,58,14597,57,8228,56,5545,61,2472,62,12233,63,15088,64,528,66,120,60.5
2026-04-17 11:15:25 PM,KXATPMATCH-26APR18JODFIL-FIL,60,1527,59,8588,58,14597,57,8228,56,5545,61,2472,62,12233,63,15089,64,528,66,120,60.5
2026-04-17 11:15:25 PM,KXATPMATCH-26APR18JODFIL-FIL,60,1527,59,8588,58,14597,57,8228,56,5545,61,2472,62,12186,63,15089,64,528,66,120,60.5
2026-04-17 11:15:25 PM,KXATPMATCH-26APR18JODFIL-FIL,60,1527,59,8588,58,14597,57,8228,56,5545,61,2472,62,12184,63,15089,64,528,66,120,60.5
2026-04-17 11:15:25 PM,KXATPMATCH-26APR18JODFIL-FIL,60,1527,59,8588,58,14597,57,8228,56,5545,61,2472,62,11973,63,15089,64,528,66,120,60.5
2026-04-17 11:15:25 PM,KXATPMATCH-26APR18JODFIL-FIL,60,1787,59,8588,58,14597,57,8228,56,5545,61,2472,62,11973,63,15089,64,528,66,120,60.5
2026-04-17 11:15:26 PM,KXATPMATCH-26APR18JODFIL-FIL,60,1787,59,8588,58,14597,57,8222,56,5545,61,2472,62,11973,63,15089,64,528,66,120,60.5
2026-04-17 11:15:26 PM,KXATPMATCH-26APR18JODFIL-FIL,60,1787,59,8588,58,11543,57,8222,56,5545,61,2472,62,11973,63,15089,64,528,66,120,60.5
2026-04-17 11:15:26 PM,KXATPMATCH-26APR18JODFIL-FIL,60,1787,59,8484,58,11543,57,8222,56,5545,61,2472,62,11973,63,15089,64,528,66,120,60.5
2026-04-17 11:15:26 PM,KXATPMATCH-26APR18JODFIL-FIL,60,1787,59,8484,58,11543,57,8222,56,5545,61,2472,62,11973,63,15089,66,120,67,120,60.5
2026-04-17 11:15:26 PM,KXATPMATCH-26APR18JODFIL-FIL,60,1787,59,8484,58,11543,57,8222,56,5631,61,2472,62,11973,63,15089,66,120,67,120,60.5
2026-04-17 11:15:26 PM,KXATPMATCH-26APR18JODFIL-FIL,60,1787,59,8484,58,11543,57,8222,56,5631,61,2684,62,11973,63,15089,66,120,67,120,60.5
2026-04-17 11:15:26 PM,KXATPMATCH-26APR18JODFIL-FIL,60,1787,59,8484,58,11543,57,8222,56,5631,61,2684,62,12106,63,15089,66,120,67,120,60.5
2026-04-17 11:15:26 PM,KXATPMATCH-26APR18JODFIL-FIL,60,1787,59,8484,58,11543,57,8222,56,5631,61,2684,62,12106,63,15088,66,120,67,120,60.5
2026-04-17 11:15:27 PM,KXATPMATCH-26APR18JODFIL-FIL,60,1787,59,8484,58,11543,57,8222,56,5631,61,2684,62,11088,63,15088,66,120,67,120,60.5
2026-04-17 11:15:27 PM,KXATPMATCH-26APR18JODFIL-FIL,60,1787,59,8484,58,11543,57,8222,56,5631,61,2684,62,12042,63,15088,66,120,67,120,60.5
2026-04-17 11:15:27 PM,KXATPMATCH-26APR18JODFIL-FIL,60,1787,59,8484,58,11543,57,8222,56,5631,61,2684,62,12042,63,8688,66,120,67,120,60.5
2026-04-17 11:15:28 PM,KXATPMATCH-26APR18JODFIL-FIL,60,1787,59,8484,58,11543,57,8222,56,5631,61,3746,62,12042,63,8688,66,120,67,120,60.5
2026-04-17 11:15:28 PM,KXATPMATCH-26APR18JODFIL-FIL,60,1787,59,8484,58,11543,57,8222,56,5631,61,3746,62,17380,63,8688,66,120,67,120,60.5
2026-04-17 11:15:28 PM,KXATPMATCH-26APR18JODFIL-FIL,60,1580,59,8484,58,11543,57,8222,56,5631,61,3746,62,17380,63,8688,66,120,67,120,60.5
2026-04-17 11:15:28 PM,KXATPMATCH-26APR18JODFIL-FIL,60,1580,59,8484,58,11543,57,8222,56,5631,61,3746,62,17587,63,8688,66,120,67,120,60.5
2026-04-17 11:15:32 PM,KXATPMATCH-26APR18JODFIL-FIL,60,1580,59,8484,58,11543,57,11272,56,5631,61,3746,62,17587,63,8688,66,120,67,120,60.5
2026-04-17 11:15:32 PM,KXATPMATCH-26APR18JODFIL-FIL,60,1580,59,8484,58,11543,57,11272,56,5631,61,6796,62,17587,63,8688,66,120,67,120,60.5
2026-04-17 11:15:32 PM,KXATPMATCH-26APR18JODFIL-FIL,60,1580,59,8484,58,11543,57,11272,56,5631,61,6796,62,14526,63,8688,66,120,67,120,60.5
2026-04-17 11:18:17 PM,KXATPMATCH-26APR18JODFIL-FIL,60,1578,59,8484,58,11543,57,11272,56,5631,61,6796,62,14526,63,8688,66,120,67,120,60.5
2026-04-17 11:18:17 PM,KXATPMATCH-26APR18JODFIL-FIL,60,1578,59,8484,58,11543,57,11272,56,5631,61,6796,62,14528,63,8688,66,120,67,120,60.5
2026-04-17 11:20:41 PM,KXATPMATCH-26APR18JODFIL-FIL,60,1578,59,8484,58,11543,57,11272,56,5631,61,5999,62,14528,63,8688,66,120,67,120,60.5
2026-04-17 11:21:56 PM,KXATPMATCH-26APR18JODFIL-FIL,60,1578,59,8484,58,11543,57,8222,56,5631,61,5999,62,14528,63,8688,66,120,67,120,60.5
2026-04-17 11:21:57 PM,KXATPMATCH-26APR18JODFIL-FIL,60,1578,59,8484,58,11543,57,11272,56,5631,61,5999,62,14528,63,8688,66,120,67,120,60.5
2026-04-17 11:24:29 PM,KXATPMATCH-26APR18JODFIL-FIL,60,1578,59,8484,58,14593,57,11272,56,5631,61,5999,62,14528,63,8688,66,120,67,120,60.5
2026-04-17 11:24:29 PM,KXATPMATCH-26APR18JODFIL-FIL,60,1578,59,8484,58,14593,57,8222,56,5631,61,5999,62,14528,63,8688,66,120,67,120,60.5
2026-04-17 11:24:33 PM,KXATPMATCH-26APR18JODFIL-FIL,60,1578,59,8484,58,11543,57,8222,56,5631,61,5999,62,14528,63,8688,66,120,67,120,60.5
2026-04-17 11:24:37 PM,KXATPMATCH-26APR18JODFIL-FIL,60,1578,59,8484,58,11543,57,11272,56,5631,61,5999,62,14528,63,8688,66,120,67,120,60.5
2026-04-17 11:25:19 PM,KXATPMATCH-26APR18JODFIL-FIL,60,1578,59,8484,58,11543,57,11272,56,5631,61,5999,62,13574,63,8688,66,120,67,120,60.5
2026-04-17 11:25:19 PM,KXATPMATCH-26APR18JODFIL-FIL,60,1578,59,8519,58,11543,57,11272,56,5631,61,5999,62,13574,63,8688,66,120,67,120,60.5
2026-04-17 11:25:20 PM,KXATPMATCH-26APR18JODFIL-FIL,60,1578,59,8519,58,11543,57,11272,56,5631,61,5999,62,14498,63,8688,66,120,67,120,60.5
2026-04-17 11:25:20 PM,KXATPMATCH-26APR18JODFIL-FIL,60,1578,59,8519,58,11543,57,11272,56,5631,61,6034,62,14498,63,8688,66,120,67,120,60.5
2026-04-17 11:25:55 PM,KXATPMATCH-26APR18JODFIL-FIL,60,1578,59,8519,58,11543,57,11272,56,5631,61,6034,62,14496,63,8688,66,120,67,120,60.5
2026-04-17 11:25:55 PM,KXATPMATCH-26APR18JODFIL-FIL,60,1566,59,8519,58,11543,57,11272,56,5631,61,6034,62,14496,63,8688,66,120,67,120,60.5
2026-04-17 11:25:55 PM,KXATPMATCH-26APR18JODFIL-FIL,60,1566,59,8519,58,11543,57,11272,56,5631,61,6034,62,14510,63,8688,66,120,67,120,60.5
2026-04-17 11:27:41 PM,KXATPMATCH-26APR18JODFIL-FIL,60,1566,59,8519,58,11543,57,11272,56,5631,61,6029,62,14510,63,8688,66,120,67,120,60.5
2026-04-17 11:27:51 PM,KXATPMATCH-26APR18JODFIL-FIL,60,1566,59,8519,58,11543,57,11272,56,5631,61,6029,62,14496,63,8688,66,120,67,120,60.5
2026-04-17 11:27:51 PM,KXATPMATCH-26APR18JODFIL-FIL,60,1559,59,8519,58,11543,57,11272,56,5631,61,6029,62,14496,63,8688,66,120,67,120,60.5
2026-04-17 11:27:51 PM,KXATPMATCH-26APR18JODFIL-FIL,60,1559,59,8519,58,11543,57,11272,56,5631,61,6029,62,14517,63,8688,66,120,67,120,60.5
2026-04-17 11:28:38 PM,KXATPMATCH-26APR18JODFIL-FIL,60,1559,59,8519,58,11543,57,8222,56,5631,61,6029,62,14517,63,8688,66,120,67,120,60.5
2026-04-17 11:28:43 PM,KXATPMATCH-26APR18JODFIL-FIL,60,1559,59,8484,58,11543,57,8222,56,5631,61,6029,62,14517,63,8688,66,120,67,120,60.5
2026-04-17 11:28:43 PM,KXATPMATCH-26APR18JODFIL-FIL,60,1559,59,8484,58,11543,57,8222,56,5631,61,5994,62,14517,63,8688,66,120,67,120,60.5
2026-04-17 11:28:45 PM,KXATPMATCH-26APR18JODFIL-FIL,60,1559,59,8484,58,11543,57,11274,56,5631,61,5994,62,14517,63,8688,66,120,67,120,60.5
2026-04-17 11:29:27 PM,KXATPMATCH-26APR18JODFIL-FIL,60,1559,59,8484,58,11543,57,11274,56,5631,61,5989,62,14517,63,8688,66,120,67,120,60.5
2026-04-17 11:29:51 PM,KXATPMATCH-26APR18JODFIL-FIL,60,1559,59,8484,58,11543,57,11274,56,5631,61,5989,62,14496,63,8688,66,120,67,120,60.5
2026-04-17 11:29:51 PM,KXATPMATCH-26APR18JODFIL-FIL,60,1555,59,8484,58,11543,57,11274,56,5631,61,5989,62,14496,63,8688,66,120,67,120,60.5
2026-04-17 11:29:51 PM,KXATPMATCH-26APR18JODFIL-FIL,60,1555,59,8484,58,11543,57,11274,56,5631,61,5989,62,14521,63,8688,66,120,67,120,60.5
2026-04-17 11:31:44 PM,KXATPMATCH-26APR18JODFIL-FIL,60,1555,59,8484,58,11543,57,8222,56,5631,61,5989,62,14521,63,8688,66,120,67,120,60.5
2026-04-17 11:32:04 PM,KXATPMATCH-26APR18JODFIL-FIL,60,1555,59,8484,58,11543,57,11274,56,5631,61,5989,62,14521,63,8688,66,120,67,120,60.5
2026-04-17 11:32:59 PM,KXATPMATCH-26APR18JODFIL-FIL,60,1555,59,8484,58,11543,57,8222,56,5631,61,5989,62,14521,63,8688,66,120,67,120,60.5
2026-04-17 11:34:08 PM,KXATPMATCH-26APR18JODFIL-FIL,60,1555,59,8429,58,11543,57,8222,56,5631,61,5989,62,14521,63,8688,66,120,67,120,60.5
2026-04-17 11:34:08 PM,KXATPMATCH-26APR18JODFIL-FIL,60,1555,59,8429,58,11543,57,8222,56,5631,61,6387,62,14521,63,8688,66,120,67,120,60.5
2026-04-17 11:34:08 PM,KXATPMATCH-26APR18JODFIL-FIL,60,1555,59,8429,58,11543,57,11274,56,5631,61,6387,62,14521,63,8688,66,120,67,120,60.5
2026-04-17 11:34:10 PM,KXATPMATCH-26APR18JODFIL-FIL,60,1527,59,8429,58,11543,57,11274,56,5631,61,6387,62,14521,63,8688,66,120,67,120,60.5
2026-04-17 11:34:10 PM,KXATPMATCH-26APR18JODFIL-FIL,60,1527,59,8429,58,11543,57,11274,56,5631,61,6387,62,14496,63,8688,66,120,67,120,60.5
2026-04-17 11:34:10 PM,KXATPMATCH-26APR18JODFIL-FIL,60,1527,59,8429,58,11543,57,11274,56,5631,61,6387,62,14496,63,7888,66,120,67,120,60.5
2026-04-17 11:34:10 PM,KXATPMATCH-26APR18JODFIL-FIL,60,1527,59,8324,58,11543,57,11274,56,5631,61,6387,62,14496,63,7888,66,120,67,120,60.5
2026-04-17 11:34:10 PM,KXATPMATCH-26APR18JODFIL-FIL,60,1527,59,8324,58,12343,57,11274,56,5631,61,6387,62,14496,63,7888,66,120,67,120,60.5
2026-04-17 11:34:10 PM,KXATPMATCH-26APR18JODFIL-FIL,60,1527,59,8324,58,12343,57,11274,56,5631,61,6475,62,14496,63,7888,66,120,67,120,60.5
2026-04-17 11:34:10 PM,KXATPMATCH-26APR18JODFIL-FIL,60,1527,59,8324,58,12343,57,11274,56,5631,61,6475,62,14566,63,7888,66,120,67,120,60.5
2026-04-17 11:34:13 PM,KXATPMATCH-26APR18JODFIL-FIL,60,1527,59,8324,58,12343,57,11274,56,5631,61,6472,62,14566,63,7888,66,120,67,120,60.5
2026-04-17 11:34:24 PM,KXATPMATCH-26APR18JODFIL-FIL,60,1527,59,8324,58,12343,57,8222,56,5631,61,6472,62,14566,63,7888,66,120,67,120,60.5
2026-04-17 11:35:12 PM,KXATPMATCH-26APR18JODFIL-FIL,60,1527,59,8324,58,12343,57,11274,56,5631,61,6472,62,14566,63,7888,66,120,67,120,60.5
2026-04-17 11:35:26 PM,KXATPMATCH-26APR18JODFIL-FIL,60,1527,59,8317,58,12343,57,11274,56,5631,61,6472,62,14566,63,7888,66,120,67,120,60.5
2026-04-17 11:35:26 PM,KXATPMATCH-26APR18JODFIL-FIL,60,1527,59,8317,58,12343,57,11274,56,5631,61,6479,62,14566,63,7888,66,120,67,120,60.5
2026-04-17 11:35:37 PM,KXATPMATCH-26APR18JODFIL-FIL,60,1527,59,8317,58,12343,57,8222,56,5631,61,6479,62,14566,63,7888,66,120,67,120,60.5
2026-04-17 11:35:42 PM,KXATPMATCH-26APR18JODFIL-FIL,60,1527,59,8317,58,12343,57,11274,56,5631,61,6479,62,14566,63,7888,66,120,67,120,60.5
2026-04-17 11:35:52 PM,KXATPMATCH-26APR18JODFIL-FIL,60,1527,59,8317,58,12343,57,8222,56,5631,61,6479,62,14566,63,7888,66,120,67,120,60.5
2026-04-17 11:36:03 PM,KXATPMATCH-26APR18JODFIL-FIL,60,1527,59,8317,58,12343,57,8222,56,5631,61,6478,62,14566,63,7888,66,120,67,120,60.5
2026-04-17 11:36:06 PM,KXATPMATCH-26APR18JODFIL-FIL,60,1527,59,8317,58,12343,57,8222,56,5631,61,6461,62,14566,63,7888,66,120,67,120,60.5
2026-04-17 11:36:16 PM,KXATPMATCH-26APR18JODFIL-FIL,60,1527,59,8317,58,12343,57,11274,56,5631,61,6461,62,14566,63,7888,66,120,67,120,60.5
2026-04-17 11:36:21 PM,KXATPMATCH-26APR18JODFIL-FIL,60,1527,59,8317,58,12343,57,8222,56,5631,61,6461,62,14566,63,7888,66,120,67,120,60.5
2026-04-17 11:36:30 PM,KXATPMATCH-26APR18JODFIL-FIL,60,1527,59,8317,58,12343,57,11274,56,5631,61,6461,62,14566,63,7888,66,120,67,120,60.5
2026-04-17 11:36:30 PM,KXATPMATCH-26APR18JODFIL-FIL,60,1527,59,8317,58,12343,57,8222,56,5631,61,6461,62,14566,63,7888,66,120,67,120,60.5
2026-04-17 11:36:36 PM,KXATPMATCH-26APR18JODFIL-FIL,60,1527,59,8317,58,12343,57,8222,56,5631,61,6422,62,14566,63,7888,66,120,67,120,60.5
2026-04-17 11:40:03 PM,KXATPMATCH-26APR18JODFIL-FIL,60,1527,59,8238,58,12343,57,8222,56,5631,61,6422,62,14566,63,7888,66,120,67,120,60.5
2026-04-17 11:40:03 PM,KXATPMATCH-26APR18JODFIL-FIL,60,1527,59,8224,58,12343,57,8222,56,5631,61,6422,62,14566,63,7888,66,120,67,120,60.5
2026-04-17 11:40:03 PM,KXATPMATCH-26APR18JODFIL-FIL,60,1527,59,8224,58,12343,57,8222,56,5631,61,6515,62,14566,63,7888,66,120,67,120,60.5
2026-04-17 11:40:23 PM,KXATPMATCH-26APR18JODFIL-FIL,60,1527,59,8224,58,12343,57,8222,56,5631,61,6475,62,14566,63,7888,66,120,67,120,60.5
2026-04-17 11:40:23 PM,KXATPMATCH-26APR18JODFIL-FIL,60,1527,59,8224,58,12343,57,8222,56,5631,61,6475,62,14566,63,10424,66,120,67,120,60.5
2026-04-17 11:40:55 PM,KXATPMATCH-26APR18JODFIL-FIL,60,1527,59,8224,58,12343,57,8222,56,5631,61,6444,62,14566,63,10424,66,120,67,120,60.5
2026-04-17 11:41:37 PM,KXATPMATCH-26APR18JODFIL-FIL,60,1527,59,8224,58,12343,57,8222,56,5631,61,26444,62,14566,63,10424,66,120,67,120,60.5
2026-04-17 11:42:59 PM,KXATPMATCH-26APR18JODFIL-FIL,60,1527,59,7725,58,12343,57,8222,56,5631,61,26444,62,14566,63,10424,66,120,67,120,60.5
2026-04-17 11:42:59 PM,KXATPMATCH-26APR18JODFIL-FIL,60,1527,59,7629,58,12343,57,8222,56,5631,61,26444,62,14566,63,10424,66,120,67,120,60.5
2026-04-17 11:42:59 PM,KXATPMATCH-26APR18JODFIL-FIL,60,1527,59,7629,58,12343,57,8222,56,5631,61,26351,62,14566,63,10424,66,120,67,120,60.5
2026-04-17 11:42:59 PM,KXATPMATCH-26APR18JODFIL-FIL,60,1527,59,7629,58,12343,57,8222,56,5631,61,26351,62,14496,63,10424,66,120,67,120,60.5
2026-04-17 11:42:59 PM,KXATPMATCH-26APR18JODFIL-FIL,60,1527,59,7629,58,12343,57,8222,56,5631,61,26351,62,14289,63,10424,66,120,67,120,60.5
2026-04-17 11:42:59 PM,KXATPMATCH-26APR18JODFIL-FIL,60,1527,59,7629,58,12343,57,8222,56,5631,61,26351,62,13766,63,10424,66,120,67,120,60.5
2026-04-17 11:42:59 PM,KXATPMATCH-26APR18JODFIL-FIL,60,1527,59,7629,58,12114,57,8222,56,5631,61,26351,62,13766,63,10424,66,120,67,120,60.5
2026-04-17 11:42:59 PM,KXATPMATCH-26APR18JODFIL-FIL,60,1527,59,7629,58,12114,57,9022,56,5631,61,26351,62,13766,63,10424,66,120,67,120,60.5
2026-04-17 11:42:59 PM,KXATPMATCH-26APR18JODFIL-FIL,60,1527,59,7629,58,12114,57,9022,56,5631,61,27056,62,13766,63,10424,66,120,67,120,60.5
2026-04-17 11:42:59 PM,KXATPMATCH-26APR18JODFIL-FIL,60,1527,59,7629,58,12114,57,9022,56,5631,61,27268,62,13766,63,10424,66,120,67,120,60.5
2026-04-17 11:42:59 PM,KXATPMATCH-26APR18JODFIL-FIL,60,1527,59,7629,58,12114,57,12074,56,5631,61,27268,62,13766,63,10424,66,120,67,120,60.5
2026-04-17 11:42:59 PM,KXATPMATCH-26APR18JODFIL-FIL,60,1527,59,7629,58,12114,57,12074,56,5631,61,27187,62,13766,63,10424,66,120,67,120,60.5
2026-04-17 11:43:00 PM,KXATPMATCH-26APR18JODFIL-FIL,60,1527,59,1760,58,12114,57,12074,56,5631,61,27187,62,13766,63,10424,66,120,67,120,60.5
2026-04-17 11:43:00 PM,KXATPMATCH-26APR18JODFIL-FIL,60,1527,59,1760,58,12114,57,17943,56,5631,61,27187,62,13766,63,10424,66,120,67,120,60.5
2026-04-17 11:43:01 PM,KXATPMATCH-26APR18JODFIL-FIL,60,1527,59,1760,58,12114,57,14891,56,5631,61,27187,62,13766,63,10424,66,120,67,120,60.5
2026-04-17 11:43:03 PM,KXATPMATCH-26APR18JODFIL-FIL,60,1527,59,1760,58,12114,57,14891,56,5631,61,26975,62,13766,63,10424,66,120,67,120,60.5
2026-04-17 11:43:03 PM,KXATPMATCH-26APR18JODFIL-FIL,60,1527,59,1760,58,12114,57,14891,56,5631,61,27187,62,13766,63,10424,66,120,67,120,60.5
2026-04-17 11:43:20 PM,KXATPMATCH-26APR18JODFIL-FIL,60,1527,59,1760,58,12114,57,14891,56,5631,61,27167,62,13766,63,10424,66,120,67,120,60.5
2026-04-17 11:43:24 PM,KXATPMATCH-26APR18JODFIL-FIL,60,1527,59,1760,58,12114,57,14891,56,5631,61,26955,62,13766,63,10424,66,120,67,120,60.5
2026-04-17 11:43:24 PM,KXATPMATCH-26APR18JODFIL-FIL,60,1527,59,1760,58,12114,57,14891,56,5631,61,27167,62,13766,63,10424,66,120,67,120,60.5
2026-04-17 11:44:15 PM,KXATPMATCH-26APR18JODFIL-FIL,60,1527,59,1760,58,12114,57,14891,56,5631,61,42167,62,13766,63,10424,66,120,67,120,60.5
2026-04-17 11:45:09 PM,KXATPMATCH-26APR18JODFIL-FIL,60,1527,59,1760,58,12114,57,14891,56,5631,61,42167,62,12842,63,10424,66,120,67,120,60.5
2026-04-17 11:45:10 PM,KXATPMATCH-26APR18JODFIL-FIL,60,1527,59,1760,58,12114,57,14891,56,5631,61,42167,62,13766,63,10424,66,120,67,120,60.5
2026-04-17 11:45:36 PM,KXATPMATCH-26APR18JODFIL-FIL,60,1527,59,1760,58,12114,57,14891,56,5631,61,42161,62,13766,63,10424,66,120,67,120,60.5
2026-04-17 11:45:40 PM,KXATPMATCH-26APR18JODFIL-FIL,60,1527,59,1760,58,12114,57,14891,56,5631,61,41949,62,13766,63,10424,66,120,67,120,60.5
2026-04-17 11:45:40 PM,KXATPMATCH-26APR18JODFIL-FIL,60,1527,59,1760,58,12114,57,14891,56,5631,61,42161,62,13766,63,10424,66,120,67,120,60.5
2026-04-17 11:45:56 PM,KXATPMATCH-26APR18JODFIL-FIL,60,1527,59,1760,58,15166,57,14891,56,5631,61,42161,62,13766,63,10424,66,120,67,120,60.5
2026-04-17 11:45:56 PM,KXATPMATCH-26APR18JODFIL-FIL,60,1527,59,1760,58,15166,57,14891,56,5631,61,42161,62,16818,63,10424,66,120,67,120,60.5
2026-04-17 11:45:56 PM,KXATPMATCH-26APR18JODFIL-FIL,60,1527,59,1760,58,15166,57,14891,56,5631,61,39111,62,16818,63,10424,66,120,67,120,60.5
2026-04-17 11:46:04 PM,KXATPMATCH-26APR18JODFIL-FIL,60,1527,59,1760,58,15166,57,17943,56,5631,61,39111,62,16818,63,10424,66,120,67,120,60.5
2026-04-17 11:46:04 PM,KXATPMATCH-26APR18JODFIL-FIL,60,1527,59,1760,58,15166,57,17943,56,5631,61,42163,62,16818,63,10424,66,120,67,120,60.5
2026-04-17 11:46:04 PM,KXATPMATCH-26APR18JODFIL-FIL,60,1527,59,1760,58,12114,57,17943,56,5631,61,42163,62,16818,63,10424,66,120,67,120,60.5
2026-04-17 11:46:05 PM,KXATPMATCH-26APR18JODFIL-FIL,60,1527,59,1760,58,12114,57,17943,56,5631,61,42163,62,13766,63,10424,66,120,67,120,60.5
2026-04-17 11:46:17 PM,KXATPMATCH-26APR18JODFIL-FIL,60,1527,59,1760,58,12114,57,17943,56,5631,61,42156,62,13766,63,10424,66,120,67,120,60.5
2026-04-17 11:46:20 PM,KXATPMATCH-26APR18JODFIL-FIL,60,1527,59,1760,58,12114,57,17943,56,5631,61,41944,62,13766,63,10424,66,120,67,120,60.5
2026-04-17 11:46:20 PM,KXATPMATCH-26APR18JODFIL-FIL,60,1527,59,1760,58,12114,57,17943,56,5631,61,42156,62,13766,63,10424,66,120,67,120,60.5
2026-04-17 11:47:45 PM,KXATPMATCH-26APR18JODFIL-FIL,60,1527,59,1723,58,12114,57,17943,56,5631,61,42156,62,13766,63,10424,66,120,67,120,60.5
2026-04-17 11:47:45 PM,KXATPMATCH-26APR18JODFIL-FIL,60,1527,59,1723,58,12114,57,17943,56,5631,61,42636,62,13766,63,10424,66,120,67,120,60.5
2026-04-17 11:47:47 PM,KXATPMATCH-26APR18JODFIL-FIL,60,1527,59,1723,58,12112,57,17943,56,5631,61,42636,62,13766,63,10424,66,120,67,120,60.5
2026-04-17 11:47:47 PM,KXATPMATCH-26APR18JODFIL-FIL,60,1527,59,1723,58,11875,57,17943,56,5631,61,42636,62,13766,63,10424,66,120,67,120,60.5
2026-04-17 11:47:47 PM,KXATPMATCH-26APR18JODFIL-FIL,60,1527,59,1723,58,11875,57,17703,56,5631,61,42636,62,13766,63,10424,66,120,67,120,60.5
2026-04-17 11:47:49 PM,KXATPMATCH-26APR18JODFIL-FIL,60,1527,59,1723,58,11875,57,17703,56,5631,61,42424,62,13766,63,10424,66,120,67,120,60.5
2026-04-17 11:47:49 PM,KXATPMATCH-26APR18JODFIL-FIL,60,1527,59,1723,58,11875,57,17703,56,5631,61,42636,62,13766,63,10424,66,120,67,120,60.5
2026-04-17 11:47:49 PM,KXATPMATCH-26APR18JODFIL-FIL,60,1527,59,1723,58,11875,57,17703,56,5631,61,42847,62,13766,63,10424,66,120,67,120,60.5
2026-04-17 11:48:02 PM,KXATPMATCH-26APR18JODFIL-FIL,60,1527,59,1723,58,11875,57,17703,56,5631,61,42869,62,13766,63,10424,66,120,67,120,60.5
2026-04-17 11:48:02 PM,KXATPMATCH-26APR18JODFIL-FIL,60,1527,59,1723,58,11864,57,17703,56,5631,61,42869,62,13766,63,10424,66,120,67,120,60.5
2026-04-17 11:48:02 PM,KXATPMATCH-26APR18JODFIL-FIL,60,1527,59,1723,58,11864,57,17692,56,5631,61,42869,62,13766,63,10424,66,120,67,120,60.5
2026-04-17 11:48:05 PM,KXATPMATCH-26APR18JODFIL-FIL,60,1527,59,1723,58,11864,57,17692,56,5631,61,42657,62,13766,63,10424,66,120,67,120,60.5
2026-04-17 11:48:05 PM,KXATPMATCH-26APR18JODFIL-FIL,60,1527,59,1723,58,11864,57,17692,56,5631,61,42869,62,13766,63,10424,66,120,67,120,60.5
2026-04-17 11:48:26 PM,KXATPMATCH-26APR18JODFIL-FIL,60,1527,59,1723,58,11864,57,17692,56,5631,61,42657,62,13766,63,10424,66,120,67,120,60.5
2026-04-17 11:48:26 PM,KXATPMATCH-26APR18JODFIL-FIL,60,1527,59,1723,58,11864,57,17692,56,5631,61,42869,62,13766,63,10424,66,120,67,120,60.5
2026-04-17 11:49:37 PM,KXATPMATCH-26APR18JODFIL-FIL,60,1527,59,1723,58,11864,57,17692,56,5631,61,42869,62,13578,63,10424,66,120,67,120,60.5
2026-04-17 11:49:37 PM,KXATPMATCH-26APR18JODFIL-FIL,60,1527,59,1723,58,11864,57,17692,56,5631,61,43077,62,13578,63,10424,66,120,67,120,60.5
2026-04-17 11:49:38 PM,KXATPMATCH-26APR18JODFIL-FIL,60,1527,59,1723,58,11864,57,17692,56,5631,61,42869,62,13578,63,10424,66,120,67,120,60.5
2026-04-17 11:49:38 PM,KXATPMATCH-26APR18JODFIL-FIL,60,1527,59,1723,58,11864,57,17692,56,5631,61,42869,62,13791,63,10424,66,120,67,120,60.5
2026-04-17 11:53:45 PM,KXATPMATCH-26APR18JODFIL-FIL,60,1527,59,1723,58,11864,57,17692,56,5631,61,42814,62,13791,63,10424,66,120,67,120,60.5
2026-04-17 11:53:49 PM,KXATPMATCH-26APR18JODFIL-FIL,60,1527,59,1723,58,11864,57,17692,56,5631,61,42602,62,13791,63,10424,66,120,67,120,60.5
2026-04-17 11:53:49 PM,KXATPMATCH-26APR18JODFIL-FIL,60,1527,59,1723,58,11864,57,17692,56,5631,61,42814,62,13791,63,10424,66,120,67,120,60.5
2026-04-17 11:54:26 PM,KXATPMATCH-26APR18JODFIL-FIL,60,1527,59,1723,58,11864,57,17692,56,5631,61,42602,62,13791,63,10424,66,120,67,120,60.5
2026-04-17 11:54:26 PM,KXATPMATCH-26APR18JODFIL-FIL,60,1527,59,1723,58,11864,57,17692,56,5631,61,42814,62,13791,63,10424,66,120,67,120,60.5
2026-04-17 11:57:58 PM,KXATPMATCH-26APR18JODFIL-FIL,60,1527,59,1723,58,11864,57,14640,56,5631,61,42814,62,13791,63,10424,66,120,67,120,60.5
2026-04-17 11:58:00 PM,KXATPMATCH-26APR18JODFIL-FIL,60,1527,59,1723,58,11864,57,14640,56,5631,61,42602,62,13791,63,10424,66,120,67,120,60.5
2026-04-17 11:58:00 PM,KXATPMATCH-26APR18JODFIL-FIL,60,1527,59,1723,58,11945,57,14640,56,5631,61,42602,62,13791,63,10424,66,120,67,120,60.5
2026-04-17 11:58:00 PM,KXATPMATCH-26APR18JODFIL-FIL,60,1527,59,1723,58,11945,57,14640,56,5631,61,42733,62,13791,63,10424,66,120,67,120,60.5
2026-04-17 11:58:00 PM,KXATPMATCH-26APR18JODFIL-FIL,60,1527,59,1723,58,11945,57,17692,56,5631,61,42733,62,13791,63,10424,66,120,67,120,60.5
2026-04-18 12:00:13 AM,KXATPMATCH-26APR18JODFIL-FIL,60,1527,59,1723,58,11945,57,17692,56,5631,61,42733,62,12867,63,10424,66,120,67,120,60.5
2026-04-18 12:00:19 AM,KXATPMATCH-26APR18JODFIL-FIL,60,1527,59,1723,58,11945,57,17692,56,5631,61,42733,62,13793,63,10424,66,120,67,120,60.5
2026-04-18 12:00:21 AM,KXATPMATCH-26APR18JODFIL-FIL,60,1527,59,1723,58,13945,57,17692,56,5631,61,42733,62,13793,63,10424,66,120,67,120,60.5
2026-04-18 12:00:21 AM,KXATPMATCH-26APR18JODFIL-FIL,60,1527,59,1723,58,13945,57,17692,56,5631,61,44733,62,13793,63,10424,66,120,67,120,60.5
2026-04-18 12:00:21 AM,KXATPMATCH-26APR18JODFIL-FIL,60,1527,59,1723,58,13945,57,17692,56,5631,61,44733,62,15793,63,10424,66,120,67,120,60.5
2026-04-18 12:00:21 AM,KXATPMATCH-26APR18JODFIL-FIL,60,1527,59,1723,58,13945,57,17692,56,5631,61,46733,62,15793,63,10424,66,120,67,120,60.5
2026-04-18 12:00:21 AM,KXATPMATCH-26APR18JODFIL-FIL,60,1527,59,1723,58,13945,57,17692,56,5631,61,48733,62,15793,63,10424,66,120,67,120,60.5
2026-04-18 12:00:21 AM,KXATPMATCH-26APR18JODFIL-FIL,60,1527,59,1723,58,13945,57,17692,56,5631,61,50733,62,15793,63,10424,66,120,67,120,60.5
2026-04-18 12:00:21 AM,KXATPMATCH-26APR18JODFIL-FIL,60,1527,59,1723,58,13945,57,17692,56,5631,61,50733,62,16793,63,10424,66,120,67,120,60.5
2026-04-18 12:00:21 AM,KXATPMATCH-26APR18JODFIL-FIL,60,1527,59,1723,58,13945,57,17692,56,5631,61,53733,62,16793,63,10424,66,120,67,120,60.5
2026-04-18 12:00:21 AM,KXATPMATCH-26APR18JODFIL-FIL,60,1527,59,1723,58,13945,57,17692,56,5631,61,53733,62,17793,63,10424,66,120,67,120,60.5
2026-04-18 12:00:21 AM,KXATPMATCH-26APR18JODFIL-FIL,60,1527,59,1723,58,13945,57,17692,56,5631,61,56733,62,17793,63,10424,66,120,67,120,60.5
2026-04-18 12:00:21 AM,KXATPMATCH-26APR18JODFIL-FIL,60,1527,59,1723,58,13945,57,17692,56,5631,61,59733,62,17793,63,10424,66,120,67,120,60.5
2026-04-18 12:00:21 AM,KXATPMATCH-26APR18JODFIL-FIL,60,1527,59,1723,58,13945,57,17692,56,5631,61,61733,62,17793,63,10424,66,120,67,120,60.5
2026-04-18 12:00:21 AM,KXATPMATCH-26APR18JODFIL-FIL,60,1527,59,1723,58,13945,57,18692,56,5631,61,61733,62,17793,63,10424,66,120,67,120,60.5
2026-04-18 12:00:21 AM,KXATPMATCH-26APR18JODFIL-FIL,60,1527,59,1723,58,13945,57,18692,56,5631,61,64733,62,17793,63,10424,66,120,67,120,60.5
2026-04-18 12:00:21 AM,KXATPMATCH-26APR18JODFIL-FIL,60,1527,59,1723,58,13945,57,18692,56,5631,61,64733,62,19793,63,10424,66,120,67,120,60.5
2026-04-18 12:00:21 AM,KXATPMATCH-26APR18JODFIL-FIL,59,1723,58,13945,57,18692,56,5631,54,400,61,64733,62,19793,63,10424,66,120,67,120,60.0
2026-04-18 12:00:21 AM,KXATPMATCH-26APR18JODFIL-FIL,59,1723,58,13945,57,18692,56,5631,54,400,60,1472,61,64733,62,19793,63,10424,66,120,59.5
2026-04-18 12:00:21 AM,KXATPMATCH-26APR18JODFIL-FIL,59,1723,58,13945,57,18692,56,5631,54,400,60,1472,61,64733,62,21793,63,10424,66,120,59.5
2026-04-18 12:00:21 AM,KXATPMATCH-26APR18JODFIL-FIL,59,1723,58,13945,57,18692,56,5631,54,400,60,1472,61,64733,62,23793,63,10424,66,120,59.5
2026-04-18 12:00:21 AM,KXATPMATCH-26APR18JODFIL-FIL,59,1723,58,13945,57,18692,56,5631,54,400,61,64733,62,23793,63,10424,66,120,67,120,60.0
2026-04-18 12:00:21 AM,KXATPMATCH-26APR18JODFIL-FIL,59,1723,58,13945,57,18692,56,5631,54,400,61,67733,62,23793,63,10424,66,120,67,120,60.0
2026-04-18 12:00:21 AM,KXATPMATCH-26APR18JODFIL-FIL,59,1723,58,13945,57,18692,56,5631,54,400,61,67733,62,26793,63,10424,66,120,67,120,60.0
2026-04-18 12:00:21 AM,KXATPMATCH-26APR18JODFIL-FIL,59,1723,58,13945,57,18692,56,5631,54,400,61,67733,62,29793,63,10424,66,120,67,120,60.0
2026-04-18 12:00:21 AM,KXATPMATCH-26APR18JODFIL-FIL,59,1723,58,13945,57,18692,56,5631,54,400,61,67733,62,32793,63,10424,66,120,67,120,60.0
2026-04-18 12:00:21 AM,KXATPMATCH-26APR18JODFIL-FIL,59,1723,58,13945,57,18692,56,5631,54,400,61,67733,62,35793,63,10424,66,120,67,120,60.0
2026-04-18 12:00:21 AM,KXATPMATCH-26APR18JODFIL-FIL,59,1473,58,13945,57,18692,56,5631,54,400,61,67733,62,35793,63,10424,66,120,67,120,60.0
2026-04-18 12:00:21 AM,KXATPMATCH-26APR18JODFIL-FIL,59,1473,58,14195,57,18692,56,5631,54,400,61,67733,62,35793,63,10424,66,120,67,120,60.0
2026-04-18 12:00:21 AM,KXATPMATCH-26APR18JODFIL-FIL,59,1473,58,14195,57,18692,56,5631,54,400,61,67733,62,35543,63,10424,66,120,67,120,60.0
2026-04-18 12:00:21 AM,KXATPMATCH-26APR18JODFIL-FIL,59,1473,58,14195,57,18692,56,5631,54,400,61,67983,62,35543,63,10424,66,120,67,120,60.0
2026-04-18 12:00:22 AM,KXATPMATCH-26APR18JODFIL-FIL,59,1473,58,14195,57,18692,56,5631,54,400,61,67852,62,35543,63,10424,66,120,67,120,60.0
2026-04-18 12:00:22 AM,KXATPMATCH-26APR18JODFIL-FIL,59,1473,58,14195,57,18692,56,5631,54,400,60,131,61,67852,62,35543,63,10424,66,120,59.5
2026-04-18 12:00:22 AM,KXATPMATCH-26APR18JODFIL-FIL,59,1473,58,13945,57,18692,56,5631,54,400,60,131,61,67852,62,35543,63,10424,66,120,59.5
2026-04-18 12:00:22 AM,KXATPMATCH-26APR18JODFIL-FIL,59,1473,58,13945,57,18942,56,5631,54,400,60,131,61,67852,62,35543,63,10424,66,120,59.5
2026-04-18 12:00:23 AM,KXATPMATCH-26APR18JODFIL-FIL,59,1473,58,13945,57,18942,56,5631,54,400,60,131,61,67602,62,35543,63,10424,66,120,59.5
2026-04-18 12:00:23 AM,KXATPMATCH-26APR18JODFIL-FIL,59,1473,58,13945,57,18942,56,5631,54,400,60,381,61,67602,62,35543,63,10424,66,120,59.5
2026-04-18 12:00:28 AM,KXATPMATCH-26APR18JODFIL-FIL,59,1473,58,13945,57,18942,56,5631,54,400,60,381,61,67602,62,34617,63,10424,66,120,59.5
2026-04-18 12:00:40 AM,KXATPMATCH-26APR18JODFIL-FIL,59,1473,58,13945,57,18942,56,5631,54,400,60,381,61,67602,62,35543,63,10424,66,120,59.5
2026-04-18 12:00:50 AM,KXATPMATCH-26APR18JODFIL-FIL,59,1473,58,13945,57,18942,56,5631,54,400,60,381,61,67602,62,32543,63,10424,66,120,59.5
2026-04-18 12:00:50 AM,KXATPMATCH-26APR18JODFIL-FIL,59,1473,58,13945,57,18942,56,5631,54,400,60,381,61,67602,62,29543,63,10424,66,120,59.5
2026-04-18 12:00:50 AM,KXATPMATCH-26APR18JODFIL-FIL,59,1473,58,13945,57,18942,56,5631,54,400,60,381,61,67602,62,26543,63,10424,66,120,59.5
2026-04-18 12:00:50 AM,KXATPMATCH-26APR18JODFIL-FIL,59,1473,58,13945,57,18942,56,5631,54,400,60,381,61,67602,62,23543,63,10424,66,120,59.5
2026-04-18 12:00:50 AM,KXATPMATCH-26APR18JODFIL-FIL,59,1473,58,13945,57,18942,56,5631,54,400,60,381,61,64602,62,23543,63,10424,66,120,59.5
2026-04-18 12:00:50 AM,KXATPMATCH-26APR18JODFIL-FIL,59,1473,58,13945,57,18942,56,5631,54,400,60,3381,61,64602,62,23543,63,10424,66,120,59.5
2026-04-18 12:00:58 AM,KXATPMATCH-26APR18JODFIL-FIL,59,1473,58,13945,57,18942,56,5631,54,400,60,3381,61,65602,62,23543,63,10424,66,120,59.5
2026-04-18 12:01:14 AM,KXATPMATCH-26APR18JODFIL-FIL,59,1473,58,13945,57,18942,56,5631,55,1,60,3381,61,65602,62,23543,63,10424,66,120,59.5
2026-04-18 12:01:14 AM,KXATPMATCH-26APR18JODFIL-FIL,59,1473,58,13945,57,18942,56,5631,55,1,60,3381,61,65602,62,23543,63,10426,66,120,59.5
2026-04-18 12:01:14 AM,KXATPMATCH-26APR18JODFIL-FIL,59,1473,58,13945,57,18942,56,5631,55,1,60,3381,61,65602,62,23543,63,10426,64,2,59.5
2026-04-18 12:01:35 AM,KXATPMATCH-26APR18JODFIL-FIL,59,1473,58,13945,57,18942,56,5631,55,1,60,3381,61,65602,62,22617,63,10426,64,2,59.5
2026-04-18 12:06:13 AM,KXATPMATCH-26APR18JODFIL-FIL,59,1473,58,13945,57,15890,56,5631,55,1,60,3381,61,65602,62,22617,63,10426,64,2,59.5
2026-04-18 12:06:13 AM,KXATPMATCH-26APR18JODFIL-FIL,59,1473,58,13945,57,18942,56,5631,55,1,60,3381,61,65602,62,22617,63,10426,64,2,59.5
2026-04-18 12:09:34 AM,KXATPMATCH-26APR18JODFIL-FIL,59,1473,58,13945,57,18942,56,5631,55,1,60,3300,61,65602,62,22617,63,10426,64,2,59.5
2026-04-18 12:09:34 AM,KXATPMATCH-26APR18JODFIL-FIL,59,1473,58,13945,57,18692,56,5631,55,1,60,3300,61,65602,62,22617,63,10426,64,2,59.5
2026-04-18 12:09:34 AM,KXATPMATCH-26APR18JODFIL-FIL,59,1473,58,14195,57,18692,56,5631,55,1,60,3300,61,65602,62,22617,63,10426,64,2,59.5
2026-04-18 12:09:34 AM,KXATPMATCH-26APR18JODFIL-FIL,59,1473,58,14195,57,18692,56,5631,55,1,60,3050,61,65602,62,22617,63,10426,64,2,59.5
2026-04-18 12:09:34 AM,KXATPMATCH-26APR18JODFIL-FIL,59,1473,58,14195,57,18692,56,5631,55,1,60,3050,61,65852,62,22617,63,10426,64,2,59.5
2026-04-18 12:09:35 AM,KXATPMATCH-26APR18JODFIL-FIL,59,1473,58,14276,57,18692,56,5631,55,1,60,3050,61,65852,62,22617,63,10426,64,2,59.5
2026-04-18 12:09:35 AM,KXATPMATCH-26APR18JODFIL-FIL,59,1473,58,14276,57,18692,56,5631,55,1,60,3051,61,65852,62,22617,63,10426,64,2,59.5
2026-04-18 12:10:30 AM,KXATPMATCH-26APR18JODFIL-FIL,59,1473,58,14276,57,18692,56,5631,55,1,60,3043,61,65852,62,22617,63,10426,64,2,59.5
2026-04-18 12:10:32 AM,KXATPMATCH-26APR18JODFIL-FIL,59,1473,58,14195,57,18692,56,5631,55,1,60,3043,61,65852,62,22617,63,10426,64,2,59.5
2026-04-18 12:10:32 AM,KXATPMATCH-26APR18JODFIL-FIL,59,1473,58,14284,57,18692,56,5631,55,1,60,3043,61,65852,62,22617,63,10426,64,2,59.5
2026-04-18 12:10:59 AM,KXATPMATCH-26APR18JODFIL-FIL,59,1473,58,14284,57,18692,56,5631,55,1,60,3040,61,65852,62,22617,63,10426,64,2,59.5
2026-04-18 12:11:01 AM,KXATPMATCH-26APR18JODFIL-FIL,59,1473,58,14195,57,18692,56,5631,55,1,60,3040,61,65852,62,22617,63,10426,64,2,59.5
2026-04-18 12:11:01 AM,KXATPMATCH-26APR18JODFIL-FIL,59,1473,58,14287,57,18692,56,5631,55,1,60,3040,61,65852,62,22617,63,10426,64,2,59.5
2026-04-18 12:15:50 AM,KXATPMATCH-26APR18JODFIL-FIL,59,1473,58,14287,57,18692,56,5631,55,1,60,3040,61,65875,62,22617,63,10426,64,2,59.5
2026-04-18 12:15:50 AM,KXATPMATCH-26APR18JODFIL-FIL,59,1473,58,14276,57,18692,56,5631,55,1,60,3040,61,65875,62,22617,63,10426,64,2,59.5
2026-04-18 12:15:50 AM,KXATPMATCH-26APR18JODFIL-FIL,59,1473,58,14276,57,18681,56,5631,55,1,60,3040,61,65875,62,22617,63,10426,64,2,59.5
2026-04-18 12:16:59 AM,KXATPMATCH-26APR18JODFIL-FIL,59,1473,58,13705,57,18681,56,5631,55,1,60,3040,61,65875,62,22617,63,10426,64,2,59.5
2026-04-18 12:16:59 AM,KXATPMATCH-26APR18JODFIL-FIL,59,1473,58,13705,57,17881,56,5631,55,1,60,3040,61,65875,62,22617,63,10426,64,2,59.5
2026-04-18 12:16:59 AM,KXATPMATCH-26APR18JODFIL-FIL,59,1473,58,13613,57,17881,56,5631,55,1,60,3040,61,65875,62,22617,63,10426,64,2,59.5
2026-04-18 12:16:59 AM,KXATPMATCH-26APR18JODFIL-FIL,59,1473,58,13532,57,17881,56,5631,55,1,60,3040,61,65875,62,22617,63,10426,64,2,59.5
2026-04-18 12:16:59 AM,KXATPMATCH-26APR18JODFIL-FIL,59,1473,58,13532,57,17881,56,5631,55,1,60,3039,61,65875,62,22617,63,10426,64,2,59.5
2026-04-18 12:16:59 AM,KXATPMATCH-26APR18JODFIL-FIL,59,1473,58,13532,57,17881,56,5631,55,1,60,3001,61,65875,62,22617,63,10426,64,2,59.5
2026-04-18 12:16:59 AM,KXATPMATCH-26APR18JODFIL-FIL,59,1473,58,13532,57,17881,56,5631,55,1,60,3001,61,65170,62,22617,63,10426,64,2,59.5
2026-04-18 12:16:59 AM,KXATPMATCH-26APR18JODFIL-FIL,59,1473,58,13532,57,17881,56,5631,55,1,60,3001,61,65082,62,22617,63,10426,64,2,59.5
2026-04-18 12:16:59 AM,KXATPMATCH-26APR18JODFIL-FIL,59,1473,58,13532,57,17881,56,5631,55,1,60,3001,61,65075,62,22617,63,10426,64,2,59.5
2026-04-18 12:16:59 AM,KXATPMATCH-26APR18JODFIL-FIL,59,2273,58,13532,57,17881,56,5631,55,1,60,3001,61,65075,62,22617,63,10426,64,2,59.5
2026-04-18 12:16:59 AM,KXATPMATCH-26APR18JODFIL-FIL,59,2273,58,13532,57,17881,56,5631,55,1,60,3001,61,65075,62,23282,63,10426,64,2,59.5
2026-04-18 12:16:59 AM,KXATPMATCH-26APR18JODFIL-FIL,59,2273,58,13532,57,17881,56,5631,55,1,60,3001,61,65075,62,23282,63,11226,64,2,59.5
2026-04-18 12:16:59 AM,KXATPMATCH-26APR18JODFIL-FIL,59,2391,58,13532,57,17881,56,5631,55,1,60,3001,61,65075,62,23282,63,11226,64,2,59.5
2026-04-18 12:17:00 AM,KXATPMATCH-26APR18JODFIL-FIL,59,2391,58,13532,57,12275,56,5631,55,1,60,3001,61,65075,62,23282,63,11226,64,2,59.5
2026-04-18 12:17:00 AM,KXATPMATCH-26APR18JODFIL-FIL,59,2391,58,16584,57,12275,56,5631,55,1,60,3001,61,65075,62,23282,63,11226,64,2,59.5
2026-04-18 12:17:00 AM,KXATPMATCH-26APR18JODFIL-FIL,59,2391,58,16584,57,12275,56,5631,55,1,60,3001,61,65075,62,26334,63,11226,64,2,59.5
2026-04-18 12:17:00 AM,KXATPMATCH-26APR18JODFIL-FIL,59,7997,58,16584,57,12275,56,5631,55,1,60,3001,61,65075,62,26334,63,11226,64,2,59.5
2026-04-18 12:17:00 AM,KXATPMATCH-26APR18JODFIL-FIL,59,7997,58,16584,57,12275,56,5631,55,1,60,3001,61,62023,62,26334,63,11226,64,2,59.5
2026-04-18 12:17:00 AM,KXATPMATCH-26APR18JODFIL-FIL,59,7997,58,16584,57,9223,56,5631,55,1,60,3001,61,62023,62,26334,63,11226,64,2,59.5
2026-04-18 12:17:04 AM,KXATPMATCH-26APR18JODFIL-FIL,59,7997,58,13532,57,9223,56,5631,55,1,60,3001,61,62023,62,26334,63,11226,64,2,59.5
2026-04-18 12:17:08 AM,KXATPMATCH-26APR18JODFIL-FIL,59,7997,58,13532,57,12275,56,5631,55,1,60,3001,61,62023,62,26334,63,11226,64,2,59.5
2026-04-18 12:17:08 AM,KXATPMATCH-26APR18JODFIL-FIL,59,7997,58,13532,57,12275,56,5631,55,1,60,3001,61,65075,62,26334,63,11226,64,2,59.5
2026-04-18 12:17:08 AM,KXATPMATCH-26APR18JODFIL-FIL,59,7997,58,13532,57,12275,56,5631,55,1,60,3001,61,65075,62,23282,63,11226,64,2,59.5
2026-04-18 12:21:22 AM,KXATPMATCH-26APR18JODFIL-FIL,59,7997,58,13532,57,12275,56,5631,55,1,60,2970,61,65075,62,23282,63,11226,64,2,59.5
2026-04-18 12:21:24 AM,KXATPMATCH-26APR18JODFIL-FIL,59,7879,58,13532,57,12275,56,5631,55,1,60,2970,61,65075,62,23282,63,11226,64,2,59.5
2026-04-18 12:21:24 AM,KXATPMATCH-26APR18JODFIL-FIL,59,7997,58,13532,57,12275,56,5631,55,1,60,2970,61,65075,62,23282,63,11226,64,2,59.5
2026-04-18 12:21:24 AM,KXATPMATCH-26APR18JODFIL-FIL,59,7997,58,13532,57,9223,56,5631,55,1,60,2970,61,65075,62,23282,63,11226,64,2,59.5
2026-04-18 12:21:24 AM,KXATPMATCH-26APR18JODFIL-FIL,59,7997,58,13532,57,12275,56,5631,55,1,60,2970,61,65075,62,23282,63,11226,64,2,59.5
2026-04-18 12:21:28 AM,KXATPMATCH-26APR18JODFIL-FIL,59,7997,58,13532,57,12275,56,5631,55,1,60,2809,61,65075,62,23282,63,11226,64,2,59.5
2026-04-18 12:21:28 AM,KXATPMATCH-26APR18JODFIL-FIL,59,7997,58,13532,57,12275,56,5631,55,1,60,1,61,65075,62,23282,63,11226,64,2,59.5
2026-04-18 12:21:28 AM,KXATPMATCH-26APR18JODFIL-FIL,59,7997,58,13532,57,12275,56,5631,55,1,60,1,61,65075,62,26282,63,11226,64,2,59.5
2026-04-18 12:21:28 AM,KXATPMATCH-26APR18JODFIL-FIL,59,7997,58,13532,57,12275,56,5631,55,1,60,1,61,68075,62,26282,63,11226,64,2,59.5
2026-04-18 12:21:28 AM,KXATPMATCH-26APR18JODFIL-FIL,59,7997,58,13532,57,12275,56,5631,55,1,60,1,61,68075,62,29282,63,11226,64,2,59.5
2026-04-18 12:21:28 AM,KXATPMATCH-26APR18JODFIL-FIL,59,7997,58,13532,57,12275,56,5631,55,1,60,1,61,68075,62,32282,63,11226,64,2,59.5
2026-04-18 12:21:28 AM,KXATPMATCH-26APR18JODFIL-FIL,59,7997,58,13532,57,12275,56,5631,55,1,60,1,61,68075,62,35282,63,11226,64,2,59.5
2026-04-18 12:21:29 AM,KXATPMATCH-26APR18JODFIL-FIL,59,7879,58,13532,57,12275,56,5631,55,1,60,1,61,68075,62,35282,63,11226,64,2,59.5
2026-04-18 12:21:29 AM,KXATPMATCH-26APR18JODFIL-FIL,60,118,59,7879,58,13532,57,12275,56,5631,60,1,61,68075,62,35282,63,11226,64,2,60.0
2026-04-18 12:21:29 AM,KXATPMATCH-26APR18JODFIL-FIL,60,118,59,7879,58,13524,57,12275,56,5631,60,1,61,68075,62,35282,63,11226,64,2,60.0
2026-04-18 12:21:29 AM,KXATPMATCH-26APR18JODFIL-FIL,60,118,59,7867,58,13524,57,12275,56,5631,60,1,61,68075,62,35282,63,11226,64,2,60.0
2026-04-18 12:21:29 AM,KXATPMATCH-26APR18JODFIL-FIL,60,118,59,7867,58,13524,57,12275,56,5631,60,1,61,68075,62,35282,63,11217,64,2,60.0
2026-04-18 12:21:29 AM,KXATPMATCH-26APR18JODFIL-FIL,60,118,59,7867,58,13524,57,12275,56,5631,60,1,61,68075,62,35267,63,11217,64,2,60.0
2026-04-18 12:21:29 AM,KXATPMATCH-26APR18JODFIL-FIL,60,118,59,7867,58,13274,57,12275,56,5631,60,1,61,68075,62,35267,63,11217,64,2,60.0
2026-04-18 12:21:30 AM,KXATPMATCH-26APR18JODFIL-FIL,60,118,59,8117,58,13274,57,12275,56,5631,60,1,61,68075,62,35267,63,11217,64,2,60.0
2026-04-18 12:21:30 AM,KXATPMATCH-26APR18JODFIL-FIL,60,118,59,8117,58,13274,57,12275,56,5631,60,1,61,67825,62,35267,63,11217,64,2,60.0
2026-04-18 12:21:30 AM,KXATPMATCH-26APR18JODFIL-FIL,60,118,59,8117,58,13274,57,12275,56,5631,60,1,61,67825,62,35517,63,11217,64,2,60.0
2026-04-18 12:21:32 AM,KXATPMATCH-26APR18JODFIL-FIL,60,118,59,8117,58,13274,57,12275,56,5631,60,1,61,67825,62,32517,63,11217,64,2,60.0
2026-04-18 12:21:32 AM,KXATPMATCH-26APR18JODFIL-FIL,60,118,59,8117,58,13274,57,12275,56,5631,60,1,61,64825,62,32517,63,11217,64,2,60.0
2026-04-18 12:21:32 AM,KXATPMATCH-26APR18JODFIL-FIL,60,118,59,8117,58,13274,57,12275,56,5631,60,1,61,64825,62,29517,63,11217,64,2,60.0
2026-04-18 12:21:32 AM,KXATPMATCH-26APR18JODFIL-FIL,60,118,59,8117,58,13274,57,12275,56,5631,60,1,61,64825,62,26517,63,11217,64,2,60.0
2026-04-18 12:21:32 AM,KXATPMATCH-26APR18JODFIL-FIL,60,118,59,8117,58,13274,57,12275,56,5631,60,1,61,64825,62,23517,63,11217,64,2,60.0
2026-04-18 12:21:32 AM,KXATPMATCH-26APR18JODFIL-FIL,59,8117,58,13274,57,12275,56,5631,55,1,60,1,61,64825,62,23517,63,11217,64,2,59.5
2026-04-18 12:21:32 AM,KXATPMATCH-26APR18JODFIL-FIL,59,8117,58,13274,57,12275,56,5631,55,1,60,2883,61,64825,62,23517,63,11217,64,2,59.5
2026-04-18 12:21:32 AM,KXATPMATCH-26APR18JODFIL-FIL,59,8129,58,13274,57,12275,56,5631,55,1,60,2883,61,64825,62,23517,63,11217,64,2,59.5
2026-04-18 12:21:32 AM,KXATPMATCH-26APR18JODFIL-FIL,59,8129,58,13282,57,12275,56,5631,55,1,60,2883,61,64825,62,23517,63,11217,64,2,59.5
2026-04-18 12:21:32 AM,KXATPMATCH-26APR18JODFIL-FIL,59,8129,58,13282,57,12275,56,5631,55,1,60,2883,61,64825,62,23533,63,11217,64,2,59.5
2026-04-18 12:21:32 AM,KXATPMATCH-26APR18JODFIL-FIL,59,8129,58,13282,57,12275,56,5631,55,1,60,2883,61,64825,62,23533,63,11226,64,2,59.5
2026-04-18 12:21:32 AM,KXATPMATCH-26APR18JODFIL-FIL,59,8129,58,13282,57,12275,56,5631,55,1,60,1,61,64825,62,23533,63,11226,64,2,59.5
2026-04-18 12:21:32 AM,KXATPMATCH-26APR18JODFIL-FIL,59,8129,58,13282,57,12275,56,5631,55,1,60,1,61,64825,62,26533,63,11226,64,2,59.5
2026-04-18 12:21:32 AM,KXATPMATCH-26APR18JODFIL-FIL,59,8129,58,13282,57,12275,56,5631,55,1,60,1,61,64825,62,29533,63,11226,64,2,59.5
2026-04-18 12:21:32 AM,KXATPMATCH-26APR18JODFIL-FIL,59,8129,58,13282,57,12275,56,5631,55,1,60,1,61,64825,62,32533,63,11226,64,2,59.5
2026-04-18 12:21:32 AM,KXATPMATCH-26APR18JODFIL-FIL,59,8129,58,13282,57,12275,56,5631,55,1,60,1,61,64825,62,35533,63,11226,64,2,59.5
2026-04-18 12:21:32 AM,KXATPMATCH-26APR18JODFIL-FIL,59,8129,58,13282,57,12275,56,5631,55,1,60,1,61,67825,62,35533,63,11226,64,2,59.5
2026-04-18 12:21:33 AM,KXATPMATCH-26APR18JODFIL-FIL,59,7879,58,13282,57,12275,56,5631,55,1,60,1,61,67825,62,35533,63,11226,64,2,59.5
2026-04-18 12:21:33 AM,KXATPMATCH-26APR18JODFIL-FIL,59,7879,58,13532,57,12275,56,5631,55,1,60,1,61,67825,62,35533,63,11226,64,2,59.5
2026-04-18 12:21:33 AM,KXATPMATCH-26APR18JODFIL-FIL,59,7879,58,13532,57,12275,56,5631,55,1,60,1,61,67825,62,35283,63,11226,64,2,59.5
2026-04-18 12:21:33 AM,KXATPMATCH-26APR18JODFIL-FIL,59,7879,58,13532,57,12275,56,5631,55,1,60,1,61,68075,62,35283,63,11226,64,2,59.5
2026-04-18 12:21:33 AM,KXATPMATCH-26APR18JODFIL-FIL,59,7879,58,13532,57,12275,56,5631,55,1,60,1,61,68075,62,35401,63,11226,64,2,59.5
2026-04-18 12:21:43 AM,KXATPMATCH-26APR18JODFIL-FIL,59,7879,58,13532,57,12275,56,5631,55,1,60,1,61,68075,62,32401,63,11226,64,2,59.5
2026-04-18 12:21:43 AM,KXATPMATCH-26APR18JODFIL-FIL,59,7879,58,13532,57,12275,56,5631,55,1,60,1,61,68075,62,29401,63,11226,64,2,59.5
2026-04-18 12:21:43 AM,KXATPMATCH-26APR18JODFIL-FIL,59,7879,58,13532,57,12275,56,5631,55,1,60,1,61,65075,62,29401,63,11226,64,2,59.5
2026-04-18 12:21:43 AM,KXATPMATCH-26APR18JODFIL-FIL,59,7879,58,13532,57,12275,56,5631,55,1,60,1,61,65075,62,26401,63,11226,64,2,59.5
2026-04-18 12:21:43 AM,KXATPMATCH-26APR18JODFIL-FIL,59,7879,58,13532,57,12275,56,5631,55,1,60,1,61,65075,62,23401,63,11226,64,2,59.5
2026-04-18 12:21:43 AM,KXATPMATCH-26APR18JODFIL-FIL,59,7879,58,13532,57,12275,56,5631,55,1,60,3001,61,65075,62,23401,63,11226,64,2,59.5
2026-04-18 12:22:52 AM,KXATPMATCH-26APR18JODFIL-FIL,59,7879,58,13532,57,12275,56,5631,55,1,60,3001,61,65075,62,23401,63,10426,64,2,59.5
2026-04-18 12:22:52 AM,KXATPMATCH-26APR18JODFIL-FIL,59,7855,58,13532,57,12275,56,5631,55,1,60,3001,61,65075,62,23401,63,10426,64,2,59.5
2026-04-18 12:22:52 AM,KXATPMATCH-26APR18JODFIL-FIL,59,7855,58,14332,57,12275,56,5631,55,1,60,3001,61,65075,62,23401,63,10426,64,2,59.5
2026-04-18 12:22:52 AM,KXATPMATCH-26APR18JODFIL-FIL,59,7855,58,14332,57,12275,56,5631,55,1,60,3001,61,65075,62,23418,63,10426,64,2,59.5
2026-04-18 12:22:52 AM,KXATPMATCH-26APR18JODFIL-FIL,59,7855,58,14332,57,12275,56,5631,55,1,60,3001,61,65082,62,23418,63,10426,64,2,59.5
2026-04-18 12:25:05 AM,KXATPMATCH-26APR18JODFIL-FIL,59,7855,58,14332,57,12275,56,5631,55,1,60,3000,61,65082,62,23418,63,10426,64,2,59.5
2026-04-18 12:26:30 AM,KXATPMATCH-26APR18JODFIL-FIL,59,7850,58,14332,57,12275,56,5631,55,1,60,3000,61,65082,62,23418,63,10426,64,2,59.5
2026-04-18 12:26:30 AM,KXATPMATCH-26APR18JODFIL-FIL,59,7850,58,14332,57,12275,56,5631,55,1,60,3000,61,65087,62,23418,63,10426,64,2,59.5
2026-04-18 12:27:30 AM,KXATPMATCH-26APR18JODFIL-FIL,59,7850,58,14332,57,12275,56,5631,55,1,60,581,61,65087,62,23418,63,10426,64,2,59.5
2026-04-18 12:27:31 AM,KXATPMATCH-26APR18JODFIL-FIL,59,7850,58,14332,57,12275,56,5631,55,1,60,2,61,65087,62,23418,63,10426,64,2,59.5
2026-04-18 12:27:31 AM,KXATPMATCH-26APR18JODFIL-FIL,59,7850,58,14332,57,12275,56,5631,55,1,60,2,61,68087,62,23418,63,10426,64,2,59.5
2026-04-18 12:27:31 AM,KXATPMATCH-26APR18JODFIL-FIL,59,7850,58,14332,57,12275,56,5631,55,1,60,2,61,68087,62,26418,63,10426,64,2,59.5
2026-04-18 12:27:31 AM,KXATPMATCH-26APR18JODFIL-FIL,59,7850,58,14332,57,12275,56,5631,55,1,60,2,61,68087,62,29418,63,10426,64,2,59.5
2026-04-18 12:27:31 AM,KXATPMATCH-26APR18JODFIL-FIL,59,7850,58,14332,57,12275,56,5631,55,1,60,2,61,68087,62,32418,63,10426,64,2,59.5
2026-04-18 12:27:31 AM,KXATPMATCH-26APR18JODFIL-FIL,59,7850,58,14332,57,12275,56,5631,55,1,60,2,61,68087,62,35418,63,10426,64,2,59.5
2026-04-18 12:27:52 AM,KXATPMATCH-26APR18JODFIL-FIL,59,7850,58,14332,57,12275,56,5631,55,1,60,2,61,68086,62,35418,63,10426,64,2,59.5
2026-04-18 12:28:12 AM,KXATPMATCH-26APR18JODFIL-FIL,59,7833,58,14332,57,12275,56,5631,55,1,60,2,61,68086,62,35418,63,10426,64,2,59.5
2026-04-18 12:28:12 AM,KXATPMATCH-26APR18JODFIL-FIL,59,7833,58,14332,57,12275,56,5631,55,1,60,2,61,68103,62,35418,63,10426,64,2,59.5
2026-04-18 12:29:22 AM,KXATPMATCH-26APR18JODFIL-FIL,59,7833,58,14332,57,12275,56,5631,55,1,60,2,61,68103,62,35418,63,10476,64,2,59.5
2026-04-18 12:29:35 AM,KXATPMATCH-26APR18JODFIL-FIL,59,7833,58,14332,57,12275,56,5631,55,1,60,2,61,68086,62,35418,63,10476,64,2,59.5
2026-04-18 12:29:35 AM,KXATPMATCH-26APR18JODFIL-FIL,59,7766,58,14332,57,12275,56,5631,55,1,60,2,61,68086,62,35418,63,10476,64,2,59.5
2026-04-18 12:29:35 AM,KXATPMATCH-26APR18JODFIL-FIL,59,7766,58,14332,57,12275,56,5631,55,1,60,2,61,68170,62,35418,63,10476,64,2,59.5
2026-04-18 12:29:54 AM,KXATPMATCH-26APR18JODFIL-FIL,59,7766,58,14332,57,12275,56,5631,55,1,60,2,61,68086,62,35418,63,10476,64,2,59.5
2026-04-18 12:29:54 AM,KXATPMATCH-26APR18JODFIL-FIL,59,7749,58,14332,57,12275,56,5631,55,1,60,2,61,68086,62,35418,63,10476,64,2,59.5
2026-04-18 12:29:54 AM,KXATPMATCH-26APR18JODFIL-FIL,59,7749,58,14332,57,12275,56,5631,55,1,60,2,61,68187,62,35418,63,10476,64,2,59.5
2026-04-18 12:30:41 AM,KXATPMATCH-26APR18JODFIL-FIL,59,7849,58,14332,57,12275,56,5631,55,1,60,2,61,68187,62,35418,63,10476,64,2,59.5
2026-04-18 12:30:57 AM,KXATPMATCH-26APR18JODFIL-FIL,59,7789,58,14332,57,12275,56,5631,55,1,60,2,61,68187,62,35418,63,10476,64,2,59.5
2026-04-18 12:32:46 AM,KXATPMATCH-26APR18JODFIL-FIL,59,7789,58,14332,57,12275,56,5631,55,1,60,2,61,68086,62,35418,63,10476,64,2,59.5
2026-04-18 12:32:46 AM,KXATPMATCH-26APR18JODFIL-FIL,59,7758,58,14332,57,12275,56,5631,55,1,60,2,61,68086,62,35418,63,10476,64,2,59.5
2026-04-18 12:32:46 AM,KXATPMATCH-26APR18JODFIL-FIL,59,7758,58,14332,57,12275,56,5631,55,1,60,2,61,68218,62,35418,63,10476,64,2,59.5
2026-04-18 12:32:58 AM,KXATPMATCH-26APR18JODFIL-FIL,59,7758,58,14332,57,9223,56,5631,55,1,60,2,61,68218,62,35418,63,10476,64,2,59.5
2026-04-18 12:32:59 AM,KXATPMATCH-26APR18JODFIL-FIL,59,7758,58,14332,57,12275,56,5631,55,1,60,2,61,68218,62,35418,63,10476,64,2,59.5
2026-04-18 12:33:25 AM,KXATPMATCH-26APR18JODFIL-FIL,59,7758,58,14332,57,12275,56,5631,55,1,60,2,61,68203,62,35418,63,10476,64,2,59.5
2026-04-18 12:34:26 AM,KXATPMATCH-26APR18JODFIL-FIL,59,7758,58,14332,57,12275,56,5631,55,1,60,2,61,68071,62,35418,63,10476,64,2,59.5
2026-04-18 12:34:26 AM,KXATPMATCH-26APR18JODFIL-FIL,59,7585,58,14332,57,12275,56,5631,55,1,60,2,61,68071,62,35418,63,10476,64,2,59.5
2026-04-18 12:34:26 AM,KXATPMATCH-26APR18JODFIL-FIL,59,7585,58,14332,57,12275,56,5631,55,1,60,2,61,68376,62,35418,63,10476,64,2,59.5
2026-04-18 12:34:38 AM,KXATPMATCH-26APR18JODFIL-FIL,59,7585,58,14332,57,12275,56,5631,55,1,60,2,61,68071,62,35418,63,10476,64,2,59.5
2026-04-18 12:34:38 AM,KXATPMATCH-26APR18JODFIL-FIL,59,7527,58,14332,57,12275,56,5631,55,1,60,2,61,68071,62,35418,63,10476,64,2,59.5
2026-04-18 12:34:38 AM,KXATPMATCH-26APR18JODFIL-FIL,59,7527,58,14332,57,12275,56,5631,55,1,60,2,61,68434,62,35418,63,10476,64,2,59.5
2026-04-18 12:34:41 AM,KXATPMATCH-26APR18JODFIL-FIL,59,7527,58,17384,57,12275,56,5631,55,1,60,2,61,68434,62,35418,63,10476,64,2,59.5
2026-04-18 12:34:41 AM,KXATPMATCH-26APR18JODFIL-FIL,59,7527,58,17384,57,12275,56,5631,55,1,60,2,61,68434,62,38470,63,10476,64,2,59.5
2026-04-18 12:34:41 AM,KXATPMATCH-26APR18JODFIL-FIL,59,7527,58,17384,57,12275,56,5631,55,1,60,2,61,65382,62,38470,63,10476,64,2,59.5
2026-04-18 12:34:41 AM,KXATPMATCH-26APR18JODFIL-FIL,59,7527,58,17384,57,9223,56,5631,55,1,60,2,61,65382,62,38470,63,10476,64,2,59.5
2026-04-18 12:34:49 AM,KXATPMATCH-26APR18JODFIL-FIL,59,7527,58,14332,57,9223,56,5631,55,1,60,2,61,65382,62,38470,63,10476,64,2,59.5
2026-04-18 12:34:49 AM,KXATPMATCH-26APR18JODFIL-FIL,59,7527,58,14332,57,9223,56,5631,55,1,60,2,61,68434,62,38470,63,10476,64,2,59.5
2026-04-18 12:34:49 AM,KXATPMATCH-26APR18JODFIL-FIL,59,7527,58,14332,57,12275,56,5631,55,1,60,2,61,68434,62,38470,63,10476,64,2,59.5
2026-04-18 12:34:49 AM,KXATPMATCH-26APR18JODFIL-FIL,59,7527,58,14332,57,12275,56,5631,55,1,60,2,61,68434,62,35418,63,10476,64,2,59.5
2026-04-18 12:37:35 AM,KXATPMATCH-26APR18JODFIL-FIL,59,7527,58,14332,57,12275,56,5631,55,1,60,2,61,68071,62,35418,63,10476,64,2,59.5
2026-04-18 12:37:35 AM,KXATPMATCH-26APR18JODFIL-FIL,59,7492,58,14332,57,12275,56,5631,55,1,60,2,61,68071,62,35418,63,10476,64,2,59.5
2026-04-18 12:37:35 AM,KXATPMATCH-26APR18JODFIL-FIL,59,7492,58,14332,57,12275,56,5631,55,1,60,2,61,68469,62,35418,63,10476,64,2,59.5
2026-04-18 12:37:49 AM,KXATPMATCH-26APR18JODFIL-FIL,59,7492,58,14332,57,12275,56,5631,55,1,60,2,61,68419,62,35418,63,10476,64,2,59.5
2026-04-18 12:38:00 AM,KXATPMATCH-26APR18JODFIL-FIL,59,7492,58,14332,57,12275,56,5631,55,1,60,2,61,68021,62,35418,63,10476,64,2,59.5
2026-04-18 12:38:00 AM,KXATPMATCH-26APR18JODFIL-FIL,59,7258,58,14332,57,12275,56,5631,55,1,60,2,61,68021,62,35418,63,10476,64,2,59.5
2026-04-18 12:38:00 AM,KXATPMATCH-26APR18JODFIL-FIL,59,7258,58,14332,57,12275,56,5631,55,1,60,2,61,68653,62,35418,63,10476,64,2,59.5
2026-04-18 12:40:17 AM,KXATPMATCH-26APR18JODFIL-FIL,59,7258,58,14332,57,12275,56,5631,55,1,60,2,61,68021,62,35418,63,10476,64,2,59.5
2026-04-18 12:40:17 AM,KXATPMATCH-26APR18JODFIL-FIL,59,7255,58,14332,57,12275,56,5631,55,1,60,2,61,68021,62,35418,63,10476,64,2,59.5
2026-04-18 12:40:17 AM,KXATPMATCH-26APR18JODFIL-FIL,59,7255,58,14332,57,12275,56,5631,55,1,60,2,61,68656,62,35418,63,10476,64,2,59.5
2026-04-18 12:40:57 AM,KXATPMATCH-26APR18JODFIL-FIL,59,7255,58,14332,57,12275,56,5631,55,1,60,2,61,72035,62,35418,63,10476,64,2,59.5
2026-04-18 12:40:58 AM,KXATPMATCH-26APR18JODFIL-FIL,59,1649,58,14332,57,12275,56,5631,55,1,60,2,61,72035,62,35418,63,10476,64,2,59.5
2026-04-18 12:40:58 AM,KXATPMATCH-26APR18JODFIL-FIL,59,1649,58,13914,57,12275,56,5631,55,1,60,2,61,72035,62,35418,63,10476,64,2,59.5
2026-04-18 12:40:58 AM,KXATPMATCH-26APR18JODFIL-FIL,59,1649,58,13860,57,12275,56,5631,55,1,60,2,61,72035,62,35418,63,10476,64,2,59.5
2026-04-18 12:40:58 AM,KXATPMATCH-26APR18JODFIL-FIL,59,1649,58,13860,57,12275,56,5631,55,1,60,2,61,71400,62,35418,63,10476,64,2,59.5
2026-04-18 12:40:58 AM,KXATPMATCH-26APR18JODFIL-FIL,59,1517,58,13860,57,12275,56,5631,55,1,60,2,61,71400,62,35418,63,10476,64,2,59.5
2026-04-18 12:40:58 AM,KXATPMATCH-26APR18JODFIL-FIL,59,1517,58,13860,57,12275,56,5631,55,1,60,2,61,72167,62,35418,63,10476,64,2,59.5
2026-04-18 12:40:58 AM,KXATPMATCH-26APR18JODFIL-FIL,59,1517,58,13859,57,12275,56,5631,55,1,60,2,61,72167,62,35418,63,10476,64,2,59.5
