ts_et,ticker,bid_1,bid_1_sz,bid_2,bid_2_sz,bid_3,bid_3_sz,bid_4,bid_4_sz,bid_5,bid_5_sz,ask_1,ask_1_sz,ask_2,ask_2_sz,ask_3,ask_3_sz,ask_4,ask_4_sz,ask_5,ask_5_sz,mid
2026-04-17 09:43:06 PM,KXATPCHALLENGERMATCH-26APR17TULBRO-BRO,46,837,45,1713,44,1295,43,6916,42,5765,48,480,49,8603,50,6862,51,2269,52,800,47.0
2026-04-17 09:44:59 PM,KXATPCHALLENGERMATCH-26APR17TULBRO-BRO,46,837,45,1713,44,1295,43,6916,42,5765,48,520,49,8603,50,6862,51,2269,52,800,47.0
2026-04-17 09:46:35 PM,KXATPCHALLENGERMATCH-26APR17TULBRO-BRO,46,37,45,1713,44,1295,43,6916,42,5765,48,520,49,8603,50,6862,51,2269,52,800,47.0
2026-04-17 09:46:35 PM,KXATPCHALLENGERMATCH-26APR17TULBRO-BRO,46,37,45,1713,44,495,43,6916,42,5765,48,520,49,8603,50,6862,51,2269,52,800,47.0
2026-04-17 09:46:35 PM,KXATPCHALLENGERMATCH-26APR17TULBRO-BRO,46,37,45,2513,44,495,43,6916,42,5765,48,520,49,8603,50,6862,51,2269,52,800,47.0
2026-04-17 09:46:35 PM,KXATPCHALLENGERMATCH-26APR17TULBRO-BRO,46,37,45,2513,44,495,43,6916,42,6565,48,520,49,8603,50,6862,51,2269,52,800,47.0
2026-04-17 09:47:25 PM,KXATPCHALLENGERMATCH-26APR17TULBRO-BRO,46,37,45,2513,44,495,43,6916,42,6565,48,520,49,8603,50,6890,51,2269,52,800,47.0
2026-04-17 09:47:25 PM,KXATPCHALLENGERMATCH-26APR17TULBRO-BRO,46,37,45,2513,44,951,43,6916,42,6565,48,520,49,8603,50,6890,51,2269,52,800,47.0
2026-04-17 09:47:25 PM,KXATPCHALLENGERMATCH-26APR17TULBRO-BRO,46,37,45,2513,44,951,43,6916,42,6565,48,976,49,8603,50,6890,51,2269,52,800,47.0
2026-04-17 09:47:25 PM,KXATPCHALLENGERMATCH-26APR17TULBRO-BRO,46,37,45,2057,44,951,43,6916,42,6565,48,976,49,8603,50,6890,51,2269,52,800,47.0
2026-04-17 09:47:25 PM,KXATPCHALLENGERMATCH-26APR17TULBRO-BRO,46,37,45,2057,44,951,43,6916,42,6565,48,936,49,8603,50,6890,51,2269,52,800,47.0
2026-04-17 09:47:25 PM,KXATPCHALLENGERMATCH-26APR17TULBRO-BRO,46,37,45,2057,44,951,43,6916,42,6565,48,936,49,8365,50,6890,51,2269,52,800,47.0
2026-04-17 09:47:25 PM,KXATPCHALLENGERMATCH-26APR17TULBRO-BRO,46,37,45,2057,44,951,43,6916,42,6565,48,936,49,8334,50,6890,51,2269,52,800,47.0
2026-04-17 09:47:26 PM,KXATPCHALLENGERMATCH-26APR17TULBRO-BRO,46,37,45,2057,44,951,43,1916,42,6565,48,936,49,8334,50,6890,51,2269,52,800,47.0
2026-04-17 09:47:28 PM,KXATPCHALLENGERMATCH-26APR17TULBRO-BRO,46,37,45,2057,44,951,43,1916,42,6565,48,976,49,8334,50,6890,51,2269,52,800,47.0
2026-04-17 09:48:47 PM,KXATPCHALLENGERMATCH-26APR17TULBRO-BRO,46,37,45,2057,44,951,43,1916,42,6565,48,976,49,7534,50,6890,51,2269,52,800,47.0
2026-04-17 09:48:47 PM,KXATPCHALLENGERMATCH-26APR17TULBRO-BRO,46,37,45,2057,44,951,43,1916,42,6565,48,976,49,7534,50,6890,51,2269,54,1196,47.0
2026-04-17 09:48:47 PM,KXATPCHALLENGERMATCH-26APR17TULBRO-BRO,46,37,45,2057,44,951,43,1916,42,6565,48,1776,49,7534,50,6890,51,2269,54,1196,47.0
2026-04-17 09:48:47 PM,KXATPCHALLENGERMATCH-26APR17TULBRO-BRO,46,37,45,2057,44,951,43,1916,42,6565,48,1776,49,7534,50,7690,51,2269,54,1196,47.0
2026-04-17 09:49:16 PM,KXATPCHALLENGERMATCH-26APR17TULBRO-BRO,46,37,45,2057,44,951,43,1916,42,6565,48,1775,49,7534,50,7690,51,2269,54,1196,47.0
2026-04-17 09:49:16 PM,KXATPCHALLENGERMATCH-26APR17TULBRO-BRO,46,37,45,2057,44,951,43,1916,42,6565,48,1775,49,7534,50,7690,51,2269,54,1756,47.0
2026-04-17 09:49:16 PM,KXATPCHALLENGERMATCH-26APR17TULBRO-BRO,46,37,45,2057,44,951,43,1916,42,6565,48,1775,49,7534,50,7690,51,2269,54,2626,47.0
2026-04-17 09:49:54 PM,KXATPCHALLENGERMATCH-26APR17TULBRO-BRO,46,37,45,2057,44,951,43,1916,42,6565,48,1765,49,7534,50,7690,51,2269,54,2626,47.0
2026-04-17 09:50:46 PM,KXATPCHALLENGERMATCH-26APR17TULBRO-BRO,46,37,45,2057,44,951,43,1916,42,6565,48,1759,49,7534,50,7690,51,2269,54,2626,47.0
2026-04-17 09:51:03 PM,KXATPCHALLENGERMATCH-26APR17TULBRO-BRO,46,37,45,2057,44,951,43,1916,42,6565,48,2259,49,7534,50,7690,51,2269,54,2626,47.0
2026-04-17 09:53:28 PM,KXATPCHALLENGERMATCH-26APR17TULBRO-BRO,46,37,45,2057,44,951,43,1916,42,6565,48,2159,49,7534,50,7690,51,2269,54,2626,47.0
2026-04-17 09:53:52 PM,KXATPCHALLENGERMATCH-26APR17TULBRO-BRO,46,32,45,2057,44,951,43,1916,42,6565,48,2159,49,7534,50,7690,51,2269,54,2626,47.0
2026-04-17 09:53:52 PM,KXATPCHALLENGERMATCH-26APR17TULBRO-BRO,46,20,45,2057,44,951,43,1916,42,6565,48,2159,49,7534,50,7690,51,2269,54,2626,47.0
2026-04-17 09:53:52 PM,KXATPCHALLENGERMATCH-26APR17TULBRO-BRO,46,10,45,2057,44,951,43,1916,42,6565,48,2159,49,7534,50,7690,51,2269,54,2626,47.0
2026-04-17 09:53:52 PM,KXATPCHALLENGERMATCH-26APR17TULBRO-BRO,45,2057,44,951,43,1916,42,6565,41,5400,48,2159,49,7534,50,7690,51,2269,54,2626,46.5
2026-04-17 09:53:52 PM,KXATPCHALLENGERMATCH-26APR17TULBRO-BRO,45,1653,44,951,43,1916,42,6565,41,5400,48,2159,49,7534,50,7690,51,2269,54,2626,46.5
2026-04-17 09:53:52 PM,KXATPCHALLENGERMATCH-26APR17TULBRO-BRO,45,1653,44,951,43,1916,42,6565,41,5400,48,2159,49,7534,50,7680,51,2269,54,2626,46.5
2026-04-17 09:53:52 PM,KXATPCHALLENGERMATCH-26APR17TULBRO-BRO,45,1653,44,951,43,1916,42,6565,41,5400,48,2159,49,7517,50,7680,51,2269,54,2626,46.5
2026-04-17 09:53:52 PM,KXATPCHALLENGERMATCH-26APR17TULBRO-BRO,46,8,45,1653,44,951,43,1916,42,6565,48,2159,49,7517,50,7680,51,2269,54,2626,47.0
2026-04-17 09:53:52 PM,KXATPCHALLENGERMATCH-26APR17TULBRO-BRO,46,8,45,1653,44,951,43,1916,42,6565,48,2170,49,7517,50,7680,51,2269,54,2626,47.0
2026-04-17 09:53:52 PM,KXATPCHALLENGERMATCH-26APR17TULBRO-BRO,46,8,45,1653,44,951,43,1916,42,6565,48,2642,49,7517,50,7680,51,2269,54,2626,47.0
2026-04-17 09:53:53 PM,KXATPCHALLENGERMATCH-26APR17TULBRO-BRO,46,8,45,1653,44,951,43,1916,42,6565,48,2642,49,7527,50,7680,51,2269,54,2626,47.0
2026-04-17 09:54:21 PM,KXATPCHALLENGERMATCH-26APR17TULBRO-BRO,46,8,45,1653,44,951,43,1916,42,6565,48,2280,49,7527,50,7680,51,2269,54,2626,47.0
2026-04-17 09:54:21 PM,KXATPCHALLENGERMATCH-26APR17TULBRO-BRO,46,8,45,1653,44,951,43,1916,42,6565,48,2241,49,7527,50,7680,51,2269,54,2626,47.0
2026-04-17 09:54:32 PM,KXATPCHALLENGERMATCH-26APR17TULBRO-BRO,46,8,45,1853,44,951,43,1916,42,6565,48,2241,49,7527,50,7680,51,2269,54,2626,47.0
2026-04-17 09:54:33 PM,KXATPCHALLENGERMATCH-26APR17TULBRO-BRO,46,8,45,1853,44,951,43,1916,42,6565,48,2431,49,7527,50,7680,51,2269,54,2626,47.0
2026-04-17 09:54:33 PM,KXATPCHALLENGERMATCH-26APR17TULBRO-BRO,46,8,45,1853,44,951,43,1916,42,6565,48,2468,49,7527,50,7680,51,2269,54,2626,47.0
2026-04-17 09:54:33 PM,KXATPCHALLENGERMATCH-26APR17TULBRO-BRO,46,8,45,1853,44,976,43,1916,42,6565,48,2468,49,7527,50,7680,51,2269,54,2626,47.0
2026-04-17 09:55:00 PM,KXATPCHALLENGERMATCH-26APR17TULBRO-BRO,46,8,45,1853,44,976,43,1916,42,6565,48,2478,49,7527,50,7680,51,2269,54,2626,47.0
2026-04-17 09:55:00 PM,KXATPCHALLENGERMATCH-26APR17TULBRO-BRO,46,8,45,1853,44,976,43,1916,42,6565,48,2488,49,7527,50,7680,51,2269,54,2626,47.0
2026-04-17 09:55:07 PM,KXATPCHALLENGERMATCH-26APR17TULBRO-BRO,46,8,45,1853,44,976,43,1916,42,6565,48,2298,49,7527,50,7680,51,2269,54,2626,47.0
2026-04-17 09:55:17 PM,KXATPCHALLENGERMATCH-26APR17TULBRO-BRO,46,8,45,1853,44,976,43,1916,42,6565,48,3298,49,7527,50,7680,51,2269,54,2626,47.0
2026-04-17 09:55:20 PM,KXATPCHALLENGERMATCH-26APR17TULBRO-BRO,46,8,45,1853,44,976,43,1916,42,6565,48,3198,49,7527,50,7680,51,2269,54,2626,47.0
2026-04-17 09:55:27 PM,KXATPCHALLENGERMATCH-26APR17TULBRO-BRO,46,38,45,1853,44,976,43,1916,42,6565,48,3198,49,7527,50,7680,51,2269,54,2626,47.0
2026-04-17 09:55:29 PM,KXATPCHALLENGERMATCH-26APR17TULBRO-BRO,46,38,45,1853,44,976,43,1916,42,6565,48,3198,49,7527,50,8180,51,2269,54,2626,47.0
2026-04-17 09:55:29 PM,KXATPCHALLENGERMATCH-26APR17TULBRO-BRO,46,8,45,1853,44,976,43,1916,42,6565,48,3198,49,7527,50,8180,51,2269,54,2626,47.0
2026-04-17 09:55:29 PM,KXATPCHALLENGERMATCH-26APR17TULBRO-BRO,46,8,45,1853,44,976,43,1916,42,6565,48,3198,49,7527,50,8180,51,2269,53,5000,47.0
2026-04-17 09:55:29 PM,KXATPCHALLENGERMATCH-26APR17TULBRO-BRO,46,8,45,1853,44,976,43,1916,42,6565,48,3198,49,2527,50,8180,51,2269,53,5000,47.0
2026-04-17 09:55:29 PM,KXATPCHALLENGERMATCH-26APR17TULBRO-BRO,46,8,45,1853,44,976,43,1916,42,6565,48,3198,49,2527,50,3180,51,2269,53,5000,47.0
2026-04-17 09:55:29 PM,KXATPCHALLENGERMATCH-26APR17TULBRO-BRO,46,8,45,1853,44,976,43,1916,42,6565,48,3198,49,2527,50,3180,51,2269,53,9763,47.0
2026-04-17 09:55:29 PM,KXATPCHALLENGERMATCH-26APR17TULBRO-BRO,46,8,45,1853,44,976,43,1916,42,6565,48,3198,49,2527,50,3180,51,2269,53,14627,47.0
2026-04-17 09:55:29 PM,KXATPCHALLENGERMATCH-26APR17TULBRO-BRO,46,8,45,1853,44,976,43,1916,42,6565,48,3198,49,2527,50,3180,51,2269,53,9627,47.0
2026-04-17 09:55:29 PM,KXATPCHALLENGERMATCH-26APR17TULBRO-BRO,46,8,45,1653,44,976,43,1916,42,6565,48,3198,49,2527,50,3180,51,2269,53,9627,47.0
2026-04-17 09:55:32 PM,KXATPCHALLENGERMATCH-26APR17TULBRO-BRO,46,8,45,1653,44,976,43,1916,42,6565,48,3198,49,2527,50,3180,51,2269,52,362,47.0
2026-04-17 09:56:02 PM,KXATPCHALLENGERMATCH-26APR17TULBRO-BRO,46,8,45,1653,44,976,43,1916,42,6565,48,3198,49,2527,50,3180,51,2269,54,1756,47.0
2026-04-17 09:56:02 PM,KXATPCHALLENGERMATCH-26APR17TULBRO-BRO,46,8,45,1653,44,976,43,1916,42,6565,48,3198,49,2527,50,3180,51,2269,54,2626,47.0
2026-04-17 09:56:02 PM,KXATPCHALLENGERMATCH-26APR17TULBRO-BRO,46,8,45,1653,44,976,43,1916,42,6565,48,3198,49,2527,50,8180,51,2269,54,2626,47.0
2026-04-17 09:56:02 PM,KXATPCHALLENGERMATCH-26APR17TULBRO-BRO,46,8,45,1653,44,976,43,1916,42,6565,48,3198,49,2527,50,8180,51,7269,54,2626,47.0
2026-04-17 09:56:40 PM,KXATPCHALLENGERMATCH-26APR17TULBRO-BRO,46,8,45,853,44,976,43,1916,42,6565,48,3198,49,2527,50,8180,51,7269,54,2626,47.0
2026-04-17 09:56:40 PM,KXATPCHALLENGERMATCH-26APR17TULBRO-BRO,46,8,45,853,44,976,43,1116,42,6565,48,3198,49,2527,50,8180,51,7269,54,2626,47.0
2026-04-17 09:56:40 PM,KXATPCHALLENGERMATCH-26APR17TULBRO-BRO,46,8,45,853,44,1776,43,1116,42,6565,48,3198,49,2527,50,8180,51,7269,54,2626,47.0
2026-04-17 09:56:44 PM,KXATPCHALLENGERMATCH-26APR17TULBRO-BRO,46,8,45,758,44,1776,43,1116,42,6565,48,3198,49,2527,50,8180,51,7269,54,2626,47.0
2026-04-17 09:59:03 PM,KXATPCHALLENGERMATCH-26APR17TULBRO-BRO,46,8,45,758,44,1776,43,1116,42,6565,48,3198,49,2527,50,8180,51,7269,54,3014,47.0
2026-04-17 09:59:25 PM,KXATPCHALLENGERMATCH-26APR17TULBRO-BRO,46,8,45,758,44,1776,43,1116,42,6565,48,3160,49,2527,50,8180,51,7269,54,3014,47.0
2026-04-17 09:59:25 PM,KXATPCHALLENGERMATCH-26APR17TULBRO-BRO,46,8,45,758,44,1776,43,1116,42,6565,48,3123,49,2527,50,8180,51,7269,54,3014,47.0
2026-04-17 09:59:25 PM,KXATPCHALLENGERMATCH-26APR17TULBRO-BRO,46,8,45,758,44,1751,43,1116,42,6565,48,3123,49,2527,50,8180,51,7269,54,3014,47.0
2026-04-17 09:59:34 PM,KXATPCHALLENGERMATCH-26APR17TULBRO-BRO,46,8,45,758,44,1751,43,1116,42,6565,48,3113,49,2527,50,8180,51,7269,54,3014,47.0
2026-04-17 10:00:02 PM,KXATPCHALLENGERMATCH-26APR17TULBRO-BRO,46,8,45,758,44,1751,43,1116,42,6565,48,3150,49,2527,50,8180,51,7269,54,3014,47.0
2026-04-17 10:00:02 PM,KXATPCHALLENGERMATCH-26APR17TULBRO-BRO,46,8,45,783,44,1751,43,1116,42,6565,48,3150,49,2527,50,8180,51,7269,54,3014,47.0
2026-04-17 10:01:23 PM,KXATPCHALLENGERMATCH-26APR17TULBRO-BRO,46,8,45,783,44,1751,43,1116,42,6565,48,2990,49,2527,50,8180,51,7269,54,3014,47.0
2026-04-17 10:01:23 PM,KXATPCHALLENGERMATCH-26APR17TULBRO-BRO,46,8,45,783,44,1751,43,1116,42,6565,48,2953,49,2527,50,8180,51,7269,54,3014,47.0
2026-04-17 10:01:23 PM,KXATPCHALLENGERMATCH-26APR17TULBRO-BRO,46,8,45,758,44,1751,43,1116,42,6565,48,2953,49,2527,50,8180,51,7269,54,3014,47.0
2026-04-17 10:01:23 PM,KXATPCHALLENGERMATCH-26APR17TULBRO-BRO,46,8,45,758,44,1751,43,1116,42,6565,48,3088,49,2527,50,8180,51,7269,54,3014,47.0
2026-04-17 10:01:23 PM,KXATPCHALLENGERMATCH-26APR17TULBRO-BRO,46,8,45,758,44,1751,43,6116,42,6565,48,3088,49,2527,50,8180,51,7269,54,3014,47.0
2026-04-17 10:01:27 PM,KXATPCHALLENGERMATCH-26APR17TULBRO-BRO,46,8,45,758,44,1751,43,6116,42,6565,48,3068,49,2527,50,8180,51,7269,54,3014,47.0
2026-04-17 10:01:27 PM,KXATPCHALLENGERMATCH-26APR17TULBRO-BRO,46,8,45,1219,44,1751,43,6116,42,6565,48,3068,49,2527,50,8180,51,7269,54,3014,47.0
2026-04-17 10:01:27 PM,KXATPCHALLENGERMATCH-26APR17TULBRO-BRO,46,8,45,1219,44,1751,43,6116,42,6565,48,3068,49,2564,50,8180,51,7269,54,3014,47.0
2026-04-17 10:01:29 PM,KXATPCHALLENGERMATCH-26APR17TULBRO-BRO,46,8,45,1219,44,1295,43,6116,42,6565,48,3068,49,2564,50,8180,51,7269,54,3014,47.0
2026-04-17 10:01:29 PM,KXATPCHALLENGERMATCH-26APR17TULBRO-BRO,46,8,45,1219,44,1295,43,6116,42,6565,48,3068,49,2527,50,8180,51,7269,54,3014,47.0
2026-04-17 10:01:29 PM,KXATPCHALLENGERMATCH-26APR17TULBRO-BRO,46,8,45,1219,44,1295,43,6116,42,6565,48,3105,49,2527,50,8180,51,7269,54,3014,47.0
2026-04-17 10:01:33 PM,KXATPCHALLENGERMATCH-26APR17TULBRO-BRO,46,8,45,1219,44,1295,43,6116,42,6565,48,3217,49,2527,50,8180,51,7269,54,3014,47.0
2026-04-17 10:01:38 PM,KXATPCHALLENGERMATCH-26APR17TULBRO-BRO,46,8,45,1219,44,1295,43,6116,42,6565,48,3887,49,2527,50,8180,51,7269,54,3014,47.0
2026-04-17 10:01:38 PM,KXATPCHALLENGERMATCH-26APR17TULBRO-BRO,46,8,45,1219,44,1295,43,6116,42,6565,48,3799,49,2527,50,8180,51,7269,54,3014,47.0
2026-04-17 10:01:38 PM,KXATPCHALLENGERMATCH-26APR17TULBRO-BRO,46,8,45,1219,44,1295,43,6116,42,6565,48,3664,49,2527,50,8180,51,7269,54,3014,47.0
2026-04-17 10:01:38 PM,KXATPCHALLENGERMATCH-26APR17TULBRO-BRO,46,8,45,1219,44,1295,43,6116,42,6565,48,3552,49,2527,50,8180,51,7269,54,3014,47.0
2026-04-17 10:01:42 PM,KXATPCHALLENGERMATCH-26APR17TULBRO-BRO,46,8,45,1219,44,1295,43,6116,42,6565,48,3889,49,2527,50,8180,51,7269,54,3014,47.0
2026-04-17 10:01:48 PM,KXATPCHALLENGERMATCH-26APR17TULBRO-BRO,46,8,45,1219,44,1295,43,6116,42,6565,48,3889,49,2527,50,8180,51,7269,54,3471,47.0
2026-04-17 10:01:57 PM,KXATPCHALLENGERMATCH-26APR17TULBRO-BRO,46,8,45,1219,44,1295,43,6116,42,6565,48,3889,49,2527,50,8180,51,7269,54,2601,47.0
2026-04-17 10:01:57 PM,KXATPCHALLENGERMATCH-26APR17TULBRO-BRO,46,8,45,1219,44,1295,43,6116,42,6565,48,3889,49,2527,50,8180,51,7269,53,726,47.0
2026-04-17 10:01:57 PM,KXATPCHALLENGERMATCH-26APR17TULBRO-BRO,46,8,45,1219,44,1320,43,6116,42,6565,48,3889,49,2527,50,8180,51,7269,53,726,47.0
2026-04-17 10:02:36 PM,KXATPCHALLENGERMATCH-26APR17TULBRO-BRO,46,8,45,1219,44,1781,43,6116,42,6565,48,3889,49,2527,50,8180,51,7269,53,726,47.0
2026-04-17 10:02:36 PM,KXATPCHALLENGERMATCH-26APR17TULBRO-BRO,46,8,45,758,44,1781,43,6116,42,6565,48,3889,49,2527,50,8180,51,7269,53,726,47.0
2026-04-17 10:02:36 PM,KXATPCHALLENGERMATCH-26APR17TULBRO-BRO,46,8,45,758,44,1756,43,6116,42,6565,48,3889,49,2527,50,8180,51,7269,53,726,47.0
2026-04-17 10:02:36 PM,KXATPCHALLENGERMATCH-26APR17TULBRO-BRO,46,8,45,758,44,1756,43,1116,42,6565,48,3889,49,2527,50,8180,51,7269,53,726,47.0
2026-04-17 10:02:38 PM,KXATPCHALLENGERMATCH-26APR17TULBRO-BRO,46,8,45,758,44,1295,43,1116,42,6565,48,3889,49,2527,50,8180,51,7269,53,726,47.0
2026-04-17 10:02:45 PM,KXATPCHALLENGERMATCH-26APR17TULBRO-BRO,46,8,45,758,44,1756,43,1116,42,6565,48,3889,49,2527,50,8180,51,7269,53,726,47.0
2026-04-17 10:02:45 PM,KXATPCHALLENGERMATCH-26APR17TULBRO-BRO,46,8,45,783,44,1756,43,1116,42,6565,48,3889,49,2527,50,8180,51,7269,53,726,47.0
2026-04-17 10:02:57 PM,KXATPCHALLENGERMATCH-26APR17TULBRO-BRO,46,8,45,783,44,1756,43,1048,42,6565,48,3889,49,2527,50,8180,51,7269,53,726,47.0
2026-04-17 10:02:57 PM,KXATPCHALLENGERMATCH-26APR17TULBRO-BRO,46,8,45,783,44,1618,43,1048,42,6565,48,3889,49,2527,50,8180,51,7269,53,726,47.0
2026-04-17 10:02:57 PM,KXATPCHALLENGERMATCH-26APR17TULBRO-BRO,46,8,45,783,44,1618,43,1048,42,6469,48,3889,49,2527,50,8180,51,7269,53,726,47.0
2026-04-17 10:02:57 PM,KXATPCHALLENGERMATCH-26APR17TULBRO-BRO,46,8,45,783,44,1531,43,1048,42,6469,48,3889,49,2527,50,8180,51,7269,53,726,47.0
2026-04-17 10:02:57 PM,KXATPCHALLENGERMATCH-26APR17TULBRO-BRO,46,8,45,783,44,1531,43,1018,42,6469,48,3889,49,2527,50,8180,51,7269,53,726,47.0
2026-04-17 10:02:57 PM,KXATPCHALLENGERMATCH-26APR17TULBRO-BRO,46,8,45,783,44,1531,43,1018,42,6469,47,670,48,3889,49,2527,50,8180,51,7269,46.5
2026-04-17 10:02:57 PM,KXATPCHALLENGERMATCH-26APR17TULBRO-BRO,46,8,45,772,44,1531,43,1018,42,6469,47,670,48,3889,49,2527,50,8180,51,7269,46.5
2026-04-17 10:02:57 PM,KXATPCHALLENGERMATCH-26APR17TULBRO-BRO,45,772,44,1531,43,1018,42,6469,41,6200,47,670,48,3889,49,2527,50,8180,51,7269,46.0
2026-04-17 10:02:57 PM,KXATPCHALLENGERMATCH-26APR17TULBRO-BRO,45,772,44,1531,43,1018,42,6469,41,6200,47,670,48,3878,49,2527,50,8180,51,7269,46.0
2026-04-17 10:02:57 PM,KXATPCHALLENGERMATCH-26APR17TULBRO-BRO,45,772,44,1531,43,1018,42,6469,41,6200,47,670,48,3878,49,2517,50,8180,51,7269,46.0
2026-04-17 10:02:57 PM,KXATPCHALLENGERMATCH-26APR17TULBRO-BRO,45,772,44,1531,43,1018,42,6469,41,6200,47,670,48,3841,49,2517,50,8180,51,7269,46.0
2026-04-17 10:02:57 PM,KXATPCHALLENGERMATCH-26APR17TULBRO-BRO,45,747,44,1531,43,1018,42,6469,41,6200,47,670,48,3841,49,2517,50,8180,51,7269,46.0
2026-04-17 10:02:57 PM,KXATPCHALLENGERMATCH-26APR17TULBRO-BRO,45,747,44,1531,43,1018,42,6469,41,6200,47,670,48,3801,49,2517,50,8180,51,7269,46.0
2026-04-17 10:02:57 PM,KXATPCHALLENGERMATCH-26APR17TULBRO-BRO,45,747,44,1531,43,1018,42,6469,41,6200,47,710,48,3801,49,2517,50,8180,51,7269,46.0
2026-04-17 10:04:10 PM,KXATPCHALLENGERMATCH-26APR17TULBRO-BRO,45,747,44,1531,43,1018,42,6469,41,6200,47,2710,48,3801,49,2517,50,8180,51,7269,46.0
2026-04-17 10:04:10 PM,KXATPCHALLENGERMATCH-26APR17TULBRO-BRO,45,747,44,1531,43,1018,42,6469,41,6200,47,2064,48,3801,49,2517,50,8180,51,7269,46.0
2026-04-17 10:04:10 PM,KXATPCHALLENGERMATCH-26APR17TULBRO-BRO,45,747,44,1531,43,1018,42,6469,41,6200,46,646,47,2064,48,3801,49,2517,50,8180,45.5
2026-04-17 10:04:28 PM,KXATPCHALLENGERMATCH-26APR17TULBRO-BRO,45,1,44,1531,43,1018,42,6469,41,6200,46,646,47,2064,48,3801,49,2517,50,8180,45.5
2026-04-17 10:04:29 PM,KXATPCHALLENGERMATCH-26APR17TULBRO-BRO,45,1,44,1531,43,1018,42,6469,41,6200,46,670,47,2064,48,3801,49,2517,50,8180,45.5
2026-04-17 10:04:44 PM,KXATPCHALLENGERMATCH-26APR17TULBRO-BRO,45,1,44,1383,43,1018,42,6469,41,6200,46,670,47,2064,48,3801,49,2517,50,8180,45.5
2026-04-17 10:04:44 PM,KXATPCHALLENGERMATCH-26APR17TULBRO-BRO,45,1,44,1281,43,1018,42,6469,41,6200,46,670,47,2064,48,3801,49,2517,50,8180,45.5
2026-04-17 10:04:44 PM,KXATPCHALLENGERMATCH-26APR17TULBRO-BRO,45,1,44,1271,43,1018,42,6469,41,6200,46,670,47,2064,48,3801,49,2517,50,8180,45.5
2026-04-17 10:04:44 PM,KXATPCHALLENGERMATCH-26APR17TULBRO-BRO,45,1,44,1261,43,1018,42,6469,41,6200,46,670,47,2064,48,3801,49,2517,50,8180,45.5
2026-04-17 10:04:44 PM,KXATPCHALLENGERMATCH-26APR17TULBRO-BRO,45,1,44,682,43,1018,42,6469,41,6200,46,670,47,2064,48,3801,49,2517,50,8180,45.5
2026-04-17 10:04:44 PM,KXATPCHALLENGERMATCH-26APR17TULBRO-BRO,45,1,44,462,43,1018,42,6469,41,6200,46,670,47,2064,48,3801,49,2517,50,8180,45.5
2026-04-17 10:04:44 PM,KXATPCHALLENGERMATCH-26APR17TULBRO-BRO,45,1,44,462,43,1018,42,5669,41,6200,46,670,47,2064,48,3801,49,2517,50,8180,45.5
2026-04-17 10:04:44 PM,KXATPCHALLENGERMATCH-26APR17TULBRO-BRO,45,1,44,462,43,1018,42,5669,41,6200,46,670,47,2064,48,3001,49,2517,50,8180,45.5
2026-04-17 10:04:44 PM,KXATPCHALLENGERMATCH-26APR17TULBRO-BRO,45,1,44,462,43,1018,42,5669,41,6200,46,670,47,2064,48,3001,49,2517,50,7380,45.5
2026-04-17 10:04:44 PM,KXATPCHALLENGERMATCH-26APR17TULBRO-BRO,45,1,44,462,43,1018,42,5669,41,5400,46,670,47,2064,48,3001,49,2517,50,7380,45.5
2026-04-17 10:04:45 PM,KXATPCHALLENGERMATCH-26APR17TULBRO-BRO,45,1,44,462,43,1018,42,5669,41,5400,46,670,47,2064,48,3001,49,7517,50,7380,45.5
2026-04-17 10:04:45 PM,KXATPCHALLENGERMATCH-26APR17TULBRO-BRO,45,1,44,1030,43,1018,42,5669,41,5400,46,670,47,2064,48,3001,49,7517,50,7380,45.5
2026-04-17 10:04:45 PM,KXATPCHALLENGERMATCH-26APR17TULBRO-BRO,45,1,44,1881,43,1018,42,5669,41,5400,46,670,47,2064,48,3001,49,7517,50,7380,45.5
2026-04-17 10:04:47 PM,KXATPCHALLENGERMATCH-26APR17TULBRO-BRO,45,1,44,1881,43,1018,42,5669,41,6200,46,670,47,2064,48,3001,49,7517,50,7380,45.5
2026-04-17 10:04:47 PM,KXATPCHALLENGERMATCH-26APR17TULBRO-BRO,45,1,44,1881,43,1018,42,6469,41,6200,46,670,47,2064,48,3001,49,7517,50,7380,45.5
2026-04-17 10:04:47 PM,KXATPCHALLENGERMATCH-26APR17TULBRO-BRO,45,1,44,2681,43,1018,42,6469,41,6200,46,670,47,2064,48,3001,49,7517,50,7380,45.5
2026-04-17 10:04:47 PM,KXATPCHALLENGERMATCH-26APR17TULBRO-BRO,45,1,44,2681,43,1018,42,6469,41,6200,46,670,47,2864,48,3001,49,7517,50,7380,45.5
2026-04-17 10:04:47 PM,KXATPCHALLENGERMATCH-26APR17TULBRO-BRO,45,1,44,2681,43,1018,42,6469,41,6200,46,670,47,2864,48,3001,49,7517,50,8180,45.5
2026-04-17 10:04:47 PM,KXATPCHALLENGERMATCH-26APR17TULBRO-BRO,45,1,44,2681,43,1018,42,6469,41,6200,46,670,47,2864,48,3001,49,8317,50,8180,45.5
2026-04-17 10:04:47 PM,KXATPCHALLENGERMATCH-26APR17TULBRO-BRO,45,1,44,2681,43,1018,42,6469,41,6200,46,670,47,2864,48,3001,49,8317,50,3180,45.5
2026-04-17 10:04:47 PM,KXATPCHALLENGERMATCH-26APR17TULBRO-BRO,45,1,44,2681,43,1018,42,6469,41,6200,46,670,47,2864,48,3001,49,3317,50,3180,45.5
2026-04-17 10:04:58 PM,KXATPCHALLENGERMATCH-26APR17TULBRO-BRO,45,1,44,2681,43,1018,42,6469,41,6200,46,670,47,2864,48,3001,49,3317,50,8180,45.5
2026-04-17 10:04:59 PM,KXATPCHALLENGERMATCH-26APR17TULBRO-BRO,45,1,44,2681,43,1018,42,6469,41,6200,46,461,47,2864,48,3001,49,3317,50,8180,45.5
2026-04-17 10:04:59 PM,KXATPCHALLENGERMATCH-26APR17TULBRO-BRO,45,1,44,2681,43,1018,42,6469,41,6200,46,508,47,2864,48,3001,49,3317,50,8180,45.5
2026-04-17 10:05:15 PM,KXATPCHALLENGERMATCH-26APR17TULBRO-BRO,45,1,44,2681,43,1018,42,6469,41,6200,46,468,47,2864,48,3001,49,3317,50,8180,45.5
2026-04-17 10:06:52 PM,KXATPCHALLENGERMATCH-26APR17TULBRO-BRO,45,1,44,2681,43,6018,42,6469,41,6200,46,468,47,2864,48,3001,49,3317,50,8180,45.5
2026-04-17 10:06:52 PM,KXATPCHALLENGERMATCH-26APR17TULBRO-BRO,45,1,44,2681,43,6018,42,6469,41,1200,46,468,47,2864,48,3001,49,3317,50,8180,45.5
2026-04-17 10:06:52 PM,KXATPCHALLENGERMATCH-26APR17TULBRO-BRO,45,1,44,2709,43,6018,42,6469,41,1200,46,468,47,2864,48,3001,49,3317,50,8180,45.5
2026-04-17 10:06:52 PM,KXATPCHALLENGERMATCH-26APR17TULBRO-BRO,45,1,44,2709,43,6023,42,6469,41,1200,46,468,47,2864,48,3001,49,3317,50,8180,45.5
2026-04-17 10:06:52 PM,KXATPCHALLENGERMATCH-26APR17TULBRO-BRO,45,1,44,2709,43,6023,42,6469,41,1200,46,468,47,2864,48,3012,49,3317,50,8180,45.5
2026-04-17 10:06:52 PM,KXATPCHALLENGERMATCH-26APR17TULBRO-BRO,45,1,44,2709,43,6023,42,6469,41,1200,46,468,47,2864,48,3012,49,3327,50,8180,45.5
2026-04-17 10:07:19 PM,KXATPCHALLENGERMATCH-26APR17TULBRO-BRO,45,1,44,2248,43,6023,42,6469,41,1200,46,468,47,2864,48,3012,49,3327,50,8180,45.5
2026-04-17 10:07:19 PM,KXATPCHALLENGERMATCH-26APR17TULBRO-BRO,45,1,44,2248,43,6028,42,6469,41,1200,46,468,47,2864,48,3012,49,3327,50,8180,45.5
2026-04-17 10:07:20 PM,KXATPCHALLENGERMATCH-26APR17TULBRO-BRO,45,1,44,2714,43,6028,42,6469,41,1200,46,468,47,2864,48,3012,49,3327,50,8180,45.5
2026-04-17 10:09:35 PM,KXATPCHALLENGERMATCH-26APR17TULBRO-BRO,45,1,44,2714,43,6028,42,6469,41,1200,46,468,47,2864,48,3012,49,3352,50,8180,45.5
2026-04-17 10:09:43 PM,KXATPCHALLENGERMATCH-26APR17TULBRO-BRO,45,1,44,2714,43,6028,42,6469,41,1200,46,466,47,2864,48,3012,49,3352,50,8180,45.5
2026-04-17 10:11:24 PM,KXATPCHALLENGERMATCH-26APR17TULBRO-BRO,45,1,44,2714,43,6028,42,6469,41,1200,46,152,47,2864,48,3012,49,3352,50,8180,45.5
2026-04-17 10:11:25 PM,KXATPCHALLENGERMATCH-26APR17TULBRO-BRO,45,1,44,2714,43,6028,42,6469,41,1200,46,152,47,2848,48,3012,49,3352,50,8180,45.5
2026-04-17 10:11:25 PM,KXATPCHALLENGERMATCH-26APR17TULBRO-BRO,45,1,44,2714,43,6071,42,6469,41,1200,46,152,47,2848,48,3012,49,3352,50,8180,45.5
2026-04-17 10:11:25 PM,KXATPCHALLENGERMATCH-26APR17TULBRO-BRO,45,1,44,2714,43,6071,42,6566,41,1200,46,152,47,2848,48,3012,49,3352,50,8180,45.5
2026-04-17 10:11:25 PM,KXATPCHALLENGERMATCH-26APR17TULBRO-BRO,45,1,44,2714,43,6071,42,6566,41,1296,46,152,47,2848,48,3012,49,3352,50,8180,45.5
2026-04-17 10:11:25 PM,KXATPCHALLENGERMATCH-26APR17TULBRO-BRO,45,1,44,2714,43,6071,42,6566,41,1296,46,234,47,2848,48,3012,49,3352,50,8180,45.5
2026-04-17 10:11:55 PM,KXATPCHALLENGERMATCH-26APR17TULBRO-BRO,45,1,44,2714,43,6071,42,7094,41,1296,46,234,47,2848,48,3012,49,3352,50,8180,45.5
2026-04-17 10:11:55 PM,KXATPCHALLENGERMATCH-26APR17TULBRO-BRO,45,1,44,2714,43,6071,42,7094,41,1296,46,234,47,3368,48,3012,49,3352,50,8180,45.5
2026-04-17 10:12:55 PM,KXATPCHALLENGERMATCH-26APR17TULBRO-BRO,45,1,44,1914,43,6071,42,7094,41,1296,46,234,47,3368,48,3012,49,3352,50,8180,45.5
2026-04-17 10:12:55 PM,KXATPCHALLENGERMATCH-26APR17TULBRO-BRO,45,1,44,1914,43,6071,42,6294,41,1296,46,234,47,3368,48,3012,49,3352,50,8180,45.5
2026-04-17 10:12:55 PM,KXATPCHALLENGERMATCH-26APR17TULBRO-BRO,45,1,44,1914,43,6071,42,6294,41,1296,46,234,47,2568,48,3012,49,3352,50,8180,45.5
2026-04-17 10:12:55 PM,KXATPCHALLENGERMATCH-26APR17TULBRO-BRO,45,1,44,1914,43,6071,42,6294,41,1296,46,234,47,2568,48,3012,49,3352,50,7380,45.5
2026-04-17 10:12:55 PM,KXATPCHALLENGERMATCH-26APR17TULBRO-BRO,45,1,44,1914,43,6871,42,6294,41,1296,46,234,47,2568,48,3012,49,3352,50,7380,45.5
2026-04-17 10:12:55 PM,KXATPCHALLENGERMATCH-26APR17TULBRO-BRO,45,1,44,1914,43,6871,42,6294,41,1296,46,234,47,2568,48,3812,49,3352,50,7380,45.5
2026-04-17 10:12:55 PM,KXATPCHALLENGERMATCH-26APR17TULBRO-BRO,45,1,44,1914,43,6871,42,6294,41,1296,46,1034,47,2568,48,3812,49,3352,50,7380,45.5
2026-04-17 10:12:55 PM,KXATPCHALLENGERMATCH-26APR17TULBRO-BRO,45,1,44,1914,43,6871,42,6294,41,1296,46,1034,47,2568,48,3812,49,8352,50,7380,45.5
2026-04-17 10:13:00 PM,KXATPCHALLENGERMATCH-26APR17TULBRO-BRO,45,1,44,1914,43,6871,42,6294,41,1296,46,1014,47,2568,48,3812,49,8352,50,7380,45.5
2026-04-17 10:13:00 PM,KXATPCHALLENGERMATCH-26APR17TULBRO-BRO,45,1,44,1914,43,6893,42,6294,41,1296,46,1014,47,2568,48,3812,49,8352,50,7380,45.5
2026-04-17 10:13:00 PM,KXATPCHALLENGERMATCH-26APR17TULBRO-BRO,45,1,44,1914,43,6893,42,6294,41,1296,46,1010,47,2568,48,3812,49,8352,50,7380,45.5
2026-04-17 10:13:18 PM,KXATPCHALLENGERMATCH-26APR17TULBRO-BRO,45,1,44,1914,43,6893,42,6294,41,1296,46,1010,47,3068,48,3812,49,8352,50,7380,45.5
2026-04-17 10:13:52 PM,KXATPCHALLENGERMATCH-26APR17TULBRO-BRO,45,1,44,1914,43,6893,42,6294,41,1296,46,954,47,3068,48,3812,49,8352,50,7380,45.5
2026-04-17 10:13:52 PM,KXATPCHALLENGERMATCH-26APR17TULBRO-BRO,45,1,44,1914,43,6893,42,6294,41,1296,46,930,47,3068,48,3812,49,8352,50,7380,45.5
2026-04-17 10:13:52 PM,KXATPCHALLENGERMATCH-26APR17TULBRO-BRO,45,1,44,1914,43,6893,42,6294,41,1296,46,909,47,3068,48,3812,49,8352,50,7380,45.5
2026-04-17 10:13:52 PM,KXATPCHALLENGERMATCH-26APR17TULBRO-BRO,45,1,44,1914,43,6893,42,6294,41,1200,46,909,47,3068,48,3812,49,8352,50,7380,45.5
2026-04-17 10:13:52 PM,KXATPCHALLENGERMATCH-26APR17TULBRO-BRO,45,1,44,1992,43,6893,42,6294,41,1200,46,909,47,3068,48,3812,49,8352,50,7380,45.5
2026-04-17 10:13:52 PM,KXATPCHALLENGERMATCH-26APR17TULBRO-BRO,45,1,44,1992,43,6926,42,6294,41,1200,46,909,47,3068,48,3812,49,8352,50,7380,45.5
2026-04-17 10:13:52 PM,KXATPCHALLENGERMATCH-26APR17TULBRO-BRO,45,1,44,1992,43,6926,42,6294,41,1200,46,938,47,3068,48,3812,49,8352,50,7380,45.5
2026-04-17 10:15:29 PM,KXATPCHALLENGERMATCH-26APR17TULBRO-BRO,45,1,44,1992,43,6926,42,6294,41,1200,46,934,47,3068,48,3812,49,8352,50,7380,45.5
2026-04-17 10:16:27 PM,KXATPCHALLENGERMATCH-26APR17TULBRO-BRO,45,1,44,1992,43,6904,42,6294,41,1200,46,934,47,3068,48,3812,49,8352,50,7380,45.5
2026-04-17 10:16:27 PM,KXATPCHALLENGERMATCH-26APR17TULBRO-BRO,45,1,44,1992,43,6871,42,6294,41,1200,46,934,47,3068,48,3812,49,8352,50,7380,45.5
2026-04-17 10:16:27 PM,KXATPCHALLENGERMATCH-26APR17TULBRO-BRO,45,1,44,1914,43,6871,42,6294,41,1200,46,934,47,3068,48,3812,49,8352,50,7380,45.5
2026-04-17 10:16:27 PM,KXATPCHALLENGERMATCH-26APR17TULBRO-BRO,45,1,44,1914,43,6828,42,6294,41,1200,46,934,47,3068,48,3812,49,8352,50,7380,45.5
2026-04-17 10:16:27 PM,KXATPCHALLENGERMATCH-26APR17TULBRO-BRO,45,1,44,1914,43,6828,42,6200,41,1200,46,934,47,3068,48,3812,49,8352,50,7380,45.5
2026-04-17 10:16:27 PM,KXATPCHALLENGERMATCH-26APR17TULBRO-BRO,45,1,44,1914,43,6828,42,6200,41,1296,46,934,47,3068,48,3812,49,8352,50,7380,45.5
2026-04-17 10:16:27 PM,KXATPCHALLENGERMATCH-26APR17TULBRO-BRO,45,1,44,1914,43,6828,42,6200,41,1296,46,1141,47,3068,48,3812,49,8352,50,7380,45.5
2026-04-17 10:16:27 PM,KXATPCHALLENGERMATCH-26APR17TULBRO-BRO,45,1,44,1914,43,6828,42,6200,41,1296,46,1141,47,3854,48,3812,49,8352,50,7380,45.5
2026-04-17 10:16:27 PM,KXATPCHALLENGERMATCH-26APR17TULBRO-BRO,45,1,44,1063,43,6828,42,6200,41,1296,46,1141,47,3854,48,3812,49,8352,50,7380,45.5
2026-04-17 10:16:27 PM,KXATPCHALLENGERMATCH-26APR17TULBRO-BRO,45,1,44,1063,43,6828,42,6200,41,1296,46,1141,47,3854,48,8812,49,8352,50,7380,45.5
2026-04-17 10:16:27 PM,KXATPCHALLENGERMATCH-26APR17TULBRO-BRO,45,1,44,1063,43,6828,42,6200,41,1296,46,1141,47,3854,48,8812,49,8352,50,2380,45.5
2026-04-17 10:16:27 PM,KXATPCHALLENGERMATCH-26APR17TULBRO-BRO,45,1,44,1063,43,1828,42,6200,41,1296,46,1141,47,3854,48,8812,49,8352,50,2380,45.5
2026-04-17 10:16:28 PM,KXATPCHALLENGERMATCH-26APR17TULBRO-BRO,45,1,44,597,43,1828,42,6200,41,1296,46,1141,47,3854,48,8812,49,8352,50,2380,45.5
2026-04-17 10:16:28 PM,KXATPCHALLENGERMATCH-26APR17TULBRO-BRO,45,1,44,1063,43,1828,42,6200,41,1296,46,1141,47,3854,48,8812,49,8352,50,2380,45.5
2026-04-17 10:16:51 PM,KXATPCHALLENGERMATCH-26APR17TULBRO-BRO,45,1,44,1063,43,1828,42,6200,41,6296,46,1141,47,3854,48,8812,49,8352,50,2380,45.5
2026-04-17 10:17:03 PM,KXATPCHALLENGERMATCH-26APR17TULBRO-BRO,45,1,44,1063,43,1828,42,6200,41,6200,46,1141,47,3854,48,8812,49,8352,50,2380,45.5
2026-04-17 10:17:03 PM,KXATPCHALLENGERMATCH-26APR17TULBRO-BRO,45,1,44,1063,43,1828,42,6197,41,6200,46,1141,47,3854,48,8812,49,8352,50,2380,45.5
2026-04-17 10:17:03 PM,KXATPCHALLENGERMATCH-26APR17TULBRO-BRO,45,1,44,1063,43,1828,42,6197,41,6200,46,1410,47,3854,48,8812,49,8352,50,2380,45.5
2026-04-17 10:17:05 PM,KXATPCHALLENGERMATCH-26APR17TULBRO-BRO,45,466,44,1063,43,1828,42,6197,41,6200,46,1410,47,3854,48,8812,49,8352,50,2380,45.5
2026-04-17 10:17:05 PM,KXATPCHALLENGERMATCH-26APR17TULBRO-BRO,45,466,44,1063,43,1828,42,6197,41,6200,46,1410,47,3854,48,8812,49,8817,50,2380,45.5
2026-04-17 10:17:05 PM,KXATPCHALLENGERMATCH-26APR17TULBRO-BRO,45,466,44,1063,43,1828,42,6197,41,6200,46,1410,47,3854,48,8475,49,8817,50,2380,45.5
2026-04-17 10:17:05 PM,KXATPCHALLENGERMATCH-26APR17TULBRO-BRO,45,466,44,1063,43,1823,42,6197,41,6200,46,1410,47,3854,48,8475,49,8817,50,2380,45.5
2026-04-17 10:17:05 PM,KXATPCHALLENGERMATCH-26APR17TULBRO-BRO,45,466,44,1063,43,1818,42,6197,41,6200,46,1410,47,3854,48,8475,49,8817,50,2380,45.5
2026-04-17 10:17:05 PM,KXATPCHALLENGERMATCH-26APR17TULBRO-BRO,45,466,44,1035,43,1818,42,6197,41,6200,46,1410,47,3854,48,8475,49,8817,50,2380,45.5
2026-04-17 10:17:05 PM,KXATPCHALLENGERMATCH-26APR17TULBRO-BRO,45,484,44,1035,43,1818,42,6197,41,6200,46,1410,47,3854,48,8475,49,8817,50,2380,45.5
2026-04-17 10:17:05 PM,KXATPCHALLENGERMATCH-26APR17TULBRO-BRO,45,484,44,1035,43,1818,42,6197,41,1200,46,1410,47,3854,48,8475,49,8817,50,2380,45.5
2026-04-17 10:17:05 PM,KXATPCHALLENGERMATCH-26APR17TULBRO-BRO,45,484,44,1035,43,6818,42,6197,41,1200,46,1410,47,3854,48,8475,49,8817,50,2380,45.5
2026-04-17 10:17:06 PM,KXATPCHALLENGERMATCH-26APR17TULBRO-BRO,45,484,44,569,43,6818,42,6197,41,1200,46,1410,47,3854,48,8475,49,8817,50,2380,45.5
2026-04-17 10:17:06 PM,KXATPCHALLENGERMATCH-26APR17TULBRO-BRO,45,484,44,569,43,6818,42,6197,41,1200,46,1410,47,3068,48,8475,49,8817,50,2380,45.5
2026-04-17 10:17:06 PM,KXATPCHALLENGERMATCH-26APR17TULBRO-BRO,45,484,44,569,43,6818,42,6197,41,1200,46,1410,47,2548,48,8475,49,8817,50,2380,45.5
2026-04-17 10:17:06 PM,KXATPCHALLENGERMATCH-26APR17TULBRO-BRO,45,484,44,569,43,6818,42,6197,41,1200,46,1410,47,2548,48,8475,49,8817,50,2264,45.5
2026-04-17 10:17:06 PM,KXATPCHALLENGERMATCH-26APR17TULBRO-BRO,45,484,44,1454,43,6818,42,6197,41,1200,46,1410,47,2548,48,8475,49,8817,50,2264,45.5
2026-04-17 10:17:06 PM,KXATPCHALLENGERMATCH-26APR17TULBRO-BRO,45,484,44,1454,43,6818,42,6197,41,1200,46,1410,47,2548,48,8475,49,3817,50,2264,45.5
2026-04-17 10:17:06 PM,KXATPCHALLENGERMATCH-26APR17TULBRO-BRO,45,484,44,1454,43,6818,42,6197,41,1200,46,1410,47,2548,48,3475,49,3817,50,2264,45.5
2026-04-17 10:17:06 PM,KXATPCHALLENGERMATCH-26APR17TULBRO-BRO,45,484,44,1454,43,6818,42,1197,41,1200,46,1410,47,2548,48,3475,49,3817,50,2264,45.5
2026-04-17 10:17:06 PM,KXATPCHALLENGERMATCH-26APR17TULBRO-BRO,45,484,44,1454,43,6818,42,1197,41,1200,46,1410,47,2548,48,3475,49,3783,50,2264,45.5
2026-04-17 10:17:06 PM,KXATPCHALLENGERMATCH-26APR17TULBRO-BRO,45,484,44,1454,43,6818,42,1197,41,1200,46,1410,47,2548,48,3475,49,3144,50,2264,45.5
2026-04-17 10:17:06 PM,KXATPCHALLENGERMATCH-26APR17TULBRO-BRO,45,484,44,1454,43,6818,42,1197,41,1200,46,1410,47,2548,48,3475,49,3042,50,2264,45.5
2026-04-17 10:17:06 PM,KXATPCHALLENGERMATCH-26APR17TULBRO-BRO,45,484,44,1464,43,6818,42,1197,41,1200,46,1410,47,2548,48,3475,49,3042,50,2264,45.5
2026-04-17 10:17:06 PM,KXATPCHALLENGERMATCH-26APR17TULBRO-BRO,45,484,44,1464,43,6818,42,1197,41,1200,46,1410,47,2548,48,3475,49,3042,50,2420,45.5
2026-04-17 10:17:06 PM,KXATPCHALLENGERMATCH-26APR17TULBRO-BRO,45,484,44,1464,43,6818,42,1197,41,1200,46,1410,47,2548,48,3499,49,3042,50,2420,45.5
2026-04-17 10:17:06 PM,KXATPCHALLENGERMATCH-26APR17TULBRO-BRO,45,484,44,1464,43,6818,42,1197,41,1200,46,1445,47,2548,48,3499,49,3042,50,2420,45.5
2026-04-17 10:17:08 PM,KXATPCHALLENGERMATCH-26APR17TULBRO-BRO,45,484,44,1464,43,6018,42,1197,41,1200,46,1445,47,2548,48,3499,49,3042,50,2420,45.5
2026-04-17 10:17:08 PM,KXATPCHALLENGERMATCH-26APR17TULBRO-BRO,45,484,44,1464,43,6018,42,1197,41,1200,46,645,47,2548,48,3499,49,3042,50,2420,45.5
2026-04-17 10:17:08 PM,KXATPCHALLENGERMATCH-26APR17TULBRO-BRO,45,484,44,1464,43,6018,42,1197,41,1200,46,645,47,2548,48,2699,49,3042,50,2420,45.5
2026-04-17 10:17:08 PM,KXATPCHALLENGERMATCH-26APR17TULBRO-BRO,45,484,44,1464,43,6018,42,1997,41,1200,46,645,47,2548,48,2699,49,3042,50,2420,45.5
2026-04-17 10:17:08 PM,KXATPCHALLENGERMATCH-26APR17TULBRO-BRO,45,484,44,2264,43,6018,42,1997,41,1200,46,645,47,2548,48,2699,49,3042,50,2420,45.5
2026-04-17 10:17:08 PM,KXATPCHALLENGERMATCH-26APR17TULBRO-BRO,45,484,44,2264,43,6018,42,1997,41,1200,46,645,47,2548,48,2699,49,3042,50,3220,45.5
2026-04-17 10:17:08 PM,KXATPCHALLENGERMATCH-26APR17TULBRO-BRO,45,484,44,2264,43,6018,42,1997,41,1200,46,645,47,3348,48,2699,49,3042,50,3220,45.5
2026-04-17 10:17:08 PM,KXATPCHALLENGERMATCH-26APR17TULBRO-BRO,45,484,44,2264,43,6018,42,1997,41,1200,46,645,47,3348,48,2699,49,2577,50,3220,45.5
2026-04-17 10:17:09 PM,KXATPCHALLENGERMATCH-26APR17TULBRO-BRO,45,484,44,7264,43,6018,42,1997,41,1200,46,645,47,3348,48,2699,49,2577,50,3220,45.5
2026-04-17 10:17:09 PM,KXATPCHALLENGERMATCH-26APR17TULBRO-BRO,45,484,44,7264,43,6018,42,1997,41,1200,46,610,47,3348,48,2699,49,2577,50,3220,45.5
2026-04-17 10:17:14 PM,KXATPCHALLENGERMATCH-26APR17TULBRO-BRO,45,484,44,7264,43,6018,42,1997,41,1200,46,610,47,3348,48,3166,49,2577,50,3220,45.5
2026-04-17 10:17:14 PM,KXATPCHALLENGERMATCH-26APR17TULBRO-BRO,45,484,44,7264,43,6018,42,1997,41,1200,46,610,47,3348,48,3166,49,2577,50,8220,45.5
2026-04-17 10:17:21 PM,KXATPCHALLENGERMATCH-26APR17TULBRO-BRO,45,19,44,7264,43,6018,42,1997,41,1200,46,610,47,3348,48,3166,49,2577,50,8220,45.5
2026-04-17 10:17:21 PM,KXATPCHALLENGERMATCH-26APR17TULBRO-BRO,45,1,44,7264,43,6018,42,1997,41,1200,46,610,47,3348,48,3166,49,2577,50,8220,45.5
2026-04-17 10:17:21 PM,KXATPCHALLENGERMATCH-26APR17TULBRO-BRO,45,1,44,7282,43,6018,42,1997,41,1200,46,610,47,3348,48,3166,49,2577,50,8220,45.5
2026-04-17 10:17:21 PM,KXATPCHALLENGERMATCH-26APR17TULBRO-BRO,45,1,44,7282,43,6023,42,1997,41,1200,46,610,47,3348,48,3166,49,2577,50,8220,45.5
2026-04-17 10:17:21 PM,KXATPCHALLENGERMATCH-26APR17TULBRO-BRO,45,1,44,7282,43,6028,42,1997,41,1200,46,610,47,3348,48,3166,49,2577,50,8220,45.5
2026-04-17 10:17:22 PM,KXATPCHALLENGERMATCH-26APR17TULBRO-BRO,45,1,44,7749,43,6028,42,1997,41,1200,46,610,47,3348,48,3166,49,2577,50,8220,45.5
2026-04-17 10:17:24 PM,KXATPCHALLENGERMATCH-26APR17TULBRO-BRO,45,1,44,7282,43,6028,42,1997,41,1200,46,610,47,3348,48,3166,49,2577,50,8220,45.5
2026-04-17 10:17:36 PM,KXATPCHALLENGERMATCH-26APR17TULBRO-BRO,45,1,44,7749,43,6028,42,1997,41,1200,46,610,47,3348,48,3166,49,2577,50,8220,45.5
2026-04-17 10:17:42 PM,KXATPCHALLENGERMATCH-26APR17TULBRO-BRO,45,1,44,7282,43,6028,42,1997,41,1200,46,610,47,3348,48,3166,49,2577,50,8220,45.5
2026-04-17 10:17:44 PM,KXATPCHALLENGERMATCH-26APR17TULBRO-BRO,45,1,44,7282,43,6028,42,1997,41,800,46,610,47,3348,48,3166,49,2577,50,8220,45.5
2026-04-17 10:17:47 PM,KXATPCHALLENGERMATCH-26APR17TULBRO-BRO,45,1,44,7282,43,6028,42,2397,41,800,46,610,47,3348,48,3166,49,2577,50,8220,45.5
2026-04-17 10:18:58 PM,KXATPCHALLENGERMATCH-26APR17TULBRO-BRO,45,1,44,7282,43,6028,42,2397,41,800,46,647,47,3348,48,3166,49,2577,50,8220,45.5
2026-04-17 10:19:35 PM,KXATPCHALLENGERMATCH-26APR17TULBRO-BRO,45,1,44,7282,43,6028,42,2397,41,800,46,647,47,3348,48,3166,49,2552,50,8220,45.5
2026-04-17 10:19:35 PM,KXATPCHALLENGERMATCH-26APR17TULBRO-BRO,45,1,44,7282,43,6028,42,2397,41,800,46,647,47,3348,48,3166,49,2577,50,8220,45.5
2026-04-17 10:19:58 PM,KXATPCHALLENGERMATCH-26APR17TULBRO-BRO,45,1,44,7282,43,6028,42,2397,41,800,46,637,47,3348,48,3166,49,2577,50,8220,45.5
2026-04-17 10:20:03 PM,KXATPCHALLENGERMATCH-26APR17TULBRO-BRO,45,21,44,7282,43,6028,42,2397,41,800,46,637,47,3348,48,3166,49,2577,50,8220,45.5
2026-04-17 10:20:03 PM,KXATPCHALLENGERMATCH-26APR17TULBRO-BRO,45,21,44,7282,43,6023,42,2397,41,800,46,637,47,3348,48,3166,49,2577,50,8220,45.5
2026-04-17 10:20:03 PM,KXATPCHALLENGERMATCH-26APR17TULBRO-BRO,45,39,44,7282,43,6023,42,2397,41,800,46,637,47,3348,48,3166,49,2577,50,8220,45.5
2026-04-17 10:20:03 PM,KXATPCHALLENGERMATCH-26APR17TULBRO-BRO,45,39,44,7282,43,6018,42,2397,41,800,46,637,47,3348,48,3166,49,2577,50,8220,45.5
2026-04-17 10:20:03 PM,KXATPCHALLENGERMATCH-26APR17TULBRO-BRO,45,39,44,7272,43,6018,42,2397,41,800,46,637,47,3348,48,3166,49,2577,50,8220,45.5
2026-04-17 10:20:03 PM,KXATPCHALLENGERMATCH-26APR17TULBRO-BRO,45,39,44,7254,43,6018,42,2397,41,800,46,637,47,3348,48,3166,49,2577,50,8220,45.5
2026-04-17 10:20:04 PM,KXATPCHALLENGERMATCH-26APR17TULBRO-BRO,45,39,44,7264,43,6018,42,2397,41,800,46,637,47,3348,48,3166,49,2577,50,8220,45.5
2026-04-17 10:20:22 PM,KXATPCHALLENGERMATCH-26APR17TULBRO-BRO,45,39,44,7264,43,6018,42,2397,41,800,46,627,47,3348,48,3166,49,2577,50,8220,45.5
2026-04-17 10:20:22 PM,KXATPCHALLENGERMATCH-26APR17TULBRO-BRO,45,39,44,7264,43,6018,42,2397,41,800,46,594,47,3348,48,3166,49,2577,50,8220,45.5
2026-04-17 10:21:25 PM,KXATPCHALLENGERMATCH-26APR17TULBRO-BRO,45,39,44,7264,43,6018,42,2397,41,800,46,594,47,3356,48,3166,49,2577,50,8220,45.5
2026-04-17 10:22:07 PM,KXATPCHALLENGERMATCH-26APR17TULBRO-BRO,45,39,44,7264,43,6018,42,2397,41,800,46,553,47,3356,48,3166,49,2577,50,8220,45.5
2026-04-17 10:22:07 PM,KXATPCHALLENGERMATCH-26APR17TULBRO-BRO,45,39,44,7264,43,6018,42,2397,41,800,46,575,47,3356,48,3166,49,2577,50,8220,45.5
2026-04-17 10:22:12 PM,KXATPCHALLENGERMATCH-26APR17TULBRO-BRO,45,39,44,7264,43,6018,42,2397,41,800,46,575,47,3364,48,3166,49,2577,50,8220,45.5
2026-04-17 10:22:41 PM,KXATPCHALLENGERMATCH-26APR17TULBRO-BRO,45,19,44,7264,43,6018,42,2397,41,800,46,575,47,3364,48,3166,49,2577,50,8220,45.5
2026-04-17 10:22:41 PM,KXATPCHALLENGERMATCH-26APR17TULBRO-BRO,45,1,44,7264,43,6018,42,2397,41,800,46,575,47,3364,48,3166,49,2577,50,8220,45.5
2026-04-17 10:22:41 PM,KXATPCHALLENGERMATCH-26APR17TULBRO-BRO,45,1,44,7282,43,6018,42,2397,41,800,46,575,47,3364,48,3166,49,2577,50,8220,45.5
2026-04-17 10:22:41 PM,KXATPCHALLENGERMATCH-26APR17TULBRO-BRO,45,1,44,7282,43,6023,42,2397,41,800,46,575,47,3364,48,3166,49,2577,50,8220,45.5
2026-04-17 10:22:42 PM,KXATPCHALLENGERMATCH-26APR17TULBRO-BRO,45,1,44,7282,43,6028,42,2397,41,800,46,575,47,3364,48,3166,49,2577,50,8220,45.5
2026-04-17 10:22:56 PM,KXATPCHALLENGERMATCH-26APR17TULBRO-BRO,45,1,44,7749,43,6028,42,2397,41,800,46,575,47,3364,48,3166,49,2577,50,8220,45.5
2026-04-17 10:22:57 PM,KXATPCHALLENGERMATCH-26APR17TULBRO-BRO,45,1,44,7282,43,6028,42,2397,41,800,46,575,47,3364,48,3166,49,2577,50,8220,45.5
2026-04-17 10:23:11 PM,KXATPCHALLENGERMATCH-26APR17TULBRO-BRO,45,21,44,7282,43,6028,42,2397,41,800,46,575,47,3364,48,3166,49,2577,50,8220,45.5
2026-04-17 10:23:11 PM,KXATPCHALLENGERMATCH-26APR17TULBRO-BRO,45,21,44,7282,43,6023,42,2397,41,800,46,575,47,3364,48,3166,49,2577,50,8220,45.5
2026-04-17 10:23:11 PM,KXATPCHALLENGERMATCH-26APR17TULBRO-BRO,45,21,44,7282,43,6018,42,2397,41,800,46,575,47,3364,48,3166,49,2577,50,8220,45.5
2026-04-17 10:23:11 PM,KXATPCHALLENGERMATCH-26APR17TULBRO-BRO,45,39,44,7282,43,6018,42,2397,41,800,46,575,47,3364,48,3166,49,2577,50,8220,45.5
2026-04-17 10:23:11 PM,KXATPCHALLENGERMATCH-26APR17TULBRO-BRO,45,39,44,7272,43,6018,42,2397,41,800,46,575,47,3364,48,3166,49,2577,50,8220,45.5
2026-04-17 10:23:11 PM,KXATPCHALLENGERMATCH-26APR17TULBRO-BRO,45,39,44,7254,43,6018,42,2397,41,800,46,575,47,3364,48,3166,49,2577,50,8220,45.5
2026-04-17 10:23:12 PM,KXATPCHALLENGERMATCH-26APR17TULBRO-BRO,45,39,44,7264,43,6018,42,2397,41,800,46,575,47,3364,48,3166,49,2577,50,8220,45.5
2026-04-17 10:24:32 PM,KXATPCHALLENGERMATCH-26APR17TULBRO-BRO,45,39,44,7264,43,6018,42,2397,41,800,46,575,47,3372,48,3166,49,2577,50,8220,45.5
2026-04-17 10:24:39 PM,KXATPCHALLENGERMATCH-26APR17TULBRO-BRO,45,19,44,7264,43,6018,42,2397,41,800,46,575,47,3372,48,3166,49,2577,50,8220,45.5
2026-04-17 10:24:39 PM,KXATPCHALLENGERMATCH-26APR17TULBRO-BRO,45,19,44,7282,43,6018,42,2397,41,800,46,575,47,3372,48,3166,49,2577,50,8220,45.5
2026-04-17 10:24:39 PM,KXATPCHALLENGERMATCH-26APR17TULBRO-BRO,45,1,44,7282,43,6018,42,2397,41,800,46,575,47,3372,48,3166,49,2577,50,8220,45.5
2026-04-17 10:24:39 PM,KXATPCHALLENGERMATCH-26APR17TULBRO-BRO,45,1,44,7282,43,6023,42,2397,41,800,46,575,47,3372,48,3166,49,2577,50,8220,45.5
2026-04-17 10:24:39 PM,KXATPCHALLENGERMATCH-26APR17TULBRO-BRO,45,1,44,7282,43,6028,42,2397,41,800,46,575,47,3372,48,3166,49,2577,50,8220,45.5
2026-04-17 10:25:02 PM,KXATPCHALLENGERMATCH-26APR17TULBRO-BRO,45,1,44,7282,43,6028,42,2397,41,800,46,569,47,3372,48,3166,49,2577,50,8220,45.5
2026-04-17 10:25:02 PM,KXATPCHALLENGERMATCH-26APR17TULBRO-BRO,45,1,44,7282,43,6028,42,2397,41,800,46,566,47,3372,48,3166,49,2577,50,8220,45.5
2026-04-17 10:25:42 PM,KXATPCHALLENGERMATCH-26APR17TULBRO-BRO,45,1,44,7749,43,6028,42,2397,41,800,46,566,47,3372,48,3166,49,2577,50,8220,45.5
2026-04-17 10:25:43 PM,KXATPCHALLENGERMATCH-26APR17TULBRO-BRO,45,1,44,7282,43,6028,42,2397,41,800,46,566,47,3372,48,3166,49,2577,50,8220,45.5
2026-04-17 10:26:28 PM,KXATPCHALLENGERMATCH-26APR17TULBRO-BRO,45,51,44,7282,43,6028,42,2397,41,800,46,566,47,3372,48,3166,49,2577,50,8220,45.5
2026-04-17 10:26:28 PM,KXATPCHALLENGERMATCH-26APR17TULBRO-BRO,45,51,44,7282,43,6023,42,2397,41,800,46,566,47,3372,48,3166,49,2577,50,8220,45.5
2026-04-17 10:26:28 PM,KXATPCHALLENGERMATCH-26APR17TULBRO-BRO,45,51,44,7282,43,6018,42,2397,41,800,46,566,47,3372,48,3166,49,2577,50,8220,45.5
2026-04-17 10:26:28 PM,KXATPCHALLENGERMATCH-26APR17TULBRO-BRO,45,51,44,7272,43,6018,42,2397,41,800,46,566,47,3372,48,3166,49,2577,50,8220,45.5
2026-04-17 10:26:28 PM,KXATPCHALLENGERMATCH-26APR17TULBRO-BRO,45,69,44,7272,43,6018,42,2397,41,800,46,566,47,3372,48,3166,49,2577,50,8220,45.5
2026-04-17 10:26:28 PM,KXATPCHALLENGERMATCH-26APR17TULBRO-BRO,45,69,44,7254,43,6018,42,2397,41,800,46,566,47,3372,48,3166,49,2577,50,8220,45.5
2026-04-17 10:26:29 PM,KXATPCHALLENGERMATCH-26APR17TULBRO-BRO,45,69,44,7721,43,6018,42,2397,41,800,46,566,47,3372,48,3166,49,2577,50,8220,45.5
2026-04-17 10:26:29 PM,KXATPCHALLENGERMATCH-26APR17TULBRO-BRO,45,69,44,7731,43,6018,42,2397,41,800,46,566,47,3372,48,3166,49,2577,50,8220,45.5
2026-04-17 10:26:29 PM,KXATPCHALLENGERMATCH-26APR17TULBRO-BRO,45,69,44,7264,43,6018,42,2397,41,800,46,566,47,3372,48,3166,49,2577,50,8220,45.5
2026-04-17 10:27:24 PM,KXATPCHALLENGERMATCH-26APR17TULBRO-BRO,45,69,44,7264,43,6018,42,2397,41,800,46,646,47,3372,48,3166,49,2577,50,8220,45.5
2026-04-17 10:27:30 PM,KXATPCHALLENGERMATCH-26APR17TULBRO-BRO,45,69,44,7264,43,6018,42,2397,41,800,46,644,47,3372,48,3166,49,2577,50,8220,45.5
2026-04-17 10:27:41 PM,KXATPCHALLENGERMATCH-26APR17TULBRO-BRO,45,69,44,7731,43,6018,42,2397,41,800,46,644,47,3372,48,3166,49,2577,50,8220,45.5
2026-04-17 10:27:42 PM,KXATPCHALLENGERMATCH-26APR17TULBRO-BRO,45,69,44,7264,43,6018,42,2397,41,800,46,644,47,3372,48,3166,49,2577,50,8220,45.5
2026-04-17 10:27:56 PM,KXATPCHALLENGERMATCH-26APR17TULBRO-BRO,45,69,44,7264,43,6018,42,2397,41,800,46,1053,47,3372,48,3166,49,2577,50,8220,45.5
2026-04-17 10:27:58 PM,KXATPCHALLENGERMATCH-26APR17TULBRO-BRO,45,69,44,7264,43,6018,42,2397,41,800,46,1053,47,3872,48,3166,49,2577,50,8220,45.5
2026-04-17 10:29:08 PM,KXATPCHALLENGERMATCH-26APR17TULBRO-BRO,45,69,44,7264,43,6018,42,2397,41,800,46,1045,47,3872,48,3166,49,2577,50,8220,45.5
2026-04-17 10:29:34 PM,KXATPCHALLENGERMATCH-26APR17TULBRO-BRO,45,69,44,7264,43,6018,42,2397,41,800,46,1045,47,3872,48,3166,49,2552,50,8220,45.5
2026-04-17 10:29:34 PM,KXATPCHALLENGERMATCH-26APR17TULBRO-BRO,45,69,44,7264,43,6018,42,2397,41,800,46,1045,47,3872,48,3166,49,2577,50,8220,45.5
2026-04-17 10:30:17 PM,KXATPCHALLENGERMATCH-26APR17TULBRO-BRO,45,69,44,7264,43,6018,42,2397,41,800,46,1030,47,3872,48,3166,49,2577,50,8220,45.5
2026-04-17 10:30:17 PM,KXATPCHALLENGERMATCH-26APR17TULBRO-BRO,45,69,44,7264,43,6018,42,2397,41,800,46,941,47,3872,48,3166,49,2577,50,8220,45.5
2026-04-17 10:30:17 PM,KXATPCHALLENGERMATCH-26APR17TULBRO-BRO,45,69,44,7264,43,6018,42,2397,41,800,46,965,47,3872,48,3166,49,2577,50,8220,45.5
2026-04-17 10:31:01 PM,KXATPCHALLENGERMATCH-26APR17TULBRO-BRO,45,69,44,7264,43,6018,42,2397,41,800,46,954,47,3872,48,3166,49,2577,50,8220,45.5
2026-04-17 10:31:01 PM,KXATPCHALLENGERMATCH-26APR17TULBRO-BRO,45,69,44,7264,43,6018,42,2397,41,800,46,954,47,3872,48,3166,49,2618,50,8220,45.5
2026-04-17 10:31:17 PM,KXATPCHALLENGERMATCH-26APR17TULBRO-BRO,45,69,44,7731,43,6018,42,2397,41,800,46,954,47,3872,48,3166,49,2618,50,8220,45.5
2026-04-17 10:31:18 PM,KXATPCHALLENGERMATCH-26APR17TULBRO-BRO,45,69,44,7264,43,6018,42,2397,41,800,46,954,47,3872,48,3166,49,2618,50,8220,45.5
2026-04-17 10:31:21 PM,KXATPCHALLENGERMATCH-26APR17TULBRO-BRO,45,69,44,7264,43,6018,42,2397,41,800,46,954,47,3872,48,3156,49,2618,50,8220,45.5
2026-04-17 10:31:21 PM,KXATPCHALLENGERMATCH-26APR17TULBRO-BRO,45,69,44,7264,43,6018,42,2397,41,800,46,954,47,3872,48,3146,49,2618,50,8220,45.5
2026-04-17 10:31:21 PM,KXATPCHALLENGERMATCH-26APR17TULBRO-BRO,45,69,44,7264,43,6018,42,2397,41,800,46,954,47,3872,48,3146,49,2618,50,8230,45.5
2026-04-17 10:31:21 PM,KXATPCHALLENGERMATCH-26APR17TULBRO-BRO,45,69,44,7264,43,6018,42,2397,41,800,46,954,47,3872,48,3146,49,2618,50,8240,45.5
2026-04-17 10:31:38 PM,KXATPCHALLENGERMATCH-26APR17TULBRO-BRO,45,69,44,7264,43,6018,42,2397,41,800,46,954,47,3872,48,3146,49,2653,50,8240,45.5
2026-04-17 10:31:59 PM,KXATPCHALLENGERMATCH-26APR17TULBRO-BRO,45,69,44,7264,43,6018,42,2397,41,800,46,954,47,3872,48,3146,49,2653,50,8294,45.5
2026-04-17 10:33:23 PM,KXATPCHALLENGERMATCH-26APR17TULBRO-BRO,45,69,44,7264,43,6018,42,2397,38,5266,46,954,47,3872,48,3146,49,2653,50,8294,45.5
2026-04-17 10:33:23 PM,KXATPCHALLENGERMATCH-26APR17TULBRO-BRO,45,69,44,7264,43,6018,42,2397,38,5266,46,954,47,3872,48,3146,49,1853,50,8294,45.5
2026-04-17 10:33:23 PM,KXATPCHALLENGERMATCH-26APR17TULBRO-BRO,45,69,44,7264,43,6018,42,1597,38,5266,46,954,47,3872,48,3146,49,1853,50,8294,45.5
2026-04-17 10:33:23 PM,KXATPCHALLENGERMATCH-26APR17TULBRO-BRO,45,69,44,6464,43,6018,42,1597,38,5266,46,954,47,3872,48,3146,49,1853,50,8294,45.5
2026-04-17 10:33:23 PM,KXATPCHALLENGERMATCH-26APR17TULBRO-BRO,45,69,44,6464,43,6018,42,1597,38,5266,46,954,47,3872,48,3146,49,1853,50,7494,45.5
2026-04-17 10:33:23 PM,KXATPCHALLENGERMATCH-26APR17TULBRO-BRO,45,69,44,6464,43,6018,42,1597,38,5266,46,954,47,3072,48,3146,49,1853,50,7494,45.5
2026-04-17 10:33:23 PM,KXATPCHALLENGERMATCH-26APR17TULBRO-BRO,45,69,44,6464,43,6018,42,1597,38,2235,46,954,47,3072,48,3146,49,1853,50,7494,45.5
2026-04-17 10:33:23 PM,KXATPCHALLENGERMATCH-26APR17TULBRO-BRO,45,69,44,6464,43,6018,42,1597,38,5600,46,954,47,3072,48,3146,49,1853,50,7494,45.5
2026-04-17 10:33:23 PM,KXATPCHALLENGERMATCH-26APR17TULBRO-BRO,45,69,44,1464,43,6018,42,1597,38,5600,46,954,47,3072,48,3146,49,1853,50,7494,45.5
2026-04-17 10:33:23 PM,KXATPCHALLENGERMATCH-26APR17TULBRO-BRO,45,69,44,1464,43,6018,42,6597,38,5600,46,954,47,3072,48,3146,49,1853,50,7494,45.5
2026-04-17 10:33:23 PM,KXATPCHALLENGERMATCH-26APR17TULBRO-BRO,45,69,44,1464,43,6018,42,6597,38,5600,46,954,47,3072,48,3146,49,1818,50,7494,45.5
2026-04-17 10:33:23 PM,KXATPCHALLENGERMATCH-26APR17TULBRO-BRO,45,69,44,1464,43,6018,42,6597,38,5600,46,989,47,3072,48,3146,49,1818,50,7494,45.5
2026-04-17 10:33:23 PM,KXATPCHALLENGERMATCH-26APR17TULBRO-BRO,45,69,44,1931,43,6018,42,6597,38,5600,46,989,47,3072,48,3146,49,1818,50,7494,45.5
2026-04-17 10:33:23 PM,KXATPCHALLENGERMATCH-26APR17TULBRO-BRO,45,69,44,1931,43,6018,42,6597,38,1800,46,989,47,3072,48,3146,49,1818,50,7494,45.5
2026-04-17 10:33:23 PM,KXATPCHALLENGERMATCH-26APR17TULBRO-BRO,45,69,44,1931,43,6018,42,6597,38,2163,46,989,47,3072,48,3146,49,1818,50,7494,45.5
2026-04-17 10:33:25 PM,KXATPCHALLENGERMATCH-26APR17TULBRO-BRO,45,69,44,1931,43,6018,42,6597,40,800,46,989,47,3072,48,3146,49,1818,50,7494,45.5
2026-04-17 10:33:25 PM,KXATPCHALLENGERMATCH-26APR17TULBRO-BRO,45,69,44,1931,43,6018,42,6597,41,800,46,989,47,3072,48,3146,49,1818,50,7494,45.5
2026-04-17 10:33:25 PM,KXATPCHALLENGERMATCH-26APR17TULBRO-BRO,45,69,44,1931,43,6818,42,6597,41,800,46,989,47,3072,48,3146,49,1818,50,7494,45.5
2026-04-17 10:33:25 PM,KXATPCHALLENGERMATCH-26APR17TULBRO-BRO,45,69,44,1931,43,6818,42,6597,41,800,46,1789,47,3072,48,3146,49,1818,50,7494,45.5
2026-04-17 10:33:25 PM,KXATPCHALLENGERMATCH-26APR17TULBRO-BRO,45,69,44,1931,43,6818,42,6597,41,800,46,1789,47,3072,48,3146,49,2618,50,7494,45.5
2026-04-17 10:33:25 PM,KXATPCHALLENGERMATCH-26APR17TULBRO-BRO,45,69,44,1931,43,6818,42,6597,41,800,46,1789,47,3072,48,3946,49,2618,50,7494,45.5
2026-04-17 10:33:25 PM,KXATPCHALLENGERMATCH-26APR17TULBRO-BRO,45,69,44,1464,43,6818,42,6597,41,800,46,1789,47,3072,48,3946,49,2618,50,7494,45.5
2026-04-17 10:33:26 PM,KXATPCHALLENGERMATCH-26APR17TULBRO-BRO,45,69,44,1464,43,6818,42,6597,41,800,46,1789,47,3072,48,3946,49,7618,50,7494,45.5
2026-04-17 10:33:29 PM,KXATPCHALLENGERMATCH-26APR17TULBRO-BRO,45,69,44,1464,43,6818,42,6597,41,800,46,1789,47,3072,48,3946,49,7618,50,2494,45.5
2026-04-17 10:33:29 PM,KXATPCHALLENGERMATCH-26APR17TULBRO-BRO,45,69,44,1464,43,6818,42,6597,41,800,46,1789,47,3072,48,3946,49,2618,50,2494,45.5
2026-04-17 10:33:29 PM,KXATPCHALLENGERMATCH-26APR17TULBRO-BRO,45,69,44,1464,43,6818,42,6597,41,800,46,1789,47,3072,48,3946,49,2618,50,7494,45.5
2026-04-17 10:33:31 PM,KXATPCHALLENGERMATCH-26APR17TULBRO-BRO,45,69,44,1931,43,6818,42,6597,41,800,46,1789,47,3072,48,3946,49,2618,50,7494,45.5
2026-04-17 10:33:38 PM,KXATPCHALLENGERMATCH-26APR17TULBRO-BRO,45,69,44,1464,43,6818,42,6597,41,800,46,1789,47,3072,48,3946,49,2618,50,7494,45.5
2026-04-17 10:33:47 PM,KXATPCHALLENGERMATCH-26APR17TULBRO-BRO,45,69,44,1931,43,6818,42,6597,41,800,46,1789,47,3072,48,3946,49,2618,50,7494,45.5
2026-04-17 10:33:53 PM,KXATPCHALLENGERMATCH-26APR17TULBRO-BRO,45,69,44,1464,43,6818,42,6597,41,800,46,1789,47,3072,48,3946,49,2618,50,7494,45.5
2026-04-17 10:35:31 PM,KXATPCHALLENGERMATCH-26APR17TULBRO-BRO,45,69,44,1464,43,6818,42,6597,41,800,46,1754,47,3072,48,3946,49,2618,50,7494,45.5
2026-04-17 10:35:34 PM,KXATPCHALLENGERMATCH-26APR17TULBRO-BRO,45,69,44,1931,43,6818,42,6597,41,800,46,1754,47,3072,48,3946,49,2618,50,7494,45.5
2026-04-17 10:35:49 PM,KXATPCHALLENGERMATCH-26APR17TULBRO-BRO,45,69,44,1931,43,6818,42,6597,41,800,46,1648,47,3072,48,3946,49,2618,50,7494,45.5
2026-04-17 10:35:49 PM,KXATPCHALLENGERMATCH-26APR17TULBRO-BRO,45,69,44,1931,43,6818,42,6597,41,800,46,1379,47,3072,48,3946,49,2618,50,7494,45.5
2026-04-17 10:35:49 PM,KXATPCHALLENGERMATCH-26APR17TULBRO-BRO,45,69,44,1931,43,6818,42,6597,41,800,46,1342,47,3072,48,3946,49,2618,50,7494,45.5
2026-04-17 10:35:49 PM,KXATPCHALLENGERMATCH-26APR17TULBRO-BRO,45,69,44,1931,43,6818,42,6597,41,800,46,1320,47,3072,48,3946,49,2618,50,7494,45.5
2026-04-17 10:35:49 PM,KXATPCHALLENGERMATCH-26APR17TULBRO-BRO,45,69,44,1931,43,6818,42,6597,41,800,46,1240,47,3072,48,3946,49,2618,50,7494,45.5
2026-04-17 10:35:49 PM,KXATPCHALLENGERMATCH-26APR17TULBRO-BRO,45,69,44,1931,43,6818,42,6597,41,800,46,831,47,3072,48,3946,49,2618,50,7494,45.5
2026-04-17 10:35:49 PM,KXATPCHALLENGERMATCH-26APR17TULBRO-BRO,45,69,44,1931,43,6818,42,6597,41,800,46,807,47,3072,48,3946,49,2618,50,7494,45.5
2026-04-17 10:35:49 PM,KXATPCHALLENGERMATCH-26APR17TULBRO-BRO,45,69,44,1931,43,6818,42,6597,41,800,46,708,47,3072,48,3946,49,2618,50,7494,45.5
2026-04-17 10:35:49 PM,KXATPCHALLENGERMATCH-26APR17TULBRO-BRO,45,69,44,1931,43,6818,42,6597,41,800,46,708,47,3072,48,3930,49,2618,50,7494,45.5
2026-04-17 10:35:49 PM,KXATPCHALLENGERMATCH-26APR17TULBRO-BRO,45,91,44,1931,43,6818,42,6597,41,800,46,708,47,3072,48,3930,49,2618,50,7494,45.5
2026-04-17 10:35:49 PM,KXATPCHALLENGERMATCH-26APR17TULBRO-BRO,45,91,44,2029,43,6818,42,6597,41,800,46,708,47,3072,48,3930,49,2618,50,7494,45.5
2026-04-17 10:35:49 PM,KXATPCHALLENGERMATCH-26APR17TULBRO-BRO,45,91,44,2029,43,6913,42,6597,41,800,46,708,47,3072,48,3930,49,2618,50,7494,45.5
2026-04-17 10:35:49 PM,KXATPCHALLENGERMATCH-26APR17TULBRO-BRO,45,91,44,2029,43,6913,42,6597,41,800,46,939,47,3072,48,3930,49,2618,50,7494,45.5
2026-04-17 10:35:49 PM,KXATPCHALLENGERMATCH-26APR17TULBRO-BRO,45,91,44,1562,43,6913,42,6597,41,800,46,939,47,3072,48,3930,49,2618,50,7494,45.5
2026-04-17 10:35:51 PM,KXATPCHALLENGERMATCH-26APR17TULBRO-BRO,45,91,44,1562,43,6913,42,6597,41,800,46,1039,47,3072,48,3930,49,2618,50,7494,45.5
2026-04-17 10:36:22 PM,KXATPCHALLENGERMATCH-26APR17TULBRO-BRO,45,91,44,1562,43,6913,42,6597,41,800,46,339,47,3072,48,3930,49,2618,50,7494,45.5
2026-04-17 10:36:22 PM,KXATPCHALLENGERMATCH-26APR17TULBRO-BRO,45,91,44,1562,43,6913,42,6597,41,800,46,108,47,3072,48,3930,49,2618,50,7494,45.5
2026-04-17 10:36:22 PM,KXATPCHALLENGERMATCH-26APR17TULBRO-BRO,45,91,44,1562,43,6913,42,6597,41,800,46,8,47,3072,48,3930,49,2618,50,7494,45.5
2026-04-17 10:36:22 PM,KXATPCHALLENGERMATCH-26APR17TULBRO-BRO,45,91,44,1562,43,6913,42,6597,41,800,46,8,47,3064,48,3930,49,2618,50,7494,45.5
2026-04-17 10:36:22 PM,KXATPCHALLENGERMATCH-26APR17TULBRO-BRO,45,91,44,1562,43,6913,42,6597,41,800,46,8,47,3057,48,3930,49,2618,50,7494,45.5
2026-04-17 10:36:22 PM,KXATPCHALLENGERMATCH-26APR17TULBRO-BRO,45,91,44,1562,43,6913,42,6597,39,256,46,8,47,3057,48,3930,49,2618,50,7494,45.5
2026-04-17 10:36:22 PM,KXATPCHALLENGERMATCH-26APR17TULBRO-BRO,45,91,44,1562,43,6113,42,6597,39,256,46,8,47,3057,48,3930,49,2618,50,7494,45.5
2026-04-17 10:36:22 PM,KXATPCHALLENGERMATCH-26APR17TULBRO-BRO,45,91,44,1562,43,6113,42,6597,39,256,46,8,47,3057,48,3930,49,1818,50,7494,45.5
2026-04-17 10:36:22 PM,KXATPCHALLENGERMATCH-26APR17TULBRO-BRO,45,91,44,1562,43,6113,42,6597,39,256,46,8,47,3057,48,3130,49,1818,50,7494,45.5
2026-04-17 10:36:22 PM,KXATPCHALLENGERMATCH-26APR17TULBRO-BRO,45,91,44,1562,43,6113,42,6597,39,256,46,8,47,3057,48,3130,49,1777,50,7494,45.5
2026-04-17 10:36:22 PM,KXATPCHALLENGERMATCH-26APR17TULBRO-BRO,45,91,44,1562,43,6113,42,6597,39,256,46,8,47,3057,48,3130,49,1777,50,7535,45.5
2026-04-17 10:36:22 PM,KXATPCHALLENGERMATCH-26APR17TULBRO-BRO,45,91,44,1562,43,6113,42,6597,38,1910,46,8,47,3057,48,3130,49,1777,50,7535,45.5
2026-04-17 10:36:22 PM,KXATPCHALLENGERMATCH-26APR17TULBRO-BRO,45,91,44,1562,43,6113,42,6597,38,1910,46,8,47,3057,48,3122,49,1777,50,7535,45.5
2026-04-17 10:36:22 PM,KXATPCHALLENGERMATCH-26APR17TULBRO-BRO,45,91,44,2029,43,6113,42,6597,38,1910,46,8,47,3057,48,3122,49,1777,50,7535,45.5
2026-04-17 10:36:22 PM,KXATPCHALLENGERMATCH-26APR17TULBRO-BRO,45,91,44,1562,43,6113,42,6597,38,1910,46,8,47,3057,48,3122,49,1777,50,7535,45.5
2026-04-17 10:36:22 PM,KXATPCHALLENGERMATCH-26APR17TULBRO-BRO,45,91,44,1562,43,6113,42,6597,38,2479,46,8,47,3057,48,3122,49,1777,50,7535,45.5
2026-04-17 10:36:22 PM,KXATPCHALLENGERMATCH-26APR17TULBRO-BRO,45,91,44,1562,43,6113,42,6597,38,2479,46,8,47,3049,48,3122,49,1777,50,7535,45.5
2026-04-17 10:36:23 PM,KXATPCHALLENGERMATCH-26APR17TULBRO-BRO,45,91,44,1562,43,6113,42,6597,41,800,46,8,47,3049,48,3122,49,1777,50,7535,45.5
2026-04-17 10:36:23 PM,KXATPCHALLENGERMATCH-26APR17TULBRO-BRO,45,91,44,1562,43,6113,42,7397,41,800,46,8,47,3049,48,3122,49,1777,50,7535,45.5
2026-04-17 10:36:23 PM,KXATPCHALLENGERMATCH-26APR17TULBRO-BRO,45,91,44,2362,43,6113,42,7397,41,800,46,8,47,3049,48,3122,49,1777,50,7535,45.5
2026-04-17 10:36:23 PM,KXATPCHALLENGERMATCH-26APR17TULBRO-BRO,45,91,44,2362,43,6113,42,7397,41,800,46,8,47,3849,48,3122,49,1777,50,7535,45.5
2026-04-17 10:36:23 PM,KXATPCHALLENGERMATCH-26APR17TULBRO-BRO,45,91,44,2362,43,6113,42,7397,41,800,46,8,47,3849,48,3122,49,1777,50,8335,45.5
2026-04-17 10:36:23 PM,KXATPCHALLENGERMATCH-26APR17TULBRO-BRO,45,91,44,2362,43,6113,42,7397,41,800,46,8,47,3849,48,3122,49,2577,50,8335,45.5
2026-04-17 10:36:33 PM,KXATPCHALLENGERMATCH-26APR17TULBRO-BRO,45,91,44,2829,43,6113,42,7397,41,800,46,8,47,3849,48,3122,49,2577,50,8335,45.5
2026-04-17 10:36:33 PM,KXATPCHALLENGERMATCH-26APR17TULBRO-BRO,45,91,44,2829,43,6113,42,7397,41,800,46,8,47,3849,48,3122,49,2552,50,8335,45.5
2026-04-17 10:36:33 PM,KXATPCHALLENGERMATCH-26APR17TULBRO-BRO,45,91,44,2829,43,6113,42,7397,41,800,46,8,47,3849,48,3122,49,2552,50,8360,45.5
2026-04-17 10:36:33 PM,KXATPCHALLENGERMATCH-26APR17TULBRO-BRO,45,91,44,2829,43,6113,42,7397,41,800,46,8,47,3849,48,3122,49,3018,50,8360,45.5
2026-04-17 10:36:33 PM,KXATPCHALLENGERMATCH-26APR17TULBRO-BRO,45,91,44,2829,43,6113,42,7397,41,800,46,8,47,3849,48,2655,49,3018,50,8360,45.5
2026-04-17 10:36:34 PM,KXATPCHALLENGERMATCH-26APR17TULBRO-BRO,45,91,44,2829,43,6113,42,7397,41,800,46,8,47,3849,48,2655,49,2552,50,8360,45.5
2026-04-17 10:36:36 PM,KXATPCHALLENGERMATCH-26APR17TULBRO-BRO,45,91,44,2829,43,6113,42,7397,41,800,46,8,47,3839,48,2655,49,2552,50,8360,45.5
2026-04-17 10:36:37 PM,KXATPCHALLENGERMATCH-26APR17TULBRO-BRO,45,91,44,2029,43,6113,42,7397,41,800,46,8,47,3839,48,2655,49,2552,50,8360,45.5
2026-04-17 10:36:37 PM,KXATPCHALLENGERMATCH-26APR17TULBRO-BRO,45,91,44,2029,43,6113,42,7397,38,3039,46,8,47,3839,48,2655,49,2552,50,8360,45.5
2026-04-17 10:36:37 PM,KXATPCHALLENGERMATCH-26APR17TULBRO-BRO,45,91,44,2029,43,6113,42,7397,38,3039,46,8,47,3039,48,2655,49,2552,50,8360,45.5
2026-04-17 10:36:37 PM,KXATPCHALLENGERMATCH-26APR17TULBRO-BRO,45,91,44,2029,43,6113,42,7397,38,3039,46,8,47,3039,48,2655,49,1752,50,8360,45.5
2026-04-17 10:36:37 PM,KXATPCHALLENGERMATCH-26APR17TULBRO-BRO,45,91,44,2029,43,6913,42,7397,38,3039,46,8,47,3039,48,2655,49,1752,50,8360,45.5
2026-04-17 10:36:37 PM,KXATPCHALLENGERMATCH-26APR17TULBRO-BRO,45,891,44,2029,43,6913,42,7397,38,3039,46,8,47,3039,48,2655,49,1752,50,8360,45.5
2026-04-17 10:36:37 PM,KXATPCHALLENGERMATCH-26APR17TULBRO-BRO,45,891,44,2029,43,6913,42,7397,38,3039,46,8,47,3039,48,3455,49,1752,50,8360,45.5
2026-04-17 10:36:52 PM,KXATPCHALLENGERMATCH-26APR17TULBRO-BRO,45,1357,44,2029,43,6913,42,7397,38,3039,46,8,47,3039,48,3455,49,1752,50,8360,45.5
2026-04-17 10:36:52 PM,KXATPCHALLENGERMATCH-26APR17TULBRO-BRO,45,1357,44,2029,43,6913,42,7397,38,3039,46,8,47,3039,48,3455,49,2218,50,8360,45.5
2026-04-17 10:36:52 PM,KXATPCHALLENGERMATCH-26APR17TULBRO-BRO,45,1357,44,1562,43,6913,42,7397,38,3039,46,8,47,3039,48,3455,49,2218,50,8360,45.5
2026-04-17 10:36:52 PM,KXATPCHALLENGERMATCH-26APR17TULBRO-BRO,45,1555,44,1562,43,6913,42,7397,38,3039,46,8,47,3039,48,3455,49,2218,50,8360,45.5
2026-04-17 10:36:52 PM,KXATPCHALLENGERMATCH-26APR17TULBRO-BRO,45,1555,44,1623,43,6913,42,7397,38,3039,46,8,47,3039,48,3455,49,2218,50,8360,45.5
2026-04-17 10:36:52 PM,KXATPCHALLENGERMATCH-26APR17TULBRO-BRO,45,1555,44,1623,43,6913,42,7397,39,256,46,8,47,3039,48,3455,49,2218,50,8360,45.5
2026-04-17 10:36:59 PM,KXATPCHALLENGERMATCH-26APR17TULBRO-BRO,45,1555,44,1623,43,6913,42,7397,39,256,46,8,47,3029,48,3455,49,2218,50,8360,45.5
2026-04-17 10:37:02 PM,KXATPCHALLENGERMATCH-26APR17TULBRO-BRO,45,1555,44,1623,43,6913,42,7397,39,256,46,8,47,3029,48,3921,49,2218,50,8360,45.5
2026-04-17 10:37:02 PM,KXATPCHALLENGERMATCH-26APR17TULBRO-BRO,45,1555,44,1623,43,6913,42,7397,39,256,46,8,47,3029,48,3921,49,1752,50,8360,45.5
2026-04-17 10:37:02 PM,KXATPCHALLENGERMATCH-26APR17TULBRO-BRO,45,1555,44,2089,43,6913,42,7397,39,256,46,8,47,3029,48,3921,49,1752,50,8360,45.5
2026-04-17 10:37:02 PM,KXATPCHALLENGERMATCH-26APR17TULBRO-BRO,45,1089,44,2089,43,6913,42,7397,39,256,46,8,47,3029,48,3921,49,1752,50,8360,45.5
2026-04-17 10:37:09 PM,KXATPCHALLENGERMATCH-26APR17TULBRO-BRO,45,1089,44,2089,43,6913,42,7397,39,256,46,8,47,3021,48,3921,49,1752,50,8360,45.5
2026-04-17 10:37:13 PM,KXATPCHALLENGERMATCH-26APR17TULBRO-BRO,45,1555,44,2089,43,6913,42,7397,39,256,46,8,47,3021,48,3921,49,1752,50,8360,45.5
2026-04-17 10:37:13 PM,KXATPCHALLENGERMATCH-26APR17TULBRO-BRO,45,1555,44,2089,43,6913,42,7397,39,256,46,8,47,3021,48,3921,49,2218,50,8360,45.5
2026-04-17 10:37:13 PM,KXATPCHALLENGERMATCH-26APR17TULBRO-BRO,45,1555,44,2089,43,6913,42,7397,39,256,46,8,47,3021,48,3455,49,2218,50,8360,45.5
2026-04-17 10:37:13 PM,KXATPCHALLENGERMATCH-26APR17TULBRO-BRO,45,1555,44,1623,43,6913,42,7397,39,256,46,8,47,3021,48,3455,49,2218,50,8360,45.5
2026-04-17 10:37:21 PM,KXATPCHALLENGERMATCH-26APR17TULBRO-BRO,45,1089,44,1623,43,6913,42,7397,39,256,46,8,47,3021,48,3455,49,2218,50,8360,45.5
2026-04-17 10:37:21 PM,KXATPCHALLENGERMATCH-26APR17TULBRO-BRO,45,1089,44,2089,43,6913,42,7397,39,256,46,8,47,3021,48,3455,49,2218,50,8360,45.5
2026-04-17 10:37:21 PM,KXATPCHALLENGERMATCH-26APR17TULBRO-BRO,45,1089,44,2089,43,6913,42,7397,39,256,46,8,47,3021,48,3921,49,2218,50,8360,45.5
2026-04-17 10:37:22 PM,KXATPCHALLENGERMATCH-26APR17TULBRO-BRO,45,1089,44,2089,43,6913,42,7397,39,256,46,8,47,3021,48,3921,49,1752,50,8360,45.5
2026-04-17 10:37:35 PM,KXATPCHALLENGERMATCH-26APR17TULBRO-BRO,45,1089,44,2089,43,6913,42,6997,39,256,46,8,47,3021,48,3921,49,1752,50,8360,45.5
2026-04-17 10:37:39 PM,KXATPCHALLENGERMATCH-26APR17TULBRO-BRO,45,1089,44,2089,43,7313,42,6997,39,256,46,8,47,3021,48,3921,49,1752,50,8360,45.5
2026-04-17 10:37:53 PM,KXATPCHALLENGERMATCH-26APR17TULBRO-BRO,45,1089,44,2089,43,7313,42,6997,39,256,46,8,47,3021,48,3910,49,1752,50,8360,45.5
2026-04-17 10:37:53 PM,KXATPCHALLENGERMATCH-26APR17TULBRO-BRO,45,1089,44,2089,43,7313,42,6997,39,256,46,8,47,3021,48,3910,49,1752,50,8370,45.5
2026-04-17 10:37:53 PM,KXATPCHALLENGERMATCH-26APR17TULBRO-BRO,45,1099,44,2089,43,7313,42,6997,39,256,46,8,47,3021,48,3910,49,1752,50,8370,45.5
2026-04-17 10:38:11 PM,KXATPCHALLENGERMATCH-26APR17TULBRO-BRO,45,1099,44,2043,43,7313,42,6997,39,256,46,8,47,3021,48,3910,49,1752,50,8370,45.5
2026-04-17 10:38:13 PM,KXATPCHALLENGERMATCH-26APR17TULBRO-BRO,45,299,44,2043,43,7313,42,6997,39,256,46,8,47,3021,48,3910,49,1752,50,8370,45.5
2026-04-17 10:38:13 PM,KXATPCHALLENGERMATCH-26APR17TULBRO-BRO,45,299,44,2043,43,6513,42,6997,39,256,46,8,47,3021,48,3910,49,1752,50,8370,45.5
2026-04-17 10:38:13 PM,KXATPCHALLENGERMATCH-26APR17TULBRO-BRO,45,299,44,2043,43,6513,42,6997,39,256,46,8,47,3021,48,3110,49,1752,50,8370,45.5
2026-04-17 10:38:13 PM,KXATPCHALLENGERMATCH-26APR17TULBRO-BRO,45,299,44,2043,43,6513,42,6997,41,800,46,8,47,3021,48,3110,49,1752,50,8370,45.5
2026-04-17 10:38:13 PM,KXATPCHALLENGERMATCH-26APR17TULBRO-BRO,45,299,44,2843,43,6513,42,6997,41,800,46,8,47,3021,48,3110,49,1752,50,8370,45.5
2026-04-17 10:38:13 PM,KXATPCHALLENGERMATCH-26APR17TULBRO-BRO,45,299,44,2843,43,6513,42,6997,41,800,46,8,47,3021,48,3110,49,2552,50,8370,45.5
2026-04-17 10:38:13 PM,KXATPCHALLENGERMATCH-26APR17TULBRO-BRO,45,299,44,2843,43,6513,42,6997,41,800,46,8,47,3821,48,3110,49,2552,50,8370,45.5
2026-04-17 10:38:17 PM,KXATPCHALLENGERMATCH-26APR17TULBRO-BRO,45,299,44,2843,43,6513,42,6997,41,800,46,8,47,3809,48,3110,49,2552,50,8370,45.5
2026-04-17 10:38:17 PM,KXATPCHALLENGERMATCH-26APR17TULBRO-BRO,45,299,44,2843,43,6513,42,6997,41,800,46,8,47,3791,48,3110,49,2552,50,8370,45.5
2026-04-17 10:38:58 PM,KXATPCHALLENGERMATCH-26APR17TULBRO-BRO,45,299,44,2843,43,6113,42,6997,41,800,46,8,47,3791,48,3110,49,2552,50,8370,45.5
2026-04-17 10:39:01 PM,KXATPCHALLENGERMATCH-26APR17TULBRO-BRO,45,299,44,2843,43,6113,42,7397,41,800,46,8,47,3791,48,3110,49,2552,50,8370,45.5
2026-04-17 10:39:09 PM,KXATPCHALLENGERMATCH-26APR17TULBRO-BRO,45,766,44,2843,43,6113,42,7397,41,800,46,8,47,3791,48,3110,49,2552,50,8370,45.5
2026-04-17 10:39:09 PM,KXATPCHALLENGERMATCH-26APR17TULBRO-BRO,45,766,44,2843,43,6113,42,7397,41,800,46,8,47,3791,48,3110,49,3019,50,8370,45.5
2026-04-17 10:39:09 PM,KXATPCHALLENGERMATCH-26APR17TULBRO-BRO,45,766,44,2843,43,6113,42,7397,41,800,46,8,47,3791,48,2644,49,3019,50,8370,45.5
2026-04-17 10:39:09 PM,KXATPCHALLENGERMATCH-26APR17TULBRO-BRO,45,766,44,2377,43,6113,42,7397,41,800,46,8,47,3791,48,2644,49,3019,50,8370,45.5
2026-04-17 10:39:22 PM,KXATPCHALLENGERMATCH-26APR17TULBRO-BRO,45,766,44,2377,43,6113,42,7397,41,800,46,8,47,3691,48,2644,49,3019,50,8370,45.5
2026-04-17 10:39:22 PM,KXATPCHALLENGERMATCH-26APR17TULBRO-BRO,45,766,44,2377,43,6113,42,7397,41,800,46,8,47,3691,48,3111,49,3019,50,8370,45.5
2026-04-17 10:39:22 PM,KXATPCHALLENGERMATCH-26APR17TULBRO-BRO,45,766,44,2377,43,6113,42,7397,41,800,46,8,47,3691,48,3111,49,2552,50,8370,45.5
2026-04-17 10:39:27 PM,KXATPCHALLENGERMATCH-26APR17TULBRO-BRO,45,766,44,2377,43,6113,42,7397,41,800,46,8,47,3691,48,2644,49,2552,50,8370,45.5
2026-04-17 10:39:30 PM,KXATPCHALLENGERMATCH-26APR17TULBRO-BRO,45,766,44,2377,43,6113,42,7397,41,800,46,8,47,3683,48,2644,49,2552,50,8370,45.5
2026-04-17 10:39:30 PM,KXATPCHALLENGERMATCH-26APR17TULBRO-BRO,45,766,44,2377,43,6113,42,7397,41,800,46,8,47,3683,48,2644,49,3019,50,8370,45.5
2026-04-17 10:39:33 PM,KXATPCHALLENGERMATCH-26APR17TULBRO-BRO,45,766,44,2377,43,6113,42,7397,41,800,46,8,47,3683,48,2644,49,3019,50,8345,45.5
2026-04-17 10:39:33 PM,KXATPCHALLENGERMATCH-26APR17TULBRO-BRO,45,766,44,2377,43,6113,42,7397,41,800,46,8,47,3683,48,2644,49,3019,50,8370,45.5
2026-04-17 10:39:40 PM,KXATPCHALLENGERMATCH-26APR17TULBRO-BRO,45,766,44,1577,43,6113,42,7397,41,800,46,8,47,3683,48,2644,49,3019,50,8370,45.5
2026-04-17 10:39:40 PM,KXATPCHALLENGERMATCH-26APR17TULBRO-BRO,45,766,44,1577,43,6113,42,7397,39,256,46,8,47,3683,48,2644,49,3019,50,8370,45.5
2026-04-17 10:39:40 PM,KXATPCHALLENGERMATCH-26APR17TULBRO-BRO,45,766,44,1577,43,6113,42,7397,39,256,46,8,47,2883,48,2644,49,3019,50,8370,45.5
2026-04-17 10:39:40 PM,KXATPCHALLENGERMATCH-26APR17TULBRO-BRO,45,766,44,1577,43,6113,42,7397,39,256,46,8,47,2883,48,2644,49,2219,50,8370,45.5
2026-04-17 10:39:40 PM,KXATPCHALLENGERMATCH-26APR17TULBRO-BRO,45,766,44,1577,43,6113,42,7397,39,256,46,8,47,2883,48,3111,49,2219,50,8370,45.5
2026-04-17 10:39:40 PM,KXATPCHALLENGERMATCH-26APR17TULBRO-BRO,45,766,44,1577,43,6913,42,7397,39,256,46,8,47,2883,48,3111,49,2219,50,8370,45.5
2026-04-17 10:39:40 PM,KXATPCHALLENGERMATCH-26APR17TULBRO-BRO,45,1566,44,1577,43,6913,42,7397,39,256,46,8,47,2883,48,3111,49,2219,50,8370,45.5
2026-04-17 10:39:40 PM,KXATPCHALLENGERMATCH-26APR17TULBRO-BRO,45,1566,44,1577,43,6913,42,7397,39,256,46,8,47,2883,48,3911,49,2219,50,8370,45.5
2026-04-17 10:39:40 PM,KXATPCHALLENGERMATCH-26APR17TULBRO-BRO,45,1566,44,2044,43,6913,42,7397,39,256,46,8,47,2883,48,3911,49,2219,50,8370,45.5
2026-04-17 10:39:40 PM,KXATPCHALLENGERMATCH-26APR17TULBRO-BRO,45,1099,44,2044,43,6913,42,7397,39,256,46,8,47,2883,48,3911,49,2219,50,8370,45.5
2026-04-17 10:39:40 PM,KXATPCHALLENGERMATCH-26APR17TULBRO-BRO,45,1099,44,2044,43,6913,42,7397,39,256,46,8,47,2883,48,3911,49,1752,50,8370,45.5
2026-04-17 10:39:40 PM,KXATPCHALLENGERMATCH-26APR17TULBRO-BRO,45,1099,44,1577,43,6913,42,7397,39,256,46,8,47,2883,48,3911,49,1752,50,8370,45.5
2026-04-17 10:39:44 PM,KXATPCHALLENGERMATCH-26APR17TULBRO-BRO,45,1099,44,1577,43,6913,42,7397,39,256,46,8,47,2883,48,3911,49,1787,50,8370,45.5
2026-04-17 10:39:52 PM,KXATPCHALLENGERMATCH-26APR17TULBRO-BRO,45,1099,44,2044,43,6913,42,7397,39,256,46,8,47,2883,48,3911,49,1787,50,8370,45.5
2026-04-17 10:40:06 PM,KXATPCHALLENGERMATCH-26APR17TULBRO-BRO,45,1099,44,2044,43,6913,42,7397,39,256,46,8,47,2888,48,3911,49,1787,50,8370,45.5
2026-04-17 10:40:11 PM,KXATPCHALLENGERMATCH-26APR17TULBRO-BRO,45,1049,44,2044,43,6913,42,7397,39,256,46,8,47,2888,48,3911,49,1787,50,8370,45.5
2026-04-17 10:41:27 PM,KXATPCHALLENGERMATCH-26APR17TULBRO-BRO,45,1049,44,2044,43,6913,42,7397,39,256,46,8,47,2868,48,3911,49,1787,50,8370,45.5
2026-04-17 10:43:39 PM,KXATPCHALLENGERMATCH-26APR17TULBRO-BRO,45,1049,44,2044,43,6913,42,7397,39,256,46,8,47,2842,48,3911,49,1787,50,8370,45.5
2026-04-17 10:43:40 PM,KXATPCHALLENGERMATCH-26APR17TULBRO-BRO,45,1049,44,2044,43,6913,42,7397,39,256,46,8,47,2712,48,3911,49,1787,50,8370,45.5
2026-04-17 10:43:40 PM,KXATPCHALLENGERMATCH-26APR17TULBRO-BRO,45,1049,44,2044,43,6913,42,7397,39,256,46,8,47,2712,48,3911,49,1752,50,8370,45.5
2026-04-17 10:44:20 PM,KXATPCHALLENGERMATCH-26APR17TULBRO-BRO,45,1049,44,2044,43,6913,42,7397,39,256,46,8,47,2692,48,3911,49,1752,50,8370,45.5
2026-04-17 10:44:36 PM,KXATPCHALLENGERMATCH-26APR17TULBRO-BRO,45,1049,44,2044,43,6913,42,7397,39,256,46,8,47,2687,48,3911,49,1752,50,8370,45.5
2026-04-17 10:45:31 PM,KXATPCHALLENGERMATCH-26APR17TULBRO-BRO,45,1049,44,2044,43,6913,42,7397,39,256,46,8,47,2268,48,3911,49,1752,50,8370,45.5
2026-04-17 10:45:48 PM,KXATPCHALLENGERMATCH-26APR17TULBRO-BRO,45,1031,44,2044,43,6913,42,7397,39,256,46,8,47,2268,48,3911,49,1752,50,8370,45.5
2026-04-17 10:45:48 PM,KXATPCHALLENGERMATCH-26APR17TULBRO-BRO,45,1009,44,2044,43,6913,42,7397,39,256,46,8,47,2268,48,3911,49,1752,50,8370,45.5
2026-04-17 10:45:48 PM,KXATPCHALLENGERMATCH-26APR17TULBRO-BRO,45,864,44,2044,43,6913,42,7397,39,256,46,8,47,2268,48,3911,49,1752,50,8370,45.5
2026-04-17 10:45:48 PM,KXATPCHALLENGERMATCH-26APR17TULBRO-BRO,45,875,44,2044,43,6913,42,7397,39,256,46,8,47,2268,48,3911,49,1752,50,8370,45.5
2026-04-17 10:45:48 PM,KXATPCHALLENGERMATCH-26APR17TULBRO-BRO,45,875,44,2044,43,6913,42,7397,39,256,46,8,47,2268,48,3920,49,1752,50,8370,45.5
2026-04-17 10:45:48 PM,KXATPCHALLENGERMATCH-26APR17TULBRO-BRO,45,875,44,2044,43,6913,42,7397,39,256,46,8,47,2268,48,3920,49,1752,50,8360,45.5
2026-04-17 10:45:48 PM,KXATPCHALLENGERMATCH-26APR17TULBRO-BRO,45,875,44,2029,43,6913,42,7397,39,256,46,8,47,2268,48,3920,49,1752,50,8360,45.5
2026-04-17 10:45:48 PM,KXATPCHALLENGERMATCH-26APR17TULBRO-BRO,45,917,44,2029,43,6913,42,7397,39,256,46,8,47,2268,48,3920,49,1752,50,8360,45.5
2026-04-17 10:45:48 PM,KXATPCHALLENGERMATCH-26APR17TULBRO-BRO,45,917,44,2029,43,6913,42,7397,39,256,46,186,47,2268,48,3920,49,1752,50,8360,45.5
2026-04-17 10:45:48 PM,KXATPCHALLENGERMATCH-26APR17TULBRO-BRO,45,917,44,2029,43,6913,42,7397,39,256,46,186,47,2268,48,3920,49,1752,50,8319,45.5
2026-04-17 10:45:48 PM,KXATPCHALLENGERMATCH-26APR17TULBRO-BRO,45,917,44,2029,43,6913,42,7397,39,256,46,186,47,2263,48,3920,49,1752,50,8319,45.5
2026-04-17 10:45:48 PM,KXATPCHALLENGERMATCH-26APR17TULBRO-BRO,45,917,44,2029,43,6913,42,7397,39,256,46,191,47,2263,48,3920,49,1752,50,8319,45.5
2026-04-17 10:45:48 PM,KXATPCHALLENGERMATCH-26APR17TULBRO-BRO,45,917,44,2029,43,6913,42,7397,39,256,46,191,47,2263,48,3920,49,1793,50,8319,45.5
2026-04-17 10:45:49 PM,KXATPCHALLENGERMATCH-26APR17TULBRO-BRO,45,917,44,2029,43,6913,42,7397,39,256,46,191,47,2263,48,3920,49,1793,50,8294,45.5
2026-04-17 10:45:49 PM,KXATPCHALLENGERMATCH-26APR17TULBRO-BRO,45,917,44,2029,43,6913,42,7397,39,256,46,191,47,2263,48,3920,49,1818,50,8294,45.5
2026-04-17 10:47:39 PM,KXATPCHALLENGERMATCH-26APR17TULBRO-BRO,45,917,44,2029,43,6913,42,7397,39,256,46,180,47,2263,48,3920,49,1818,50,8294,45.5
2026-04-17 10:48:52 PM,KXATPCHALLENGERMATCH-26APR17TULBRO-BRO,45,917,44,2029,43,6913,42,7397,39,256,46,178,47,2263,48,3920,49,1818,50,8294,45.5
2026-04-17 10:49:00 PM,KXATPCHALLENGERMATCH-26APR17TULBRO-BRO,45,917,44,2029,43,6913,42,7397,39,256,46,67,47,2263,48,3920,49,1818,50,8294,45.5
2026-04-17 10:49:00 PM,KXATPCHALLENGERMATCH-26APR17TULBRO-BRO,45,1042,44,2029,43,6913,42,7397,39,256,46,67,47,2263,48,3920,49,1818,50,8294,45.5
2026-04-17 10:49:00 PM,KXATPCHALLENGERMATCH-26APR17TULBRO-BRO,45,1042,44,2029,43,6913,42,7397,39,256,46,95,47,2263,48,3920,49,1818,50,8294,45.5
2026-04-17 10:49:00 PM,KXATPCHALLENGERMATCH-26APR17TULBRO-BRO,45,1042,44,2029,43,6913,42,7397,39,256,46,95,47,2263,48,3920,49,1853,50,8294,45.5
2026-04-17 10:49:30 PM,KXATPCHALLENGERMATCH-26APR17TULBRO-BRO,45,1042,44,1931,43,6913,42,7397,39,256,46,95,47,2263,48,3920,49,1853,50,8294,45.5
2026-04-17 10:49:30 PM,KXATPCHALLENGERMATCH-26APR17TULBRO-BRO,45,1042,44,1931,43,6818,42,7397,39,256,46,95,47,2263,48,3920,49,1853,50,8294,45.5
2026-04-17 10:49:30 PM,KXATPCHALLENGERMATCH-26APR17TULBRO-BRO,45,990,44,1931,43,6818,42,7397,39,256,46,95,47,2263,48,3920,49,1853,50,8294,45.5
2026-04-17 10:49:30 PM,KXATPCHALLENGERMATCH-26APR17TULBRO-BRO,45,990,44,1931,43,6818,42,7397,39,256,46,95,47,2263,48,3920,49,1818,50,8294,45.5
2026-04-17 10:49:30 PM,KXATPCHALLENGERMATCH-26APR17TULBRO-BRO,45,948,44,1931,43,6818,42,7397,39,256,46,95,47,2263,48,3920,49,1818,50,8294,45.5
2026-04-17 10:49:30 PM,KXATPCHALLENGERMATCH-26APR17TULBRO-BRO,45,948,44,1931,43,6818,42,7397,38,1887,46,95,47,2263,48,3920,49,1818,50,8294,45.5
2026-04-17 10:49:30 PM,KXATPCHALLENGERMATCH-26APR17TULBRO-BRO,45,823,44,1931,43,6818,42,7397,38,1887,46,95,47,2263,48,3920,49,1818,50,8294,45.5
2026-04-17 10:49:30 PM,KXATPCHALLENGERMATCH-26APR17TULBRO-BRO,45,823,44,1931,43,6818,42,7397,38,1887,46,95,47,2832,48,3920,49,1818,50,8294,45.5
2026-04-17 10:49:30 PM,KXATPCHALLENGERMATCH-26APR17TULBRO-BRO,45,823,44,1931,43,6818,42,7397,38,1887,46,95,47,3620,48,3920,49,1818,50,8294,45.5
2026-04-17 10:49:30 PM,KXATPCHALLENGERMATCH-26APR17TULBRO-BRO,45,823,44,1931,43,6818,42,7397,41,73,46,95,47,3620,48,3920,49,1818,50,8294,45.5
2026-04-17 10:49:30 PM,KXATPCHALLENGERMATCH-26APR17TULBRO-BRO,45,823,44,1931,43,6818,42,7397,41,73,46,501,47,3620,48,3920,49,1818,50,8294,45.5
2026-04-17 10:49:30 PM,KXATPCHALLENGERMATCH-26APR17TULBRO-BRO,45,823,44,1931,43,6818,42,7397,41,73,46,501,47,3620,48,3920,49,6818,50,8294,45.5
2026-04-17 10:49:30 PM,KXATPCHALLENGERMATCH-26APR17TULBRO-BRO,45,823,44,1046,43,6818,42,7397,41,73,46,501,47,3620,48,3920,49,6818,50,8294,45.5
2026-04-17 10:49:30 PM,KXATPCHALLENGERMATCH-26APR17TULBRO-BRO,45,823,44,1046,43,6818,42,7397,41,73,46,501,47,3620,48,3920,49,6818,50,3294,45.5
2026-04-17 10:49:30 PM,KXATPCHALLENGERMATCH-26APR17TULBRO-BRO,45,823,44,579,43,6818,42,7397,41,73,46,501,47,3620,48,3920,49,6818,50,3294,45.5
2026-04-17 10:49:31 PM,KXATPCHALLENGERMATCH-26APR17TULBRO-BRO,45,823,44,1046,43,6818,42,7397,41,73,46,501,47,3620,48,3920,49,6818,50,3294,45.5
2026-04-17 10:49:32 PM,KXATPCHALLENGERMATCH-26APR17TULBRO-BRO,45,823,44,1046,43,6818,42,7397,41,73,46,501,47,3620,48,3920,49,6793,50,3294,45.5
2026-04-17 10:49:32 PM,KXATPCHALLENGERMATCH-26APR17TULBRO-BRO,45,823,44,1046,43,6818,42,7397,41,73,46,536,47,3620,48,3920,49,6793,50,3294,45.5
2026-04-17 10:49:32 PM,KXATPCHALLENGERMATCH-26APR17TULBRO-BRO,45,823,44,1046,43,6818,42,7397,41,73,46,536,47,3620,48,3920,49,6818,50,3294,45.5
2026-04-17 10:49:36 PM,KXATPCHALLENGERMATCH-26APR17TULBRO-BRO,45,823,44,1046,43,6818,42,7397,40,80,46,536,47,3620,48,3920,49,6818,50,3294,45.5
2026-04-17 10:49:36 PM,KXATPCHALLENGERMATCH-26APR17TULBRO-BRO,45,823,44,1046,43,6818,42,7397,40,59,46,536,47,3620,48,3920,49,6818,50,3294,45.5
2026-04-17 10:49:36 PM,KXATPCHALLENGERMATCH-26APR17TULBRO-BRO,45,823,44,1046,43,6818,42,7397,40,59,46,603,47,3620,48,3920,49,6818,50,3294,45.5
2026-04-17 10:49:36 PM,KXATPCHALLENGERMATCH-26APR17TULBRO-BRO,45,823,44,1046,43,6818,42,7397,40,59,46,603,47,3620,48,3941,49,6818,50,3294,45.5
2026-04-17 10:49:36 PM,KXATPCHALLENGERMATCH-26APR17TULBRO-BRO,45,823,44,1046,43,6818,42,7397,40,59,46,603,47,3620,48,8941,49,6818,50,3294,45.5
2026-04-17 10:49:40 PM,KXATPCHALLENGERMATCH-26APR17TULBRO-BRO,45,823,44,1046,43,6818,42,7397,40,59,46,574,47,3620,48,8941,49,6818,50,3294,45.5
2026-04-17 10:49:40 PM,KXATPCHALLENGERMATCH-26APR17TULBRO-BRO,45,823,44,1046,43,6818,42,7397,40,79,46,574,47,3620,48,8941,49,6818,50,3294,45.5
2026-04-17 10:49:40 PM,KXATPCHALLENGERMATCH-26APR17TULBRO-BRO,45,823,44,1046,43,6818,42,7397,40,79,46,539,47,3620,48,8941,49,6818,50,3294,45.5
2026-04-17 10:49:57 PM,KXATPCHALLENGERMATCH-26APR17TULBRO-BRO,45,823,44,1046,43,6818,42,7397,40,79,46,516,47,3620,48,8941,49,6818,50,3294,45.5
2026-04-17 10:49:57 PM,KXATPCHALLENGERMATCH-26APR17TULBRO-BRO,45,823,44,1046,43,6818,42,7397,40,79,46,511,47,3620,48,8941,49,6818,50,3294,45.5
2026-04-17 10:49:57 PM,KXATPCHALLENGERMATCH-26APR17TULBRO-BRO,45,823,44,1046,43,6818,42,7397,40,79,46,483,47,3620,48,8941,49,6818,50,3294,45.5
2026-04-17 10:49:57 PM,KXATPCHALLENGERMATCH-26APR17TULBRO-BRO,45,823,44,1046,43,6818,42,7397,40,79,46,77,47,3620,48,8941,49,6818,50,3294,45.5
2026-04-17 10:49:57 PM,KXATPCHALLENGERMATCH-26APR17TULBRO-BRO,45,823,44,1046,43,6818,42,7397,40,79,46,10,47,3620,48,8941,49,6818,50,3294,45.5
2026-04-17 10:49:57 PM,KXATPCHALLENGERMATCH-26APR17TULBRO-BRO,45,823,44,1046,43,6818,42,7397,40,79,46,10,47,3144,48,8941,49,6818,50,3294,45.5
2026-04-17 10:49:57 PM,KXATPCHALLENGERMATCH-26APR17TULBRO-BRO,45,823,44,1046,43,6818,42,7397,40,79,46,10,47,3144,48,8941,49,6777,50,3294,45.5
2026-04-17 10:49:57 PM,KXATPCHALLENGERMATCH-26APR17TULBRO-BRO,45,823,44,1046,43,6818,42,7397,40,79,46,10,47,3144,48,8941,49,6777,50,3335,45.5
2026-04-17 10:49:57 PM,KXATPCHALLENGERMATCH-26APR17TULBRO-BRO,45,823,44,1046,43,6818,42,7397,40,59,46,10,47,3144,48,8941,49,6777,50,3335,45.5
2026-04-17 10:49:57 PM,KXATPCHALLENGERMATCH-26APR17TULBRO-BRO,45,823,44,1046,43,6818,42,7397,38,1825,46,10,47,3144,48,8941,49,6777,50,3335,45.5
2026-04-17 10:49:57 PM,KXATPCHALLENGERMATCH-26APR17TULBRO-BRO,45,823,44,1046,43,6818,42,7397,38,1825,46,10,47,3144,48,8925,49,6777,50,3335,45.5
2026-04-17 10:49:57 PM,KXATPCHALLENGERMATCH-26APR17TULBRO-BRO,45,1011,44,1046,43,6818,42,7397,38,1825,46,10,47,3144,48,8925,49,6777,50,3335,45.5
2026-04-17 10:49:57 PM,KXATPCHALLENGERMATCH-26APR17TULBRO-BRO,45,1011,44,1143,43,6818,42,7397,38,1825,46,10,47,3144,48,8925,49,6777,50,3335,45.5
2026-04-17 10:49:57 PM,KXATPCHALLENGERMATCH-26APR17TULBRO-BRO,45,1011,44,1143,43,6914,42,7397,38,1825,46,10,47,3144,48,8925,49,6777,50,3335,45.5
2026-04-17 10:49:57 PM,KXATPCHALLENGERMATCH-26APR17TULBRO-BRO,45,1011,44,1143,43,6914,42,7397,38,1825,46,137,47,3144,48,8925,49,6777,50,3335,45.5
2026-04-17 10:50:00 PM,KXATPCHALLENGERMATCH-26APR17TULBRO-BRO,45,1011,44,1143,43,6914,42,7397,38,5600,46,137,47,3144,48,8925,49,6777,50,3335,45.5
2026-04-17 10:50:00 PM,KXATPCHALLENGERMATCH-26APR17TULBRO-BRO,45,1011,44,1143,43,6914,42,7397,38,1887,46,137,47,3144,48,8925,49,6777,50,3335,45.5
2026-04-17 10:50:33 PM,KXATPCHALLENGERMATCH-26APR17TULBRO-BRO,45,1011,44,1143,43,6914,42,7397,38,1887,46,137,47,3321,48,8925,49,6777,50,3335,45.5
2026-04-17 10:51:18 PM,KXATPCHALLENGERMATCH-26APR17TULBRO-BRO,45,1011,44,1143,43,6914,42,7397,38,1887,46,137,47,3144,48,8925,49,6777,50,3335,45.5
2026-04-17 10:51:40 PM,KXATPCHALLENGERMATCH-26APR17TULBRO-BRO,45,1811,44,1143,43,6914,42,7397,38,1887,46,137,47,3144,48,8925,49,6777,50,3335,45.5
2026-04-17 10:51:47 PM,KXATPCHALLENGERMATCH-26APR17TULBRO-BRO,45,1767,44,1143,43,6914,42,7397,38,1887,46,137,47,3144,48,8925,49,6777,50,3335,45.5
2026-04-17 10:51:47 PM,KXATPCHALLENGERMATCH-26APR17TULBRO-BRO,45,1767,44,1143,43,6914,42,7397,38,1887,46,172,47,3144,48,8925,49,6777,50,3335,45.5
2026-04-17 10:51:52 PM,KXATPCHALLENGERMATCH-26APR17TULBRO-BRO,45,1730,44,1143,43,6914,42,7397,38,1887,46,172,47,3144,48,8925,49,6777,50,3335,45.5
2026-04-17 10:51:52 PM,KXATPCHALLENGERMATCH-26APR17TULBRO-BRO,45,1730,44,1143,43,6914,42,7397,38,1887,46,201,47,3144,48,8925,49,6777,50,3335,45.5
2026-04-17 10:51:54 PM,KXATPCHALLENGERMATCH-26APR17TULBRO-BRO,45,1713,44,1143,43,6914,42,7397,38,1887,46,201,47,3144,48,8925,49,6777,50,3335,45.5
2026-04-17 10:51:57 PM,KXATPCHALLENGERMATCH-26APR17TULBRO-BRO,45,1713,44,1143,43,6914,42,7397,31,323,46,201,47,3144,48,8925,49,6777,50,3335,45.5
2026-04-17 10:52:44 PM,KXATPCHALLENGERMATCH-26APR17TULBRO-BRO,45,1623,44,1143,43,6914,42,7397,31,323,46,201,47,3144,48,8925,49,6777,50,3335,45.5
2026-04-17 10:52:44 PM,KXATPCHALLENGERMATCH-26APR17TULBRO-BRO,45,1623,44,1131,43,6914,42,7397,31,323,46,201,47,3144,48,8925,49,6777,50,3335,45.5
2026-04-17 10:52:44 PM,KXATPCHALLENGERMATCH-26APR17TULBRO-BRO,45,1623,44,1131,43,6914,42,7492,31,323,46,201,47,3144,48,8925,49,6777,50,3335,45.5
2026-04-17 10:52:44 PM,KXATPCHALLENGERMATCH-26APR17TULBRO-BRO,45,1623,44,1131,43,6914,42,7492,31,323,46,294,47,3144,48,8925,49,6777,50,3335,45.5
2026-04-17 10:52:57 PM,KXATPCHALLENGERMATCH-26APR17TULBRO-BRO,45,1623,44,1131,43,6914,42,7492,31,323,46,286,47,3144,48,8925,49,6777,50,3335,45.5
2026-04-17 10:53:03 PM,KXATPCHALLENGERMATCH-26APR17TULBRO-BRO,45,2090,44,1131,43,6914,42,7492,31,323,46,286,47,3144,48,8925,49,6777,50,3335,45.5
2026-04-17 10:53:03 PM,KXATPCHALLENGERMATCH-26APR17TULBRO-BRO,45,2090,44,1131,43,6914,42,7492,31,323,46,286,47,3144,48,8925,49,7244,50,3335,45.5
2026-04-17 10:53:03 PM,KXATPCHALLENGERMATCH-26APR17TULBRO-BRO,45,2090,44,1131,43,6914,42,7492,31,323,46,286,47,3144,48,8458,49,7244,50,3335,45.5
2026-04-17 10:53:03 PM,KXATPCHALLENGERMATCH-26APR17TULBRO-BRO,45,2090,44,1131,43,6914,42,7492,31,323,46,286,47,3144,48,3458,49,7244,50,3335,45.5
2026-04-17 10:53:03 PM,KXATPCHALLENGERMATCH-26APR17TULBRO-BRO,45,2090,44,1131,43,6914,42,7492,31,323,46,286,47,3144,48,3458,49,7244,50,8335,45.5
2026-04-17 10:53:03 PM,KXATPCHALLENGERMATCH-26APR17TULBRO-BRO,45,2090,44,664,43,6914,42,7492,31,323,46,286,47,3144,48,3458,49,7244,50,8335,45.5
2026-04-17 10:53:03 PM,KXATPCHALLENGERMATCH-26APR17TULBRO-BRO,45,1623,44,664,43,6914,42,7492,31,323,46,286,47,3144,48,3458,49,7244,50,8335,45.5
2026-04-17 10:53:03 PM,KXATPCHALLENGERMATCH-26APR17TULBRO-BRO,45,1623,44,664,43,6914,42,7492,31,323,46,286,47,3144,48,3458,49,7244,50,3335,45.5
2026-04-17 10:53:04 PM,KXATPCHALLENGERMATCH-26APR17TULBRO-BRO,45,1623,44,664,43,6914,42,7492,38,1939,46,286,47,3144,48,3458,49,7244,50,3335,45.5
2026-04-17 10:53:04 PM,KXATPCHALLENGERMATCH-26APR17TULBRO-BRO,45,1623,44,664,43,6914,42,7492,38,5600,46,286,47,3144,48,3458,49,7244,50,3335,45.5
2026-04-17 10:53:10 PM,KXATPCHALLENGERMATCH-26APR17TULBRO-BRO,45,1623,44,664,43,6914,42,7492,38,5600,46,196,47,3144,48,3458,49,7244,50,3335,45.5
2026-04-17 10:53:10 PM,KXATPCHALLENGERMATCH-26APR17TULBRO-BRO,45,1623,44,664,43,6914,42,7397,38,5600,46,196,47,3144,48,3458,49,7244,50,3335,45.5
2026-04-17 10:53:10 PM,KXATPCHALLENGERMATCH-26APR17TULBRO-BRO,45,1623,44,664,43,6914,42,7397,38,5600,46,196,47,3144,48,3458,49,7244,50,8335,45.5
2026-04-17 10:53:10 PM,KXATPCHALLENGERMATCH-26APR17TULBRO-BRO,45,1712,44,664,43,6914,42,7397,38,5600,46,196,47,3144,48,3458,49,7244,50,8335,45.5
2026-04-17 10:53:10 PM,KXATPCHALLENGERMATCH-26APR17TULBRO-BRO,45,1712,44,664,43,6914,42,7397,39,256,46,196,47,3144,48,3458,49,7244,50,8335,45.5
2026-04-17 10:53:10 PM,KXATPCHALLENGERMATCH-26APR17TULBRO-BRO,45,1712,44,664,43,6914,42,7397,39,256,46,219,47,3144,48,3458,49,7244,50,8335,45.5
2026-04-17 10:53:11 PM,KXATPCHALLENGERMATCH-26APR17TULBRO-BRO,45,1693,44,664,43,6914,42,7397,39,256,46,219,47,3144,48,3458,49,7244,50,8335,45.5
2026-04-17 10:53:12 PM,KXATPCHALLENGERMATCH-26APR17TULBRO-BRO,45,1693,44,1166,43,6914,42,7397,39,256,46,219,47,3144,48,3458,49,7244,50,8335,45.5
2026-04-17 10:53:12 PM,KXATPCHALLENGERMATCH-26APR17TULBRO-BRO,45,1693,44,1166,43,6914,42,7397,39,256,46,219,47,3144,48,3960,49,7244,50,8335,45.5
2026-04-17 10:53:13 PM,KXATPCHALLENGERMATCH-26APR17TULBRO-BRO,45,1693,44,1166,43,6914,42,7397,39,256,46,219,47,3144,48,3960,49,6777,50,8335,45.5
2026-04-17 10:53:15 PM,KXATPCHALLENGERMATCH-26APR17TULBRO-BRO,45,1693,44,664,43,6914,42,7397,39,256,46,219,47,3144,48,3960,49,6777,50,8335,45.5
2026-04-17 10:53:19 PM,KXATPCHALLENGERMATCH-26APR17TULBRO-BRO,45,1693,44,664,43,6914,42,7397,39,256,46,219,47,3144,48,3458,49,6777,50,8335,45.5
2026-04-17 10:53:24 PM,KXATPCHALLENGERMATCH-26APR17TULBRO-BRO,45,1693,44,1166,43,6914,42,7397,39,256,46,219,47,3144,48,3458,49,6777,50,8335,45.5
2026-04-17 10:53:24 PM,KXATPCHALLENGERMATCH-26APR17TULBRO-BRO,45,1693,44,1166,43,6914,42,7397,39,256,46,219,47,3144,48,3960,49,6777,50,8335,45.5
2026-04-17 10:53:24 PM,KXATPCHALLENGERMATCH-26APR17TULBRO-BRO,45,1693,44,1166,43,6914,42,7397,39,256,46,191,47,3144,48,3960,49,6777,50,8335,45.5
2026-04-17 10:53:24 PM,KXATPCHALLENGERMATCH-26APR17TULBRO-BRO,45,1693,44,1166,43,6914,42,7397,39,256,46,156,47,3144,48,3960,49,6777,50,8335,45.5
2026-04-17 10:53:24 PM,KXATPCHALLENGERMATCH-26APR17TULBRO-BRO,45,1693,44,1166,43,6914,42,7397,39,256,46,127,47,3144,48,3960,49,6777,50,8335,45.5
2026-04-17 10:53:24 PM,KXATPCHALLENGERMATCH-26APR17TULBRO-BRO,45,1693,44,1166,43,6914,42,7397,39,256,46,34,47,3144,48,3960,49,6777,50,8335,45.5
2026-04-17 10:53:24 PM,KXATPCHALLENGERMATCH-26APR17TULBRO-BRO,45,1693,44,1166,43,6914,42,7397,39,256,46,12,47,3144,48,3960,49,6777,50,8335,45.5
2026-04-17 10:53:24 PM,KXATPCHALLENGERMATCH-26APR17TULBRO-BRO,45,1693,44,1166,43,6914,42,7397,38,1951,46,12,47,3144,48,3960,49,6777,50,8335,45.5
2026-04-17 10:53:24 PM,KXATPCHALLENGERMATCH-26APR17TULBRO-BRO,45,1693,44,1166,43,6914,42,7397,38,1951,46,12,47,3144,48,3955,49,6777,50,8335,45.5
2026-04-17 10:53:24 PM,KXATPCHALLENGERMATCH-26APR17TULBRO-BRO,45,1728,44,1166,43,6914,42,7397,38,1951,46,12,47,3144,48,3955,49,6777,50,8335,45.5
2026-04-17 10:53:25 PM,KXATPCHALLENGERMATCH-26APR17TULBRO-BRO,45,1728,44,1166,43,6914,42,7397,38,1951,46,12,47,3144,48,3990,49,6777,50,8335,45.5
2026-04-17 10:53:32 PM,KXATPCHALLENGERMATCH-26APR17TULBRO-BRO,45,1878,44,1166,43,6914,42,7397,38,1951,46,12,47,3144,48,3990,49,6777,50,8335,45.5
2026-04-17 10:53:32 PM,KXATPCHALLENGERMATCH-26APR17TULBRO-BRO,45,1878,44,1166,43,6914,42,7397,38,1951,46,122,47,3144,48,3990,49,6777,50,8335,45.5
2026-04-17 10:53:32 PM,KXATPCHALLENGERMATCH-26APR17TULBRO-BRO,45,1878,44,1166,43,6914,42,7397,38,1951,46,122,47,3144,48,3955,49,6777,50,8335,45.5
2026-04-17 10:53:32 PM,KXATPCHALLENGERMATCH-26APR17TULBRO-BRO,45,1843,44,1166,43,6914,42,7397,38,1951,46,122,47,3144,48,3955,49,6777,50,8335,45.5
2026-04-17 10:53:32 PM,KXATPCHALLENGERMATCH-26APR17TULBRO-BRO,45,1843,44,1166,43,6914,42,7397,38,1951,46,122,47,3144,48,3955,49,6752,50,8335,45.5
2026-04-17 10:53:32 PM,KXATPCHALLENGERMATCH-26APR17TULBRO-BRO,45,1843,44,1166,43,6914,42,7397,38,1951,46,122,47,3144,48,3955,49,6752,50,8360,45.5
2026-04-17 10:53:58 PM,KXATPCHALLENGERMATCH-26APR17TULBRO-BRO,45,1843,44,1166,43,6914,42,7397,38,1951,46,12,47,3144,48,3955,49,6752,50,8360,45.5
2026-04-17 10:53:58 PM,KXATPCHALLENGERMATCH-26APR17TULBRO-BRO,46,390,45,1843,44,1166,43,6914,42,7397,46,12,47,3144,48,3955,49,6752,50,8360,46.0
2026-04-17 10:53:58 PM,KXATPCHALLENGERMATCH-26APR17TULBRO-BRO,46,390,45,1843,44,1156,43,6914,42,7397,46,12,47,3144,48,3955,49,6752,50,8360,46.0
2026-04-17 10:53:58 PM,KXATPCHALLENGERMATCH-26APR17TULBRO-BRO,46,392,45,1843,44,1156,43,6914,42,7397,46,12,47,3144,48,3955,49,6752,50,8360,46.0
2026-04-17 10:53:58 PM,KXATPCHALLENGERMATCH-26APR17TULBRO-BRO,46,392,45,1833,44,1156,43,6914,42,7397,46,12,47,3144,48,3955,49,6752,50,8360,46.0
2026-04-17 10:53:58 PM,KXATPCHALLENGERMATCH-26APR17TULBRO-BRO,46,392,45,1833,44,654,43,6914,42,7397,46,12,47,3144,48,3955,49,6752,50,8360,46.0
2026-04-17 10:53:58 PM,KXATPCHALLENGERMATCH-26APR17TULBRO-BRO,46,392,45,1833,44,1156,43,6914,42,7397,46,12,47,3144,48,3955,49,6752,50,8360,46.0
2026-04-17 10:53:58 PM,KXATPCHALLENGERMATCH-26APR17TULBRO-BRO,46,401,45,1833,44,1156,43,6914,42,7397,46,12,47,3144,48,3955,49,6752,50,8360,46.0
2026-04-17 10:54:06 PM,KXATPCHALLENGERMATCH-26APR17TULBRO-BRO,46,401,45,1833,44,1184,43,6914,42,7397,46,12,47,3144,48,3955,49,6752,50,8360,46.0
2026-04-17 10:54:06 PM,KXATPCHALLENGERMATCH-26APR17TULBRO-BRO,46,401,45,1833,44,1184,43,6914,42,7397,46,12,47,3144,48,3955,49,6752,50,8335,46.0
2026-04-17 10:54:06 PM,KXATPCHALLENGERMATCH-26APR17TULBRO-BRO,46,401,45,1833,44,1184,43,6914,42,7397,46,12,47,3144,48,3955,49,6777,50,8335,46.0
2026-04-17 10:55:22 PM,KXATPCHALLENGERMATCH-26APR17TULBRO-BRO,46,401,45,1833,44,1184,43,6914,42,7397,46,12,47,3144,48,3955,49,6752,50,8335,46.0
2026-04-17 10:55:22 PM,KXATPCHALLENGERMATCH-26APR17TULBRO-BRO,46,401,45,1833,44,1184,43,6914,42,7397,46,12,47,3144,48,3955,49,6752,50,8360,46.0
2026-04-17 10:55:29 PM,KXATPCHALLENGERMATCH-26APR17TULBRO-BRO,46,401,45,1833,44,1184,43,6914,42,7397,46,12,47,3134,48,3955,49,6752,50,8360,46.0
2026-04-17 10:55:29 PM,KXATPCHALLENGERMATCH-26APR17TULBRO-BRO,46,401,45,1763,44,1184,43,6914,42,7397,46,12,47,3134,48,3955,49,6752,50,8360,46.0
2026-04-17 10:55:29 PM,KXATPCHALLENGERMATCH-26APR17TULBRO-BRO,46,401,45,1763,44,1099,43,6914,42,7397,46,12,47,3134,48,3955,49,6752,50,8360,46.0
2026-04-17 10:55:29 PM,KXATPCHALLENGERMATCH-26APR17TULBRO-BRO,46,401,45,1613,44,1099,43,6914,42,7397,46,12,47,3134,48,3955,49,6752,50,8360,46.0
2026-04-17 10:55:29 PM,KXATPCHALLENGERMATCH-26APR17TULBRO-BRO,46,401,45,1613,44,1099,43,6818,42,7397,46,12,47,3134,48,3955,49,6752,50,8360,46.0
2026-04-17 10:55:29 PM,KXATPCHALLENGERMATCH-26APR17TULBRO-BRO,46,401,45,1613,44,1071,43,6818,42,7397,46,12,47,3134,48,3955,49,6752,50,8360,46.0
2026-04-17 10:55:29 PM,KXATPCHALLENGERMATCH-26APR17TULBRO-BRO,46,401,45,1613,44,1071,43,6818,42,7397,46,12,47,3773,48,3955,49,6752,50,8360,46.0
2026-04-17 10:55:29 PM,KXATPCHALLENGERMATCH-26APR17TULBRO-BRO,46,401,45,1613,44,1071,43,6818,42,7397,46,12,47,3773,48,3993,49,6752,50,8360,46.0
2026-04-17 10:55:41 PM,KXATPCHALLENGERMATCH-26APR17TULBRO-BRO,46,401,45,1613,44,1071,43,6818,42,7397,46,12,47,3825,48,3993,49,6752,50,8360,46.0
2026-04-17 10:55:41 PM,KXATPCHALLENGERMATCH-26APR17TULBRO-BRO,46,401,45,1613,44,1071,43,6818,42,7397,46,12,47,3830,48,3993,49,6752,50,8360,46.0
2026-04-17 10:55:42 PM,KXATPCHALLENGERMATCH-26APR17TULBRO-BRO,46,401,45,1613,44,1071,43,6818,42,7397,46,12,47,3828,48,3993,49,6752,50,8360,46.0
2026-04-17 10:56:17 PM,KXATPCHALLENGERMATCH-26APR17TULBRO-BRO,46,401,45,1613,44,1071,43,6818,42,7397,46,12,47,3820,48,3993,49,6752,50,8360,46.0
2026-04-17 10:56:49 PM,KXATPCHALLENGERMATCH-26APR17TULBRO-BRO,46,401,45,1613,44,1071,43,6818,42,7397,46,12,47,3057,48,3993,49,6752,50,8360,46.0
2026-04-17 10:56:49 PM,KXATPCHALLENGERMATCH-26APR17TULBRO-BRO,46,401,45,1613,44,1071,43,6818,42,7397,46,12,47,2796,48,3993,49,6752,50,8360,46.0
2026-04-17 10:56:59 PM,KXATPCHALLENGERMATCH-26APR17TULBRO-BRO,46,411,45,1613,44,1071,43,6818,42,7397,46,12,47,2796,48,3993,49,6752,50,8360,46.0
2026-04-17 10:56:59 PM,KXATPCHALLENGERMATCH-26APR17TULBRO-BRO,46,411,45,1613,44,1071,43,6818,42,7397,46,12,47,2796,48,3993,49,6752,50,8369,46.0
2026-04-17 10:56:59 PM,KXATPCHALLENGERMATCH-26APR17TULBRO-BRO,46,411,45,1613,44,1071,43,6818,42,7397,46,12,47,2796,48,3984,49,6752,50,8369,46.0
2026-04-17 10:57:15 PM,KXATPCHALLENGERMATCH-26APR17TULBRO-BRO,46,411,45,1613,44,1071,43,6818,42,7397,46,12,47,2745,48,3984,49,6752,50,8369,46.0
2026-04-17 10:57:23 PM,KXATPCHALLENGERMATCH-26APR17TULBRO-BRO,46,411,45,1613,44,1071,43,6818,42,7397,46,12,47,2695,48,3984,49,6752,50,8369,46.0
2026-04-17 10:57:35 PM,KXATPCHALLENGERMATCH-26APR17TULBRO-BRO,46,411,45,1613,44,1071,43,6818,42,7397,46,12,47,2507,48,3984,49,6752,50,8369,46.0
2026-04-17 10:57:35 PM,KXATPCHALLENGERMATCH-26APR17TULBRO-BRO,46,411,45,1613,44,1071,43,6818,42,7397,46,12,47,2496,48,3984,49,6752,50,8369,46.0
2026-04-17 10:57:45 PM,KXATPCHALLENGERMATCH-26APR17TULBRO-BRO,46,411,45,1613,44,1071,43,6818,42,7397,46,12,47,2444,48,3984,49,6752,50,8369,46.0
2026-04-17 10:57:46 PM,KXATPCHALLENGERMATCH-26APR17TULBRO-BRO,46,411,45,1613,44,1071,43,6818,42,7397,46,12,47,2383,48,3984,49,6752,50,8369,46.0
2026-04-17 10:57:49 PM,KXATPCHALLENGERMATCH-26APR17TULBRO-BRO,46,411,45,1613,44,1071,43,6818,42,7397,46,12,47,2375,48,3984,49,6752,50,8369,46.0
2026-04-17 10:57:54 PM,KXATPCHALLENGERMATCH-26APR17TULBRO-BRO,46,411,45,1613,44,1071,43,6818,42,7397,46,12,47,1957,48,3984,49,6752,50,8369,46.0
2026-04-17 10:57:54 PM,KXATPCHALLENGERMATCH-26APR17TULBRO-BRO,46,411,45,1613,44,1071,43,6818,42,7397,46,12,47,1388,48,3984,49,6752,50,8369,46.0
2026-04-17 10:57:54 PM,KXATPCHALLENGERMATCH-26APR17TULBRO-BRO,46,411,45,1613,44,1071,43,6818,42,7397,46,12,47,1371,48,3984,49,6752,50,8369,46.0
2026-04-17 10:58:07 PM,KXATPCHALLENGERMATCH-26APR17TULBRO-BRO,46,411,45,813,44,1071,43,6818,42,7397,46,12,47,1371,48,3984,49,6752,50,8369,46.0
2026-04-17 10:58:07 PM,KXATPCHALLENGERMATCH-26APR17TULBRO-BRO,46,1211,45,813,44,1071,43,6818,42,7397,46,12,47,1371,48,3984,49,6752,50,8369,46.0
2026-04-17 10:58:20 PM,KXATPCHALLENGERMATCH-26APR17TULBRO-BRO,46,411,45,813,44,1071,43,6818,42,7397,46,12,47,1371,48,3984,49,6752,50,8369,46.0
2026-04-17 10:58:25 PM,KXATPCHALLENGERMATCH-26APR17TULBRO-BRO,46,411,45,813,44,1071,43,6818,42,7397,46,12,47,1548,48,3984,49,6752,50,8369,46.0
2026-04-17 10:58:53 PM,KXATPCHALLENGERMATCH-26APR17TULBRO-BRO,46,1211,45,813,44,1071,43,6818,42,7397,46,12,47,1548,48,3984,49,6752,50,8369,46.0
2026-04-17 10:59:03 PM,KXATPCHALLENGERMATCH-26APR17TULBRO-BRO,46,1211,45,813,44,1071,43,6818,42,7397,46,12,47,1538,48,3984,49,6752,50,8369,46.0
2026-04-17 10:59:15 PM,KXATPCHALLENGERMATCH-26APR17TULBRO-BRO,46,1211,45,13,44,1071,43,6818,42,7397,46,12,47,1538,48,3984,49,6752,50,8369,46.0
2026-04-17 10:59:15 PM,KXATPCHALLENGERMATCH-26APR17TULBRO-BRO,46,1211,45,13,44,1071,43,6018,42,7397,46,12,47,1538,48,3984,49,6752,50,8369,46.0
2026-04-17 10:59:15 PM,KXATPCHALLENGERMATCH-26APR17TULBRO-BRO,46,1211,45,13,44,1071,43,6018,42,7397,46,12,47,1538,48,3184,49,6752,50,8369,46.0
2026-04-17 10:59:15 PM,KXATPCHALLENGERMATCH-26APR17TULBRO-BRO,46,1211,45,13,44,1871,43,6018,42,7397,46,12,47,1538,48,3184,49,6752,50,8369,46.0
2026-04-17 10:59:15 PM,KXATPCHALLENGERMATCH-26APR17TULBRO-BRO,46,1211,45,13,44,1871,43,6018,42,7397,46,12,47,1538,48,3184,49,7552,50,8369,46.0
2026-04-17 10:59:15 PM,KXATPCHALLENGERMATCH-26APR17TULBRO-BRO,46,1211,45,13,44,1871,43,6018,42,7397,46,12,47,2338,48,3184,49,7552,50,8369,46.0
2026-04-17 10:59:15 PM,KXATPCHALLENGERMATCH-26APR17TULBRO-BRO,46,1211,45,13,44,1871,43,6018,42,7397,46,12,47,2373,48,3184,49,7552,50,8369,46.0
2026-04-17 10:59:15 PM,KXATPCHALLENGERMATCH-26APR17TULBRO-BRO,46,1211,45,13,44,1871,43,6018,42,7397,46,12,47,2338,48,3184,49,7552,50,8369,46.0
2026-04-17 10:59:32 PM,KXATPCHALLENGERMATCH-26APR17TULBRO-BRO,46,1211,45,13,44,1871,43,6018,42,7397,46,12,47,2338,48,3184,49,7552,50,8344,46.0
2026-04-17 10:59:32 PM,KXATPCHALLENGERMATCH-26APR17TULBRO-BRO,46,1211,45,13,44,1871,43,6018,42,7397,46,12,47,2338,48,3219,49,7552,50,8344,46.0
2026-04-17 10:59:32 PM,KXATPCHALLENGERMATCH-26APR17TULBRO-BRO,46,1211,45,13,44,1871,43,6018,42,7397,46,12,47,2338,48,3219,49,7552,50,8369,46.0
2026-04-17 10:59:47 PM,KXATPCHALLENGERMATCH-26APR17TULBRO-BRO,46,1211,45,13,44,1871,43,6018,42,7397,46,12,47,2297,48,3219,49,7552,50,8369,46.0
2026-04-17 10:59:47 PM,KXATPCHALLENGERMATCH-26APR17TULBRO-BRO,46,1211,45,13,44,1871,43,6018,42,7397,46,12,47,2287,48,3219,49,7552,50,8369,46.0
2026-04-17 10:59:50 PM,KXATPCHALLENGERMATCH-26APR17TULBRO-BRO,46,1211,45,525,44,1871,43,6018,42,7397,46,12,47,2287,48,3219,49,7552,50,8369,46.0
2026-04-17 10:59:50 PM,KXATPCHALLENGERMATCH-26APR17TULBRO-BRO,46,1211,45,525,44,1871,43,6018,42,7397,46,12,47,2287,48,3219,49,7542,50,8369,46.0
2026-04-17 10:59:50 PM,KXATPCHALLENGERMATCH-26APR17TULBRO-BRO,46,1211,45,525,44,1871,43,6018,42,7397,46,12,47,2287,48,3219,49,7542,50,8360,46.0
2026-04-17 10:59:51 PM,KXATPCHALLENGERMATCH-26APR17TULBRO-BRO,46,1211,45,525,44,1369,43,6018,42,7397,46,12,47,2287,48,3219,49,7542,50,8360,46.0
2026-04-17 10:59:51 PM,KXATPCHALLENGERMATCH-26APR17TULBRO-BRO,46,1211,45,525,44,1369,43,6018,42,7397,46,12,47,2287,48,3219,49,7551,50,8360,46.0
2026-04-17 10:59:51 PM,KXATPCHALLENGERMATCH-26APR17TULBRO-BRO,46,1211,45,525,44,1369,43,6018,42,7397,46,12,47,2287,48,3219,49,7551,50,8370,46.0
2026-04-17 11:00:00 PM,KXATPCHALLENGERMATCH-26APR17TULBRO-BRO,46,1211,45,525,44,1369,43,6018,42,7397,46,12,47,2287,48,3219,49,7551,50,8360,46.0
2026-04-17 11:00:00 PM,KXATPCHALLENGERMATCH-26APR17TULBRO-BRO,46,1211,45,525,44,1369,43,6018,42,7397,46,12,47,1751,48,3219,49,7551,50,8360,46.0
2026-04-17 11:00:00 PM,KXATPCHALLENGERMATCH-26APR17TULBRO-BRO,46,1211,45,525,44,1369,43,6018,42,7397,46,12,47,1699,48,3219,49,7551,50,8360,46.0
2026-04-17 11:00:00 PM,KXATPCHALLENGERMATCH-26APR17TULBRO-BRO,46,1211,45,525,44,1369,43,6018,42,7397,46,12,47,1699,48,3219,49,7551,50,8267,46.0
2026-04-17 11:00:00 PM,KXATPCHALLENGERMATCH-26APR17TULBRO-BRO,46,1211,45,525,44,1369,43,6018,42,7397,46,12,47,1699,48,3181,49,7551,50,8267,46.0
2026-04-17 11:00:00 PM,KXATPCHALLENGERMATCH-26APR17TULBRO-BRO,46,1211,45,525,44,1369,43,6018,42,7397,46,12,47,1699,48,3181,49,7551,50,8239,46.0
2026-04-17 11:00:00 PM,KXATPCHALLENGERMATCH-26APR17TULBRO-BRO,46,1211,45,525,44,1369,43,6018,42,7397,46,12,47,1699,48,3181,49,7551,50,8229,46.0
2026-04-17 11:00:00 PM,KXATPCHALLENGERMATCH-26APR17TULBRO-BRO,46,1211,45,525,44,1369,43,6018,42,7397,46,12,47,1699,48,3181,49,7551,50,7826,46.0
2026-04-17 11:00:00 PM,KXATPCHALLENGERMATCH-26APR17TULBRO-BRO,46,1211,45,525,44,1369,43,6018,42,7397,46,12,47,1699,48,3181,49,7551,50,7670,46.0
2026-04-17 11:00:00 PM,KXATPCHALLENGERMATCH-26APR17TULBRO-BRO,46,1211,45,525,44,1369,43,6018,42,7397,46,12,47,1699,48,3181,49,7551,50,7643,46.0
2026-04-17 11:00:00 PM,KXATPCHALLENGERMATCH-26APR17TULBRO-BRO,46,1211,45,525,44,1369,43,6018,42,7397,46,12,47,1699,48,3181,49,7551,50,7558,46.0
2026-04-17 11:00:00 PM,KXATPCHALLENGERMATCH-26APR17TULBRO-BRO,46,1211,45,525,44,1369,43,6018,42,7397,46,12,47,1700,48,3181,49,7551,50,7558,46.0
2026-04-17 11:00:00 PM,KXATPCHALLENGERMATCH-26APR17TULBRO-BRO,46,1211,45,525,44,1369,43,6018,42,2397,46,12,47,1700,48,3181,49,7551,50,7558,46.0
2026-04-17 11:00:00 PM,KXATPCHALLENGERMATCH-26APR17TULBRO-BRO,46,1211,45,525,44,1369,43,6018,42,2397,46,12,47,1700,48,3181,49,7551,50,2558,46.0
2026-04-17 11:00:00 PM,KXATPCHALLENGERMATCH-26APR17TULBRO-BRO,46,1211,45,525,44,2097,43,6018,42,2397,46,12,47,1700,48,3181,49,7551,50,2558,46.0
2026-04-17 11:00:00 PM,KXATPCHALLENGERMATCH-26APR17TULBRO-BRO,46,1211,45,525,44,2097,43,6018,42,2397,46,12,47,1700,48,3909,49,7551,50,2558,46.0
2026-04-17 11:00:00 PM,KXATPCHALLENGERMATCH-26APR17TULBRO-BRO,46,1209,45,525,44,2097,43,6018,42,2397,46,12,47,1700,48,3909,49,7551,50,2558,46.0
2026-04-17 11:00:00 PM,KXATPCHALLENGERMATCH-26APR17TULBRO-BRO,46,1200,45,525,44,2097,43,6018,42,2397,46,12,47,1700,48,3909,49,7551,50,2558,46.0
2026-04-17 11:00:00 PM,KXATPCHALLENGERMATCH-26APR17TULBRO-BRO,46,1190,45,525,44,2097,43,6018,42,2397,46,12,47,1700,48,3909,49,7551,50,2558,46.0
2026-04-17 11:00:00 PM,KXATPCHALLENGERMATCH-26APR17TULBRO-BRO,46,1190,45,525,44,2098,43,6018,42,2397,46,12,47,1700,48,3909,49,7551,50,2558,46.0
2026-04-17 11:00:00 PM,KXATPCHALLENGERMATCH-26APR17TULBRO-BRO,46,1190,45,514,44,2098,43,6018,42,2397,46,12,47,1700,48,3909,49,7551,50,2558,46.0
2026-04-17 11:00:00 PM,KXATPCHALLENGERMATCH-26APR17TULBRO-BRO,46,1190,45,514,44,2098,43,6018,42,2397,46,12,47,1700,48,3909,49,7542,50,2558,46.0
2026-04-17 11:00:00 PM,KXATPCHALLENGERMATCH-26APR17TULBRO-BRO,46,1190,45,514,44,2098,43,6018,42,2397,46,12,47,1700,48,3909,49,7452,50,2558,46.0
2026-04-17 11:00:00 PM,KXATPCHALLENGERMATCH-26APR17TULBRO-BRO,46,1190,45,514,44,2098,43,6018,42,2397,46,12,47,1700,48,3909,49,7452,50,2548,46.0
2026-04-17 11:00:00 PM,KXATPCHALLENGERMATCH-26APR17TULBRO-BRO,46,1190,45,549,44,2098,43,6018,42,2397,46,12,47,1700,48,3909,49,7452,50,2548,46.0
2026-04-17 11:00:00 PM,KXATPCHALLENGERMATCH-26APR17TULBRO-BRO,46,1190,45,549,44,2102,43,6018,42,2397,46,12,47,1700,48,3909,49,7452,50,2548,46.0
2026-04-17 11:00:00 PM,KXATPCHALLENGERMATCH-26APR17TULBRO-BRO,46,1190,45,549,44,2102,43,6026,42,2397,46,12,47,1700,48,3909,49,7452,50,2548,46.0
2026-04-17 11:00:00 PM,KXATPCHALLENGERMATCH-26APR17TULBRO-BRO,46,1190,45,549,44,2102,43,6026,42,2397,46,12,47,1700,48,3909,49,7452,50,2553,46.0
2026-04-17 11:00:01 PM,KXATPCHALLENGERMATCH-26APR17TULBRO-BRO,46,1190,45,549,44,2102,43,6026,42,1597,46,12,47,1700,48,3909,49,7452,50,2553,46.0
2026-04-17 11:00:01 PM,KXATPCHALLENGERMATCH-26APR17TULBRO-BRO,46,1190,45,549,44,2102,43,6026,42,1597,46,12,47,1700,48,3909,49,7452,50,1753,46.0
