ts_et,ticker,bid_1,bid_1_sz,bid_2,bid_2_sz,bid_3,bid_3_sz,bid_4,bid_4_sz,bid_5,bid_5_sz,ask_1,ask_1_sz,ask_2,ask_2_sz,ask_3,ask_3_sz,ask_4,ask_4_sz,ask_5,ask_5_sz,mid
2026-04-17 09:43:06 PM,KXATPCHALLENGERMATCH-26APR17HOLBRO-BRO,83,5730,82,61484,81,421,80,1224,78,50,85,6494,86,8564,87,6772,88,36670,89,4680,84.0
2026-04-17 09:43:17 PM,KXATPCHALLENGERMATCH-26APR17HOLBRO-BRO,83,5719,82,61484,81,421,80,1224,78,50,85,6494,86,8564,87,6772,88,36670,89,4680,84.0
2026-04-17 09:44:16 PM,KXATPCHALLENGERMATCH-26APR17HOLBRO-BRO,83,5719,82,61484,81,421,80,1224,78,50,85,6493,86,8564,87,6772,88,36670,89,4680,84.0
2026-04-17 09:44:19 PM,KXATPCHALLENGERMATCH-26APR17HOLBRO-BRO,83,5719,82,61484,81,421,80,1224,78,50,85,6471,86,8564,87,6772,88,36670,89,4680,84.0
2026-04-17 09:44:20 PM,KXATPCHALLENGERMATCH-26APR17HOLBRO-BRO,83,5719,82,61671,81,421,80,1224,78,50,85,6471,86,8564,87,6772,88,36670,89,4680,84.0
2026-04-17 09:44:23 PM,KXATPCHALLENGERMATCH-26APR17HOLBRO-BRO,83,5719,82,61671,81,421,80,1224,78,50,85,6466,86,8564,87,6772,88,36670,89,4680,84.0
2026-04-17 09:44:23 PM,KXATPCHALLENGERMATCH-26APR17HOLBRO-BRO,83,5719,82,61484,81,421,80,1224,78,50,85,6466,86,8564,87,6772,88,36670,89,4680,84.0
2026-04-17 09:44:23 PM,KXATPCHALLENGERMATCH-26APR17HOLBRO-BRO,83,5719,82,61484,81,421,80,1224,78,50,85,6744,86,8564,87,6772,88,36670,89,4680,84.0
2026-04-17 09:44:23 PM,KXATPCHALLENGERMATCH-26APR17HOLBRO-BRO,83,5719,82,61484,81,421,80,1224,78,50,85,6744,86,8763,87,6772,88,36670,89,4680,84.0
2026-04-17 09:44:34 PM,KXATPCHALLENGERMATCH-26APR17HOLBRO-BRO,83,5719,82,61484,81,421,80,1224,78,50,85,6715,86,8763,87,6772,88,36670,89,4680,84.0
2026-04-17 09:44:35 PM,KXATPCHALLENGERMATCH-26APR17HOLBRO-BRO,83,5719,82,61484,81,421,80,1224,78,50,85,6715,86,6803,87,6772,88,36670,89,4680,84.0
2026-04-17 09:44:35 PM,KXATPCHALLENGERMATCH-26APR17HOLBRO-BRO,83,5719,82,61587,81,421,80,1224,78,50,85,6715,86,6803,87,6772,88,36670,89,4680,84.0
2026-04-17 09:44:35 PM,KXATPCHALLENGERMATCH-26APR17HOLBRO-BRO,83,5719,82,61587,81,421,80,1224,78,50,85,6715,86,6403,87,6772,88,36670,89,4680,84.0
2026-04-17 09:44:35 PM,KXATPCHALLENGERMATCH-26APR17HOLBRO-BRO,83,5719,82,61587,81,421,80,1224,78,50,85,6715,86,5403,87,6772,88,36670,89,4680,84.0
2026-04-17 09:44:50 PM,KXATPCHALLENGERMATCH-26APR17HOLBRO-BRO,83,5719,82,61587,81,421,80,1224,78,50,85,6665,86,5403,87,6772,88,36670,89,4680,84.0
2026-04-17 09:44:50 PM,KXATPCHALLENGERMATCH-26APR17HOLBRO-BRO,83,5719,82,61587,81,421,80,1224,78,50,85,4828,86,5403,87,6772,88,36670,89,4680,84.0
2026-04-17 09:44:50 PM,KXATPCHALLENGERMATCH-26APR17HOLBRO-BRO,83,5719,82,61587,81,421,80,1224,78,50,85,4828,86,7409,87,6772,88,36670,89,4680,84.0
2026-04-17 09:44:50 PM,KXATPCHALLENGERMATCH-26APR17HOLBRO-BRO,83,5719,82,61587,81,421,80,1224,78,50,85,4828,86,7809,87,6772,88,36670,89,4680,84.0
2026-04-17 09:44:50 PM,KXATPCHALLENGERMATCH-26APR17HOLBRO-BRO,83,5719,82,61587,81,421,80,1224,78,50,85,4828,86,8809,87,6772,88,36670,89,4680,84.0
2026-04-17 09:45:28 PM,KXATPCHALLENGERMATCH-26APR17HOLBRO-BRO,83,5719,82,61587,81,421,80,1224,78,50,85,4804,86,8809,87,6772,88,36670,89,4680,84.0
2026-04-17 09:45:28 PM,KXATPCHALLENGERMATCH-26APR17HOLBRO-BRO,83,5719,82,61587,81,421,80,1224,78,50,85,4804,86,6803,87,6772,88,36670,89,4680,84.0
2026-04-17 09:45:28 PM,KXATPCHALLENGERMATCH-26APR17HOLBRO-BRO,83,5719,82,61587,81,421,80,1224,78,50,85,6695,86,6803,87,6772,88,36670,89,4680,84.0
2026-04-17 09:45:28 PM,KXATPCHALLENGERMATCH-26APR17HOLBRO-BRO,83,5719,82,61689,81,421,80,1224,78,50,85,6695,86,6803,87,6772,88,36670,89,4680,84.0
2026-04-17 09:45:28 PM,KXATPCHALLENGERMATCH-26APR17HOLBRO-BRO,83,5719,82,61689,81,421,80,1224,78,50,85,6695,86,6403,87,6772,88,36670,89,4680,84.0
2026-04-17 09:45:28 PM,KXATPCHALLENGERMATCH-26APR17HOLBRO-BRO,83,5719,82,61689,81,421,80,1224,78,50,85,6695,86,5403,87,6772,88,36670,89,4680,84.0
2026-04-17 09:45:33 PM,KXATPCHALLENGERMATCH-26APR17HOLBRO-BRO,83,5719,82,61484,81,421,80,1224,78,50,85,6695,86,5403,87,6772,88,36670,89,4680,84.0
2026-04-17 09:45:33 PM,KXATPCHALLENGERMATCH-26APR17HOLBRO-BRO,83,5719,82,61484,81,421,80,1224,78,50,85,6695,86,7167,87,6772,88,36670,89,4680,84.0
2026-04-17 09:45:33 PM,KXATPCHALLENGERMATCH-26APR17HOLBRO-BRO,83,5719,82,61484,81,421,80,1224,78,50,85,6695,86,7567,87,6772,88,36670,89,4680,84.0
2026-04-17 09:45:33 PM,KXATPCHALLENGERMATCH-26APR17HOLBRO-BRO,83,5719,82,61484,81,421,80,1224,78,50,85,6695,86,8567,87,6772,88,36670,89,4680,84.0
2026-04-17 09:45:46 PM,KXATPCHALLENGERMATCH-26APR17HOLBRO-BRO,83,5719,82,61484,81,421,80,1224,78,50,85,6695,86,8786,87,6772,88,36670,89,4680,84.0
2026-04-17 09:45:57 PM,KXATPCHALLENGERMATCH-26APR17HOLBRO-BRO,83,5719,82,61484,81,421,80,1224,78,50,85,6637,86,8786,87,6772,88,36670,89,4680,84.0
2026-04-17 09:45:57 PM,KXATPCHALLENGERMATCH-26APR17HOLBRO-BRO,83,5719,82,61633,81,421,80,1224,78,50,85,6637,86,8786,87,6772,88,36670,89,4680,84.0
2026-04-17 09:45:59 PM,KXATPCHALLENGERMATCH-26APR17HOLBRO-BRO,83,5685,82,61633,81,421,80,1224,78,50,85,6637,86,8786,87,6772,88,36670,89,4680,84.0
2026-04-17 09:46:27 PM,KXATPCHALLENGERMATCH-26APR17HOLBRO-BRO,83,5685,82,61633,81,421,80,1224,78,50,85,6637,86,8785,87,6772,88,36670,89,4680,84.0
2026-04-17 09:46:27 PM,KXATPCHALLENGERMATCH-26APR17HOLBRO-BRO,83,5685,82,61633,81,421,80,1224,78,50,85,6638,86,8785,87,6772,88,36670,89,4680,84.0
2026-04-17 09:46:35 PM,KXATPCHALLENGERMATCH-26APR17HOLBRO-BRO,83,6685,82,61633,81,421,80,1224,78,50,85,6638,86,8785,87,6772,88,36670,89,4680,84.0
2026-04-17 09:46:43 PM,KXATPCHALLENGERMATCH-26APR17HOLBRO-BRO,83,6685,82,61633,81,421,80,1224,78,50,85,6632,86,8785,87,6772,88,36670,89,4680,84.0
2026-04-17 09:46:43 PM,KXATPCHALLENGERMATCH-26APR17HOLBRO-BRO,83,6685,82,61484,81,421,80,1224,78,50,85,6632,86,8785,87,6772,88,36670,89,4680,84.0
2026-04-17 09:46:48 PM,KXATPCHALLENGERMATCH-26APR17HOLBRO-BRO,83,6685,82,61484,81,421,80,1224,78,50,85,6630,86,8785,87,6772,88,36670,89,4680,84.0
2026-04-17 09:46:52 PM,KXATPCHALLENGERMATCH-26APR17HOLBRO-BRO,83,6685,82,61632,81,421,80,1224,78,50,85,6630,86,8785,87,6772,88,36670,89,4680,84.0
2026-04-17 09:46:55 PM,KXATPCHALLENGERMATCH-26APR17HOLBRO-BRO,83,6679,82,61632,81,421,80,1224,78,50,85,6630,86,8785,87,6772,88,36670,89,4680,84.0
2026-04-17 09:46:55 PM,KXATPCHALLENGERMATCH-26APR17HOLBRO-BRO,83,6679,82,61632,81,421,80,1224,78,50,85,6573,86,8785,87,6772,88,36670,89,4680,84.0
2026-04-17 09:46:55 PM,KXATPCHALLENGERMATCH-26APR17HOLBRO-BRO,83,6786,82,61632,81,421,80,1224,78,50,85,6573,86,8785,87,6772,88,36670,89,4680,84.0
2026-04-17 09:47:07 PM,KXATPCHALLENGERMATCH-26APR17HOLBRO-BRO,83,6786,82,61632,81,421,80,1224,78,50,85,6563,86,8785,87,6772,88,36670,89,4680,84.0
2026-04-17 09:47:07 PM,KXATPCHALLENGERMATCH-26APR17HOLBRO-BRO,83,6786,82,61484,81,421,80,1224,78,50,85,6563,86,8785,87,6772,88,36670,89,4680,84.0
2026-04-17 09:47:33 PM,KXATPCHALLENGERMATCH-26APR17HOLBRO-BRO,83,6786,82,61658,81,421,80,1224,78,50,85,6563,86,8785,87,6772,88,36670,89,4680,84.0
2026-04-17 09:47:45 PM,KXATPCHALLENGERMATCH-26APR17HOLBRO-BRO,83,6786,82,61658,81,421,80,1224,78,50,85,6530,86,8785,87,6772,88,36670,89,4680,84.0
2026-04-17 09:47:45 PM,KXATPCHALLENGERMATCH-26APR17HOLBRO-BRO,83,6786,82,61484,81,421,80,1224,78,50,85,6530,86,8785,87,6772,88,36670,89,4680,84.0
2026-04-17 09:47:49 PM,KXATPCHALLENGERMATCH-26APR17HOLBRO-BRO,83,6649,82,61484,81,421,80,1224,78,50,85,6530,86,8785,87,6772,88,36670,89,4680,84.0
2026-04-17 09:47:49 PM,KXATPCHALLENGERMATCH-26APR17HOLBRO-BRO,83,6542,82,61484,81,421,80,1224,78,50,85,6530,86,8785,87,6772,88,36670,89,4680,84.0
2026-04-17 09:47:49 PM,KXATPCHALLENGERMATCH-26APR17HOLBRO-BRO,83,6542,82,61484,81,421,80,1224,78,50,85,6530,86,6802,87,6772,88,36670,89,4680,84.0
2026-04-17 09:47:49 PM,KXATPCHALLENGERMATCH-26APR17HOLBRO-BRO,83,6542,82,61484,81,421,80,1224,78,50,85,6530,86,6402,87,6772,88,36670,89,4680,84.0
2026-04-17 09:47:49 PM,KXATPCHALLENGERMATCH-26APR17HOLBRO-BRO,83,6542,82,61484,81,421,80,1224,78,50,85,6530,86,5402,87,6772,88,36670,89,4680,84.0
2026-04-17 09:47:53 PM,KXATPCHALLENGERMATCH-26APR17HOLBRO-BRO,83,6509,82,61484,81,421,80,1224,78,50,85,6530,86,5402,87,6772,88,36670,89,4680,84.0
2026-04-17 09:48:14 PM,KXATPCHALLENGERMATCH-26APR17HOLBRO-BRO,83,6509,82,61484,81,421,80,1224,78,50,85,6507,86,5402,87,6772,88,36670,89,4680,84.0
2026-04-17 09:48:14 PM,KXATPCHALLENGERMATCH-26APR17HOLBRO-BRO,83,6509,82,61484,81,421,80,1224,78,50,85,6507,86,7354,87,6772,88,36670,89,4680,84.0
2026-04-17 09:48:14 PM,KXATPCHALLENGERMATCH-26APR17HOLBRO-BRO,83,6509,82,61669,81,421,80,1224,78,50,85,6507,86,7354,87,6772,88,36670,89,4680,84.0
2026-04-17 09:48:14 PM,KXATPCHALLENGERMATCH-26APR17HOLBRO-BRO,83,6509,82,61669,81,421,80,1224,78,50,85,6719,86,7354,87,6772,88,36670,89,4680,84.0
2026-04-17 09:48:14 PM,KXATPCHALLENGERMATCH-26APR17HOLBRO-BRO,83,6727,82,61669,81,421,80,1224,78,50,85,6719,86,7354,87,6772,88,36670,89,4680,84.0
2026-04-17 09:48:14 PM,KXATPCHALLENGERMATCH-26APR17HOLBRO-BRO,83,6727,82,61669,81,421,80,1224,78,50,85,6719,86,7754,87,6772,88,36670,89,4680,84.0
2026-04-17 09:48:14 PM,KXATPCHALLENGERMATCH-26APR17HOLBRO-BRO,83,6727,82,61669,81,421,80,1224,78,50,85,6719,86,8754,87,6772,88,36670,89,4680,84.0
2026-04-17 09:48:20 PM,KXATPCHALLENGERMATCH-26APR17HOLBRO-BRO,83,6727,82,61669,81,421,80,1224,78,50,85,6718,86,8754,87,6772,88,36670,89,4680,84.0
2026-04-17 09:48:20 PM,KXATPCHALLENGERMATCH-26APR17HOLBRO-BRO,83,6727,82,61669,81,421,80,1224,78,50,85,6718,86,8755,87,6772,88,36670,89,4680,84.0
2026-04-17 09:48:52 PM,KXATPCHALLENGERMATCH-26APR17HOLBRO-BRO,83,6727,82,61669,81,421,80,1224,77,1,85,6718,86,8755,87,6772,88,36670,89,4680,84.0
2026-04-17 09:49:00 PM,KXATPCHALLENGERMATCH-26APR17HOLBRO-BRO,83,6727,82,61669,81,421,80,1224,77,1,85,6718,86,8754,87,6772,88,36670,89,4680,84.0
2026-04-17 09:49:00 PM,KXATPCHALLENGERMATCH-26APR17HOLBRO-BRO,83,6727,82,61669,81,421,80,1224,77,1,85,6719,86,8754,87,6772,88,36670,89,4680,84.0
2026-04-17 09:49:18 PM,KXATPCHALLENGERMATCH-26APR17HOLBRO-BRO,83,6727,82,61669,81,421,80,1224,77,1,85,6655,86,8754,87,6772,88,36670,89,4680,84.0
2026-04-17 09:49:18 PM,KXATPCHALLENGERMATCH-26APR17HOLBRO-BRO,83,6727,82,61669,81,421,80,1224,77,1,85,6639,86,8754,87,6772,88,36670,89,4680,84.0
2026-04-17 09:49:25 PM,KXATPCHALLENGERMATCH-26APR17HOLBRO-BRO,83,6509,82,61669,81,421,80,1224,77,1,85,6639,86,8754,87,6772,88,36670,89,4680,84.0
2026-04-17 09:50:01 PM,KXATPCHALLENGERMATCH-26APR17HOLBRO-BRO,83,6509,82,61669,81,421,80,1224,77,1,85,6610,86,8754,87,6772,88,36670,89,4680,84.0
2026-04-17 09:50:11 PM,KXATPCHALLENGERMATCH-26APR17HOLBRO-BRO,83,6480,82,61669,81,421,80,1224,77,1,85,6610,86,8754,87,6772,88,36670,89,4680,84.0
2026-04-17 09:50:23 PM,KXATPCHALLENGERMATCH-26APR17HOLBRO-BRO,83,6480,82,61669,81,421,80,1224,77,1,85,6579,86,8754,87,6772,88,36670,89,4680,84.0
2026-04-17 09:51:15 PM,KXATPCHALLENGERMATCH-26APR17HOLBRO-BRO,83,6480,82,61669,81,421,80,1224,77,1,85,6574,86,8754,87,6772,88,36670,89,4680,84.0
2026-04-17 09:51:17 PM,KXATPCHALLENGERMATCH-26APR17HOLBRO-BRO,83,6480,82,61669,81,421,80,1224,77,1,85,6517,86,8754,87,6772,88,36670,89,4680,84.0
2026-04-17 09:51:35 PM,KXATPCHALLENGERMATCH-26APR17HOLBRO-BRO,83,6480,82,61669,81,421,80,1224,77,1,85,6516,86,8754,87,6772,88,36670,89,4680,84.0
2026-04-17 09:52:11 PM,KXATPCHALLENGERMATCH-26APR17HOLBRO-BRO,83,6480,82,61669,81,421,80,1224,77,1,85,6521,86,8754,87,6772,88,36670,89,4680,84.0
2026-04-17 09:52:23 PM,KXATPCHALLENGERMATCH-26APR17HOLBRO-BRO,83,6450,82,61669,81,421,80,1224,77,1,85,6521,86,8754,87,6772,88,36670,89,4680,84.0
2026-04-17 09:52:42 PM,KXATPCHALLENGERMATCH-26APR17HOLBRO-BRO,83,6450,82,61669,81,421,80,1224,77,1,85,6519,86,8754,87,6772,88,36670,89,4680,84.0
2026-04-17 09:52:48 PM,KXATPCHALLENGERMATCH-26APR17HOLBRO-BRO,83,6450,82,61669,81,421,80,1224,77,1,85,6514,86,8754,87,6772,88,36670,89,4680,84.0
2026-04-17 09:52:58 PM,KXATPCHALLENGERMATCH-26APR17HOLBRO-BRO,83,6450,82,61669,81,421,80,1224,77,1,85,6491,86,8754,87,6772,88,36670,89,4680,84.0
2026-04-17 09:52:59 PM,KXATPCHALLENGERMATCH-26APR17HOLBRO-BRO,83,6438,82,61669,81,421,80,1224,77,1,85,6491,86,8754,87,6772,88,36670,89,4680,84.0
2026-04-17 09:53:03 PM,KXATPCHALLENGERMATCH-26APR17HOLBRO-BRO,83,6438,82,61669,81,421,80,1224,77,1,84,5,85,6491,86,8754,87,6772,88,36670,83.5
2026-04-17 09:53:03 PM,KXATPCHALLENGERMATCH-26APR17HOLBRO-BRO,83,6430,82,61669,81,421,80,1224,77,1,84,5,85,6491,86,8754,87,6772,88,36670,83.5
2026-04-17 09:53:03 PM,KXATPCHALLENGERMATCH-26APR17HOLBRO-BRO,83,6430,82,61669,81,421,80,1224,77,1,84,5,85,6483,86,8754,87,6772,88,36670,83.5
2026-04-17 09:53:22 PM,KXATPCHALLENGERMATCH-26APR17HOLBRO-BRO,83,6430,82,61669,81,421,80,1224,77,1,85,6483,86,8754,87,6772,88,36670,89,4680,84.0
2026-04-17 09:53:22 PM,KXATPCHALLENGERMATCH-26APR17HOLBRO-BRO,83,6430,82,61669,81,421,80,1224,77,1,85,6459,86,8754,87,6772,88,36670,89,4680,84.0
2026-04-17 09:53:22 PM,KXATPCHALLENGERMATCH-26APR17HOLBRO-BRO,83,6438,82,61669,81,421,80,1224,77,1,85,6459,86,8754,87,6772,88,36670,89,4680,84.0
2026-04-17 09:53:22 PM,KXATPCHALLENGERMATCH-26APR17HOLBRO-BRO,83,6438,82,61669,81,421,80,1224,77,1,85,6467,86,8754,87,6772,88,36670,89,4680,84.0
2026-04-17 09:53:28 PM,KXATPCHALLENGERMATCH-26APR17HOLBRO-BRO,83,6438,82,61484,81,421,80,1224,77,1,85,6467,86,8754,87,6772,88,36670,89,4680,84.0
2026-04-17 09:53:28 PM,KXATPCHALLENGERMATCH-26APR17HOLBRO-BRO,83,6549,82,61484,81,421,80,1224,77,1,85,6467,86,8754,87,6772,88,36670,89,4680,84.0
2026-04-17 09:53:34 PM,KXATPCHALLENGERMATCH-26APR17HOLBRO-BRO,83,6438,82,61484,81,421,80,1224,77,1,85,6467,86,8754,87,6772,88,36670,89,4680,84.0
2026-04-17 09:53:34 PM,KXATPCHALLENGERMATCH-26APR17HOLBRO-BRO,83,5672,82,61484,81,421,80,1224,77,1,85,6467,86,8754,87,6772,88,36670,89,4680,84.0
2026-04-17 09:53:34 PM,KXATPCHALLENGERMATCH-26APR17HOLBRO-BRO,83,5672,82,61484,81,1304,80,1224,77,1,85,6467,86,8754,87,6772,88,36670,89,4680,84.0
2026-04-17 09:53:34 PM,KXATPCHALLENGERMATCH-26APR17HOLBRO-BRO,83,5672,82,61484,81,1304,80,1224,77,1,85,6467,86,8802,87,6772,88,36670,89,4680,84.0
2026-04-17 09:53:34 PM,KXATPCHALLENGERMATCH-26APR17HOLBRO-BRO,83,5672,82,61484,81,1304,80,1224,77,1,85,6802,86,8802,87,6772,88,36670,89,4680,84.0
2026-04-17 09:53:35 PM,KXATPCHALLENGERMATCH-26APR17HOLBRO-BRO,83,5798,82,61484,81,1304,80,1224,77,1,85,6802,86,8802,87,6772,88,36670,89,4680,84.0
2026-04-17 09:53:42 PM,KXATPCHALLENGERMATCH-26APR17HOLBRO-BRO,83,5798,82,61217,81,1304,80,1224,77,1,85,6802,86,8802,87,6772,88,36670,89,4680,84.0
2026-04-17 09:53:42 PM,KXATPCHALLENGERMATCH-26APR17HOLBRO-BRO,83,5798,82,61082,81,1304,80,1224,77,1,85,6802,86,8802,87,6772,88,36670,89,4680,84.0
2026-04-17 09:53:48 PM,KXATPCHALLENGERMATCH-26APR17HOLBRO-BRO,83,5798,82,61082,81,1304,80,1224,77,1,85,6768,86,8802,87,6772,88,36670,89,4680,84.0
2026-04-17 09:54:21 PM,KXATPCHALLENGERMATCH-26APR17HOLBRO-BRO,83,5624,82,61082,81,1304,80,1224,77,1,85,6768,86,8802,87,6772,88,36670,89,4680,84.0
2026-04-17 09:54:36 PM,KXATPCHALLENGERMATCH-26APR17HOLBRO-BRO,83,5624,82,61082,81,421,80,1224,77,1,85,6768,86,8802,87,6772,88,36670,89,4680,84.0
2026-04-17 09:54:36 PM,KXATPCHALLENGERMATCH-26APR17HOLBRO-BRO,83,6050,82,61082,81,421,80,1224,77,1,85,6768,86,8802,87,6772,88,36670,89,4680,84.0
2026-04-17 09:55:08 PM,KXATPCHALLENGERMATCH-26APR17HOLBRO-BRO,83,6050,82,61082,81,421,80,1224,77,1,85,6767,86,8802,87,6772,88,36670,89,4680,84.0
2026-04-17 09:55:13 PM,KXATPCHALLENGERMATCH-26APR17HOLBRO-BRO,84,100,83,6050,82,61082,81,421,80,1224,85,6767,86,8802,87,6772,88,36670,89,4680,84.5
2026-04-17 09:55:13 PM,KXATPCHALLENGERMATCH-26APR17HOLBRO-BRO,84,100,83,6050,82,61082,81,421,80,1224,85,6861,86,8802,87,6772,88,36670,89,4680,84.5
2026-04-17 09:55:13 PM,KXATPCHALLENGERMATCH-26APR17HOLBRO-BRO,84,100,83,6050,82,61082,81,421,80,1224,85,6860,86,8802,87,6772,88,36670,89,4680,84.5
2026-04-17 09:55:13 PM,KXATPCHALLENGERMATCH-26APR17HOLBRO-BRO,84,100,83,6050,82,61082,81,421,80,1224,85,6860,86,8803,87,6772,88,36670,89,4680,84.5
2026-04-17 09:55:18 PM,KXATPCHALLENGERMATCH-26APR17HOLBRO-BRO,84,100,83,6103,82,61082,81,421,80,1224,85,6860,86,8803,87,6772,88,36670,89,4680,84.5
2026-04-17 09:55:19 PM,KXATPCHALLENGERMATCH-26APR17HOLBRO-BRO,83,6103,82,61082,81,421,80,1224,77,1,85,6860,86,8803,87,6772,88,36670,89,4680,84.0
2026-04-17 09:55:24 PM,KXATPCHALLENGERMATCH-26APR17HOLBRO-BRO,83,6103,82,61082,81,421,80,1224,77,1,85,6860,86,8802,87,6772,88,36670,89,4680,84.0
2026-04-17 09:55:24 PM,KXATPCHALLENGERMATCH-26APR17HOLBRO-BRO,83,6103,82,61082,81,421,80,1224,77,1,85,6861,86,8802,87,6772,88,36670,89,4680,84.0
2026-04-17 09:55:34 PM,KXATPCHALLENGERMATCH-26APR17HOLBRO-BRO,83,5677,82,61082,81,421,80,1224,77,1,85,6861,86,8802,87,6772,88,36670,89,4680,84.0
2026-04-17 09:55:34 PM,KXATPCHALLENGERMATCH-26APR17HOLBRO-BRO,83,5677,82,61082,81,832,80,1224,77,1,85,6861,86,8802,87,6772,88,36670,89,4680,84.0
2026-04-17 09:55:49 PM,KXATPCHALLENGERMATCH-26APR17HOLBRO-BRO,83,5677,82,61082,81,832,80,1224,77,1,85,6853,86,8802,87,6772,88,36670,89,4680,84.0
2026-04-17 09:55:50 PM,KXATPCHALLENGERMATCH-26APR17HOLBRO-BRO,83,5577,82,61082,81,832,80,1224,77,1,85,6853,86,8802,87,6772,88,36670,89,4680,84.0
2026-04-17 09:55:52 PM,KXATPCHALLENGERMATCH-26APR17HOLBRO-BRO,83,5577,82,61082,81,832,80,1224,77,1,85,6853,86,8802,87,6772,88,41670,89,4680,84.0
2026-04-17 09:55:52 PM,KXATPCHALLENGERMATCH-26APR17HOLBRO-BRO,83,5577,82,61082,81,832,80,1224,77,1,85,6853,86,8802,87,6772,88,41670,89,9680,84.0
2026-04-17 09:56:00 PM,KXATPCHALLENGERMATCH-26APR17HOLBRO-BRO,83,5577,82,61082,81,832,80,1224,77,1,85,6853,86,8802,87,6772,88,36670,89,9680,84.0
2026-04-17 09:56:00 PM,KXATPCHALLENGERMATCH-26APR17HOLBRO-BRO,83,5577,82,61082,81,832,80,1224,77,1,85,6853,86,8802,87,6772,88,36670,89,4680,84.0
2026-04-17 09:56:21 PM,KXATPCHALLENGERMATCH-26APR17HOLBRO-BRO,83,5577,82,61082,81,421,80,1224,77,1,85,6853,86,8802,87,6772,88,36670,89,4680,84.0
2026-04-17 09:56:21 PM,KXATPCHALLENGERMATCH-26APR17HOLBRO-BRO,83,6003,82,61082,81,421,80,1224,77,1,85,6853,86,8802,87,6772,88,36670,89,4680,84.0
2026-04-17 09:56:21 PM,KXATPCHALLENGERMATCH-26APR17HOLBRO-BRO,83,6003,82,61082,81,421,80,1224,77,1,85,6853,86,8802,87,6772,88,34670,89,4680,84.0
2026-04-17 09:56:21 PM,KXATPCHALLENGERMATCH-26APR17HOLBRO-BRO,83,6003,82,61082,81,421,80,1224,77,1,85,6853,86,8802,87,6772,88,32670,89,4680,84.0
2026-04-17 09:56:21 PM,KXATPCHALLENGERMATCH-26APR17HOLBRO-BRO,83,6003,82,61082,81,421,80,1224,77,1,85,6853,86,8802,87,4772,88,32670,89,4680,84.0
2026-04-17 09:56:21 PM,KXATPCHALLENGERMATCH-26APR17HOLBRO-BRO,83,6003,82,61082,81,421,80,1224,77,1,85,6853,86,7802,87,4772,88,32670,89,4680,84.0
2026-04-17 09:56:21 PM,KXATPCHALLENGERMATCH-26APR17HOLBRO-BRO,83,6003,82,61082,81,421,80,1224,77,1,85,6853,86,7402,87,4772,88,32670,89,4680,84.0
2026-04-17 09:56:31 PM,KXATPCHALLENGERMATCH-26APR17HOLBRO-BRO,83,6003,82,61082,81,421,80,1224,77,1,85,6323,86,7402,87,4772,88,32670,89,4680,84.0
2026-04-17 09:56:31 PM,KXATPCHALLENGERMATCH-26APR17HOLBRO-BRO,83,6003,82,61082,81,421,80,1224,77,1,85,6322,86,7402,87,4772,88,32670,89,4680,84.0
2026-04-17 09:56:31 PM,KXATPCHALLENGERMATCH-26APR17HOLBRO-BRO,83,6003,82,61082,81,421,80,1224,77,1,85,6322,86,7403,87,4772,88,32670,89,4680,84.0
2026-04-17 09:56:33 PM,KXATPCHALLENGERMATCH-26APR17HOLBRO-BRO,83,5994,82,61082,81,421,80,1224,77,1,85,6322,86,7403,87,4772,88,32670,89,4680,84.0
2026-04-17 09:56:44 PM,KXATPCHALLENGERMATCH-26APR17HOLBRO-BRO,84,100,83,5994,82,61082,81,421,80,1224,85,6322,86,7403,87,4772,88,32670,89,4680,84.5
2026-04-17 09:56:44 PM,KXATPCHALLENGERMATCH-26APR17HOLBRO-BRO,84,100,83,5994,82,60656,81,421,80,1224,85,6322,86,7403,87,4772,88,32670,89,4680,84.5
2026-04-17 09:56:44 PM,KXATPCHALLENGERMATCH-26APR17HOLBRO-BRO,84,525,83,5994,82,60656,81,421,80,1224,85,6322,86,7403,87,4772,88,32670,89,4680,84.5
2026-04-17 09:56:57 PM,KXATPCHALLENGERMATCH-26APR17HOLBRO-BRO,84,425,83,5994,82,60656,81,421,80,1224,85,6322,86,7403,87,4772,88,32670,89,4680,84.5
2026-04-17 09:56:57 PM,KXATPCHALLENGERMATCH-26APR17HOLBRO-BRO,83,5994,82,60656,81,421,80,1224,77,1,85,6322,86,7403,87,4772,88,32670,89,4680,84.0
2026-04-17 09:56:57 PM,KXATPCHALLENGERMATCH-26APR17HOLBRO-BRO,83,5990,82,60656,81,421,80,1224,77,1,85,6322,86,7403,87,4772,88,32670,89,4680,84.0
2026-04-17 09:56:57 PM,KXATPCHALLENGERMATCH-26APR17HOLBRO-BRO,83,5937,82,60656,81,421,80,1224,77,1,85,6322,86,7403,87,4772,88,32670,89,4680,84.0
2026-04-17 09:57:00 PM,KXATPCHALLENGERMATCH-26APR17HOLBRO-BRO,83,5937,82,60881,81,421,80,1224,77,1,85,6322,86,7403,87,4772,88,32670,89,4680,84.0
2026-04-17 09:57:00 PM,KXATPCHALLENGERMATCH-26APR17HOLBRO-BRO,83,5733,82,60881,81,421,80,1224,77,1,85,6322,86,7403,87,4772,88,32670,89,4680,84.0
2026-04-17 09:57:39 PM,KXATPCHALLENGERMATCH-26APR17HOLBRO-BRO,83,5728,82,60881,81,421,80,1224,77,1,85,6322,86,7403,87,4772,88,32670,89,4680,84.0
2026-04-17 09:57:51 PM,KXATPCHALLENGERMATCH-26APR17HOLBRO-BRO,83,5750,82,60881,81,421,80,1224,77,1,85,6322,86,7403,87,4772,88,32670,89,4680,84.0
2026-04-17 09:58:12 PM,KXATPCHALLENGERMATCH-26APR17HOLBRO-BRO,83,5770,82,60881,81,421,80,1224,77,1,85,6322,86,7403,87,4772,88,32670,89,4680,84.0
2026-04-17 09:58:25 PM,KXATPCHALLENGERMATCH-26APR17HOLBRO-BRO,83,5770,82,60881,81,421,80,1224,77,1,85,6332,86,7403,87,4772,88,32670,89,4680,84.0
2026-04-17 09:58:31 PM,KXATPCHALLENGERMATCH-26APR17HOLBRO-BRO,83,5748,82,60881,81,421,80,1224,77,1,85,6332,86,7403,87,4772,88,32670,89,4680,84.0
2026-04-17 09:58:36 PM,KXATPCHALLENGERMATCH-26APR17HOLBRO-BRO,84,100,83,5748,82,60881,81,421,80,1224,85,6332,86,7403,87,4772,88,32670,89,4680,84.5
2026-04-17 09:58:36 PM,KXATPCHALLENGERMATCH-26APR17HOLBRO-BRO,84,100,83,5748,82,60656,81,421,80,1224,85,6332,86,7403,87,4772,88,32670,89,4680,84.5
2026-04-17 09:58:36 PM,KXATPCHALLENGERMATCH-26APR17HOLBRO-BRO,84,322,83,5748,82,60656,81,421,80,1224,85,6332,86,7403,87,4772,88,32670,89,4680,84.5
2026-04-17 09:58:36 PM,KXATPCHALLENGERMATCH-26APR17HOLBRO-BRO,84,322,83,5728,82,60656,81,421,80,1224,85,6332,86,7403,87,4772,88,32670,89,4680,84.5
2026-04-17 09:58:38 PM,KXATPCHALLENGERMATCH-26APR17HOLBRO-BRO,84,322,83,5728,82,60656,81,421,80,1224,85,6302,86,7403,87,4772,88,32670,89,4680,84.5
2026-04-17 09:58:39 PM,KXATPCHALLENGERMATCH-26APR17HOLBRO-BRO,84,322,83,5779,82,60656,81,421,80,1224,85,6302,86,7403,87,4772,88,32670,89,4680,84.5
2026-04-17 09:58:39 PM,KXATPCHALLENGERMATCH-26APR17HOLBRO-BRO,84,322,83,5779,82,60656,81,421,80,1224,85,6292,86,7403,87,4772,88,32670,89,4680,84.5
2026-04-17 09:58:50 PM,KXATPCHALLENGERMATCH-26APR17HOLBRO-BRO,84,322,83,5779,82,60656,81,421,80,1224,85,6272,86,7403,87,4772,88,32670,89,4680,84.5
2026-04-17 09:58:56 PM,KXATPCHALLENGERMATCH-26APR17HOLBRO-BRO,84,322,83,5779,82,60656,81,421,80,1224,85,6244,86,7403,87,4772,88,32670,89,4680,84.5
2026-04-17 09:59:21 PM,KXATPCHALLENGERMATCH-26APR17HOLBRO-BRO,84,322,83,5779,82,60656,81,421,80,1224,85,6186,86,7403,87,4772,88,32670,89,4680,84.5
2026-04-17 09:59:33 PM,KXATPCHALLENGERMATCH-26APR17HOLBRO-BRO,84,322,83,5779,82,60656,81,421,80,1224,85,6184,86,7403,87,4772,88,32670,89,4680,84.5
2026-04-17 10:01:26 PM,KXATPCHALLENGERMATCH-26APR17HOLBRO-BRO,84,264,83,5779,82,60656,81,421,80,1224,85,6184,86,7403,87,4772,88,32670,89,4680,84.5
2026-04-17 10:01:32 PM,KXATPCHALLENGERMATCH-26APR17HOLBRO-BRO,84,264,83,5779,82,60656,81,421,80,1224,85,6119,86,7403,87,4772,88,32670,89,4680,84.5
2026-04-17 10:01:42 PM,KXATPCHALLENGERMATCH-26APR17HOLBRO-BRO,84,244,83,5779,82,60656,81,421,80,1224,85,6119,86,7403,87,4772,88,32670,89,4680,84.5
2026-04-17 10:03:21 PM,KXATPCHALLENGERMATCH-26APR17HOLBRO-BRO,84,244,83,5779,82,60656,81,421,80,1224,85,6094,86,7403,87,4772,88,32670,89,4680,84.5
2026-04-17 10:03:26 PM,KXATPCHALLENGERMATCH-26APR17HOLBRO-BRO,84,244,83,5779,82,60656,81,421,80,1224,85,6093,86,7403,87,4772,88,32670,89,4680,84.5
2026-04-17 10:03:36 PM,KXATPCHALLENGERMATCH-26APR17HOLBRO-BRO,84,244,83,5779,82,60656,81,421,80,1224,85,6064,86,7403,87,4772,88,32670,89,4680,84.5
2026-04-17 10:03:58 PM,KXATPCHALLENGERMATCH-26APR17HOLBRO-BRO,84,759,83,5779,82,60656,81,421,80,1224,85,6064,86,7403,87,4772,88,32670,89,4680,84.5
2026-04-17 10:03:58 PM,KXATPCHALLENGERMATCH-26APR17HOLBRO-BRO,84,759,83,6231,82,60656,81,421,80,1224,85,6064,86,7403,87,4772,88,32670,89,4680,84.5
2026-04-17 10:04:06 PM,KXATPCHALLENGERMATCH-26APR17HOLBRO-BRO,84,759,83,6231,82,60656,81,421,80,1224,85,5729,86,7403,87,4772,88,32670,89,4680,84.5
2026-04-17 10:04:06 PM,KXATPCHALLENGERMATCH-26APR17HOLBRO-BRO,84,759,83,6358,82,60656,81,421,80,1224,85,5729,86,7403,87,4772,88,32670,89,4680,84.5
2026-04-17 10:04:15 PM,KXATPCHALLENGERMATCH-26APR17HOLBRO-BRO,84,759,83,6358,82,60656,81,421,80,1224,85,6086,86,7403,87,4772,88,32670,89,4680,84.5
2026-04-17 10:04:21 PM,KXATPCHALLENGERMATCH-26APR17HOLBRO-BRO,84,244,83,6358,82,60656,81,421,80,1224,85,6086,86,7403,87,4772,88,32670,89,4680,84.5
2026-04-17 10:04:49 PM,KXATPCHALLENGERMATCH-26APR17HOLBRO-BRO,84,244,83,6358,82,60656,81,421,80,1224,85,6078,86,7403,87,4772,88,32670,89,4680,84.5
2026-04-17 10:04:58 PM,KXATPCHALLENGERMATCH-26APR17HOLBRO-BRO,84,589,83,6358,82,60656,81,421,80,1224,85,6078,86,7403,87,4772,88,32670,89,4680,84.5
2026-04-17 10:04:58 PM,KXATPCHALLENGERMATCH-26APR17HOLBRO-BRO,84,589,83,5906,82,60656,81,421,80,1224,85,6078,86,7403,87,4772,88,32670,89,4680,84.5
2026-04-17 10:04:58 PM,KXATPCHALLENGERMATCH-26APR17HOLBRO-BRO,84,589,83,5779,82,60656,81,421,80,1224,85,6078,86,7403,87,4772,88,32670,89,4680,84.5
2026-04-17 10:05:02 PM,KXATPCHALLENGERMATCH-26APR17HOLBRO-BRO,84,589,83,6149,82,60656,81,421,80,1224,85,6078,86,7403,87,4772,88,32670,89,4680,84.5
2026-04-17 10:05:09 PM,KXATPCHALLENGERMATCH-26APR17HOLBRO-BRO,84,589,83,6023,82,60656,81,421,80,1224,85,6078,86,7403,87,4772,88,32670,89,4680,84.5
2026-04-17 10:05:14 PM,KXATPCHALLENGERMATCH-26APR17HOLBRO-BRO,84,589,83,6023,82,60656,81,421,80,1224,85,6068,86,7403,87,4772,88,32670,89,4680,84.5
2026-04-17 10:05:46 PM,KXATPCHALLENGERMATCH-26APR17HOLBRO-BRO,84,589,83,6023,82,60656,81,421,80,1224,85,5952,86,7403,87,4772,88,32670,89,4680,84.5
2026-04-17 10:05:51 PM,KXATPCHALLENGERMATCH-26APR17HOLBRO-BRO,84,244,83,6023,82,60656,81,421,80,1224,85,5952,86,7403,87,4772,88,32670,89,4680,84.5
2026-04-17 10:05:56 PM,KXATPCHALLENGERMATCH-26APR17HOLBRO-BRO,84,244,83,6023,82,60656,81,421,80,1224,85,5929,86,7403,87,4772,88,32670,89,4680,84.5
2026-04-17 10:05:59 PM,KXATPCHALLENGERMATCH-26APR17HOLBRO-BRO,84,244,83,6023,82,60656,81,421,80,1224,85,5926,86,7403,87,4772,88,32670,89,4680,84.5
2026-04-17 10:06:12 PM,KXATPCHALLENGERMATCH-26APR17HOLBRO-BRO,84,508,83,6023,82,60656,81,421,80,1224,85,5926,86,7403,87,4772,88,32670,89,4680,84.5
2026-04-17 10:06:12 PM,KXATPCHALLENGERMATCH-26APR17HOLBRO-BRO,84,508,83,5653,82,60656,81,421,80,1224,85,5926,86,7403,87,4772,88,32670,89,4680,84.5
2026-04-17 10:06:16 PM,KXATPCHALLENGERMATCH-26APR17HOLBRO-BRO,84,508,83,5960,82,60656,81,421,80,1224,85,5926,86,7403,87,4772,88,32670,89,4680,84.5
2026-04-17 10:06:22 PM,KXATPCHALLENGERMATCH-26APR17HOLBRO-BRO,84,561,83,5960,82,60656,81,421,80,1224,85,5926,86,7403,87,4772,88,32670,89,4680,84.5
2026-04-17 10:06:26 PM,KXATPCHALLENGERMATCH-26APR17HOLBRO-BRO,84,561,83,5960,82,60656,81,421,80,1224,85,5925,86,7403,87,4772,88,32670,89,4680,84.5
2026-04-17 10:06:59 PM,KXATPCHALLENGERMATCH-26APR17HOLBRO-BRO,84,561,83,5960,82,60656,81,421,80,1224,85,5921,86,7403,87,4772,88,32670,89,4680,84.5
2026-04-17 10:07:17 PM,KXATPCHALLENGERMATCH-26APR17HOLBRO-BRO,84,621,83,5960,82,60656,81,421,80,1224,85,5921,86,7403,87,4772,88,32670,89,4680,84.5
2026-04-17 10:07:19 PM,KXATPCHALLENGERMATCH-26APR17HOLBRO-BRO,84,621,83,5960,82,60656,81,421,80,1224,85,5611,86,7403,87,4772,88,32670,89,4680,84.5
2026-04-17 10:07:19 PM,KXATPCHALLENGERMATCH-26APR17HOLBRO-BRO,84,621,83,5960,82,60656,81,421,80,1224,85,5608,86,7403,87,4772,88,32670,89,4680,84.5
2026-04-17 10:07:19 PM,KXATPCHALLENGERMATCH-26APR17HOLBRO-BRO,84,621,83,5960,82,60656,81,421,80,1224,85,7108,86,7403,87,4772,88,32670,89,4680,84.5
2026-04-17 10:07:32 PM,KXATPCHALLENGERMATCH-26APR17HOLBRO-BRO,84,625,83,5960,82,60656,81,421,80,1224,85,7108,86,7403,87,4772,88,32670,89,4680,84.5
2026-04-17 10:07:34 PM,KXATPCHALLENGERMATCH-26APR17HOLBRO-BRO,84,625,83,5960,82,60656,81,421,80,1224,85,6751,86,7403,87,4772,88,32670,89,4680,84.5
2026-04-17 10:07:37 PM,KXATPCHALLENGERMATCH-26APR17HOLBRO-BRO,84,625,83,5960,82,60656,81,421,80,1224,85,7303,86,7403,87,4772,88,32670,89,4680,84.5
2026-04-17 10:07:37 PM,KXATPCHALLENGERMATCH-26APR17HOLBRO-BRO,84,512,83,5960,82,60656,81,421,80,1224,85,7303,86,7403,87,4772,88,32670,89,4680,84.5
2026-04-17 10:07:55 PM,KXATPCHALLENGERMATCH-26APR17HOLBRO-BRO,84,491,83,5960,82,60656,81,421,80,1224,85,7303,86,7403,87,4772,88,32670,89,4680,84.5
2026-04-17 10:07:55 PM,KXATPCHALLENGERMATCH-26APR17HOLBRO-BRO,84,454,83,5960,82,60656,81,421,80,1224,85,7303,86,7403,87,4772,88,32670,89,4680,84.5
2026-04-17 10:07:55 PM,KXATPCHALLENGERMATCH-26APR17HOLBRO-BRO,84,190,83,5960,82,60656,81,421,80,1224,85,7303,86,7403,87,4772,88,32670,89,4680,84.5
2026-04-17 10:07:55 PM,KXATPCHALLENGERMATCH-26APR17HOLBRO-BRO,84,6,83,5960,82,60656,81,421,80,1224,85,7303,86,7403,87,4772,88,32670,89,4680,84.5
2026-04-17 10:07:55 PM,KXATPCHALLENGERMATCH-26APR17HOLBRO-BRO,84,6,83,5960,82,61135,81,421,80,1224,85,7303,86,7403,87,4772,88,32670,89,4680,84.5
2026-04-17 10:07:56 PM,KXATPCHALLENGERMATCH-26APR17HOLBRO-BRO,84,6,83,5909,82,61135,81,421,80,1224,85,7303,86,7403,87,4772,88,32670,89,4680,84.5
2026-04-17 10:07:56 PM,KXATPCHALLENGERMATCH-26APR17HOLBRO-BRO,84,60,83,5909,82,61135,81,421,80,1224,85,7303,86,7403,87,4772,88,32670,89,4680,84.5
2026-04-17 10:07:56 PM,KXATPCHALLENGERMATCH-26APR17HOLBRO-BRO,84,60,83,5602,82,61135,81,421,80,1224,85,7303,86,7403,87,4772,88,32670,89,4680,84.5
2026-04-17 10:07:56 PM,KXATPCHALLENGERMATCH-26APR17HOLBRO-BRO,84,60,83,5602,82,60656,81,421,80,1224,85,7303,86,7403,87,4772,88,32670,89,4680,84.5
2026-04-17 10:07:56 PM,KXATPCHALLENGERMATCH-26APR17HOLBRO-BRO,84,554,83,5602,82,60656,81,421,80,1224,85,7303,86,7403,87,4772,88,32670,89,4680,84.5
2026-04-17 10:07:59 PM,KXATPCHALLENGERMATCH-26APR17HOLBRO-BRO,84,554,83,5861,82,60656,81,421,80,1224,85,7303,86,7403,87,4772,88,32670,89,4680,84.5
2026-04-17 10:08:24 PM,KXATPCHALLENGERMATCH-26APR17HOLBRO-BRO,84,554,83,5861,82,60656,81,421,80,1224,85,7302,86,7403,87,4772,88,32670,89,4680,84.5
2026-04-17 10:08:24 PM,KXATPCHALLENGERMATCH-26APR17HOLBRO-BRO,84,554,83,5911,82,60656,81,421,80,1224,85,7302,86,7403,87,4772,88,32670,89,4680,84.5
2026-04-17 10:08:46 PM,KXATPCHALLENGERMATCH-26APR17HOLBRO-BRO,84,554,83,5911,82,60656,81,421,80,1224,85,7297,86,7403,87,4772,88,32670,89,4680,84.5
2026-04-17 10:08:56 PM,KXATPCHALLENGERMATCH-26APR17HOLBRO-BRO,84,554,83,5911,82,60656,81,421,80,1224,85,7274,86,7403,87,4772,88,32670,89,4680,84.5
2026-04-17 10:09:14 PM,KXATPCHALLENGERMATCH-26APR17HOLBRO-BRO,84,554,83,5911,82,60656,81,421,80,1224,85,7223,86,7403,87,4772,88,32670,89,4680,84.5
2026-04-17 10:09:52 PM,KXATPCHALLENGERMATCH-26APR17HOLBRO-BRO,84,554,83,5911,82,60656,81,421,80,1224,85,7200,86,7403,87,4772,88,32670,89,4680,84.5
2026-04-17 10:10:03 PM,KXATPCHALLENGERMATCH-26APR17HOLBRO-BRO,84,659,83,5911,82,60656,81,421,80,1224,85,7200,86,7403,87,4772,88,32670,89,4680,84.5
2026-04-17 10:10:21 PM,KXATPCHALLENGERMATCH-26APR17HOLBRO-BRO,84,659,83,5911,82,60656,81,421,80,1224,85,7235,86,7403,87,4772,88,32670,89,4680,84.5
2026-04-17 10:10:52 PM,KXATPCHALLENGERMATCH-26APR17HOLBRO-BRO,84,659,83,5911,82,60656,81,421,80,1224,85,7234,86,7403,87,4772,88,32670,89,4680,84.5
2026-04-17 10:10:52 PM,KXATPCHALLENGERMATCH-26APR17HOLBRO-BRO,84,659,83,5911,82,60656,81,421,80,1224,85,7199,86,7403,87,4772,88,32670,89,4680,84.5
2026-04-17 10:10:57 PM,KXATPCHALLENGERMATCH-26APR17HOLBRO-BRO,84,659,83,5911,82,60656,81,421,80,1224,85,7234,86,7403,87,4772,88,32670,89,4680,84.5
2026-04-17 10:11:05 PM,KXATPCHALLENGERMATCH-26APR17HOLBRO-BRO,84,659,83,5911,82,60656,81,421,80,1224,85,7199,86,7403,87,4772,88,32670,89,4680,84.5
2026-04-17 10:11:08 PM,KXATPCHALLENGERMATCH-26APR17HOLBRO-BRO,84,659,83,5911,82,60656,81,421,80,1224,85,7198,86,7403,87,4772,88,32670,89,4680,84.5
2026-04-17 10:11:43 PM,KXATPCHALLENGERMATCH-26APR17HOLBRO-BRO,84,655,83,5911,82,60656,81,421,80,1224,85,7198,86,7403,87,4772,88,32670,89,4680,84.5
2026-04-17 10:11:43 PM,KXATPCHALLENGERMATCH-26APR17HOLBRO-BRO,84,630,83,5911,82,60656,81,421,80,1224,85,7198,86,7403,87,4772,88,32670,89,4680,84.5
2026-04-17 10:11:44 PM,KXATPCHALLENGERMATCH-26APR17HOLBRO-BRO,84,630,83,5911,82,60656,81,421,80,1224,85,7233,86,7403,87,4772,88,32670,89,4680,84.5
2026-04-17 10:12:08 PM,KXATPCHALLENGERMATCH-26APR17HOLBRO-BRO,84,622,83,5911,82,60656,81,421,80,1224,85,7233,86,7403,87,4772,88,32670,89,4680,84.5
2026-04-17 10:12:24 PM,KXATPCHALLENGERMATCH-26APR17HOLBRO-BRO,84,622,83,5911,82,60656,81,421,80,1224,85,7129,86,7403,87,4772,88,32670,89,4680,84.5
2026-04-17 10:12:30 PM,KXATPCHALLENGERMATCH-26APR17HOLBRO-BRO,84,622,83,5911,82,60656,81,421,80,1224,85,7103,86,7403,87,4772,88,32670,89,4680,84.5
2026-04-17 10:12:30 PM,KXATPCHALLENGERMATCH-26APR17HOLBRO-BRO,84,622,83,5911,82,60656,81,421,80,1224,85,7068,86,7403,87,4772,88,32670,89,4680,84.5
2026-04-17 10:12:39 PM,KXATPCHALLENGERMATCH-26APR17HOLBRO-BRO,84,755,83,5911,82,60656,81,421,80,1224,85,7068,86,7403,87,4772,88,32670,89,4680,84.5
2026-04-17 10:12:47 PM,KXATPCHALLENGERMATCH-26APR17HOLBRO-BRO,84,755,83,5911,82,60656,81,421,80,1224,85,6856,86,7403,87,4772,88,32670,89,4680,84.5
2026-04-17 10:12:47 PM,KXATPCHALLENGERMATCH-26APR17HOLBRO-BRO,84,755,83,5911,82,60656,81,421,80,1224,85,6304,86,7403,87,4772,88,32670,89,4680,84.5
2026-04-17 10:12:47 PM,KXATPCHALLENGERMATCH-26APR17HOLBRO-BRO,84,755,83,6237,82,60656,81,421,80,1224,85,6304,86,7403,87,4772,88,32670,89,4680,84.5
2026-04-17 10:12:47 PM,KXATPCHALLENGERMATCH-26APR17HOLBRO-BRO,84,1057,83,6237,82,60656,81,421,80,1224,85,6304,86,7403,87,4772,88,32670,89,4680,84.5
2026-04-17 10:12:58 PM,KXATPCHALLENGERMATCH-26APR17HOLBRO-BRO,84,1036,83,6237,82,60656,81,421,80,1224,85,6304,86,7403,87,4772,88,32670,89,4680,84.5
2026-04-17 10:12:58 PM,KXATPCHALLENGERMATCH-26APR17HOLBRO-BRO,84,658,83,6237,82,60656,81,421,80,1224,85,6304,86,7403,87,4772,88,32670,89,4680,84.5
2026-04-17 10:12:58 PM,KXATPCHALLENGERMATCH-26APR17HOLBRO-BRO,84,658,83,6237,82,60656,81,421,80,1224,85,6698,86,7403,87,4772,88,32670,89,4680,84.5
2026-04-17 10:12:58 PM,KXATPCHALLENGERMATCH-26APR17HOLBRO-BRO,84,807,83,6237,82,60656,81,421,80,1224,85,6698,86,7403,87,4772,88,32670,89,4680,84.5
2026-04-17 10:12:58 PM,KXATPCHALLENGERMATCH-26APR17HOLBRO-BRO,84,807,83,5911,82,60656,81,421,80,1224,85,6698,86,7403,87,4772,88,32670,89,4680,84.5
2026-04-17 10:13:01 PM,KXATPCHALLENGERMATCH-26APR17HOLBRO-BRO,84,807,83,6001,82,60656,81,421,80,1224,85,6698,86,7403,87,4772,88,32670,89,4680,84.5
2026-04-17 10:13:06 PM,KXATPCHALLENGERMATCH-26APR17HOLBRO-BRO,84,807,83,6001,82,60656,81,421,80,1224,85,6733,86,7403,87,4772,88,32670,89,4680,84.5
2026-04-17 10:13:18 PM,KXATPCHALLENGERMATCH-26APR17HOLBRO-BRO,84,692,83,6001,82,60656,81,421,80,1224,85,6733,86,7403,87,4772,88,32670,89,4680,84.5
2026-04-17 10:13:18 PM,KXATPCHALLENGERMATCH-26APR17HOLBRO-BRO,84,691,83,6001,82,60656,81,421,80,1224,85,6733,86,7403,87,4772,88,32670,89,4680,84.5
2026-04-17 10:13:18 PM,KXATPCHALLENGERMATCH-26APR17HOLBRO-BRO,84,750,83,6001,82,60656,81,421,80,1224,85,6733,86,7403,87,4772,88,32670,89,4680,84.5
2026-04-17 10:13:18 PM,KXATPCHALLENGERMATCH-26APR17HOLBRO-BRO,84,750,83,6001,82,60656,81,421,80,1224,85,6698,86,7403,87,4772,88,32670,89,4680,84.5
2026-04-17 10:13:27 PM,KXATPCHALLENGERMATCH-26APR17HOLBRO-BRO,84,750,83,6001,82,60656,81,421,80,1224,85,6733,86,7403,87,4772,88,32670,89,4680,84.5
2026-04-17 10:14:04 PM,KXATPCHALLENGERMATCH-26APR17HOLBRO-BRO,84,680,83,6001,82,60656,81,421,80,1224,85,6733,86,7403,87,4772,88,32670,89,4680,84.5
2026-04-17 10:14:04 PM,KXATPCHALLENGERMATCH-26APR17HOLBRO-BRO,84,680,83,6001,82,60656,81,421,80,1224,85,6698,86,7403,87,4772,88,32670,89,4680,84.5
2026-04-17 10:14:09 PM,KXATPCHALLENGERMATCH-26APR17HOLBRO-BRO,84,680,83,6001,82,60656,81,421,80,1224,85,6697,86,7403,87,4772,88,32670,89,4680,84.5
2026-04-17 10:14:16 PM,KXATPCHALLENGERMATCH-26APR17HOLBRO-BRO,84,680,83,6001,82,60656,81,421,80,1224,85,6732,86,7403,87,4772,88,32670,89,4680,84.5
2026-04-17 10:14:34 PM,KXATPCHALLENGERMATCH-26APR17HOLBRO-BRO,84,679,83,6001,82,60656,81,421,80,1224,85,6732,86,7403,87,4772,88,32670,89,4680,84.5
2026-04-17 10:14:35 PM,KXATPCHALLENGERMATCH-26APR17HOLBRO-BRO,84,679,83,6001,82,60656,81,421,80,1224,85,6697,86,7403,87,4772,88,32670,89,4680,84.5
2026-04-17 10:14:54 PM,KXATPCHALLENGERMATCH-26APR17HOLBRO-BRO,84,679,83,6001,82,60656,81,421,80,1224,85,6627,86,7403,87,4772,88,32670,89,4680,84.5
2026-04-17 10:14:54 PM,KXATPCHALLENGERMATCH-26APR17HOLBRO-BRO,84,679,83,6001,82,60656,81,421,80,1224,85,6627,86,7438,87,4772,88,32670,89,4680,84.5
2026-04-17 10:14:54 PM,KXATPCHALLENGERMATCH-26APR17HOLBRO-BRO,84,670,83,6001,82,60656,81,421,80,1224,85,6627,86,7438,87,4772,88,32670,89,4680,84.5
2026-04-17 10:14:55 PM,KXATPCHALLENGERMATCH-26APR17HOLBRO-BRO,84,670,83,6001,82,60656,81,421,80,1224,85,6627,86,7403,87,4772,88,32670,89,4680,84.5
2026-04-17 10:14:56 PM,KXATPCHALLENGERMATCH-26APR17HOLBRO-BRO,84,1037,83,6001,82,60656,81,421,80,1224,85,6627,86,7403,87,4772,88,32670,89,4680,84.5
2026-04-17 10:14:56 PM,KXATPCHALLENGERMATCH-26APR17HOLBRO-BRO,84,1037,83,6001,82,60656,81,421,80,1224,85,6233,86,7403,87,4772,88,32670,89,4680,84.5
2026-04-17 10:14:56 PM,KXATPCHALLENGERMATCH-26APR17HOLBRO-BRO,84,1037,83,6224,82,60656,81,421,80,1224,85,6233,86,7403,87,4772,88,32670,89,4680,84.5
2026-04-17 10:15:05 PM,KXATPCHALLENGERMATCH-26APR17HOLBRO-BRO,84,1014,83,6224,82,60656,81,421,80,1224,85,6233,86,7403,87,4772,88,32670,89,4680,84.5
2026-04-17 10:15:05 PM,KXATPCHALLENGERMATCH-26APR17HOLBRO-BRO,84,967,83,6224,82,60656,81,421,80,1224,85,6233,86,7403,87,4772,88,32670,89,4680,84.5
2026-04-17 10:15:22 PM,KXATPCHALLENGERMATCH-26APR17HOLBRO-BRO,84,1039,83,6224,82,60656,81,421,80,1224,85,6233,86,7403,87,4772,88,32670,89,4680,84.5
2026-04-17 10:15:33 PM,KXATPCHALLENGERMATCH-26APR17HOLBRO-BRO,84,1039,83,6224,82,60656,81,421,80,1224,85,6233,86,5403,87,4772,88,32670,89,4680,84.5
2026-04-17 10:15:33 PM,KXATPCHALLENGERMATCH-26APR17HOLBRO-BRO,84,1039,83,6517,82,60656,81,421,80,1224,85,6233,86,5403,87,4772,88,32670,89,4680,84.5
2026-04-17 10:15:33 PM,KXATPCHALLENGERMATCH-26APR17HOLBRO-BRO,84,1179,83,6517,82,60656,81,421,80,1224,85,6233,86,5403,87,4772,88,32670,89,4680,84.5
2026-04-17 10:15:33 PM,KXATPCHALLENGERMATCH-26APR17HOLBRO-BRO,84,1179,83,6517,82,60656,81,421,80,1224,85,6233,86,5003,87,4772,88,32670,89,4680,84.5
2026-04-17 10:15:33 PM,KXATPCHALLENGERMATCH-26APR17HOLBRO-BRO,84,1179,83,6517,82,60656,81,421,80,1224,85,6233,86,4603,87,4772,88,32670,89,4680,84.5
2026-04-17 10:15:35 PM,KXATPCHALLENGERMATCH-26APR17HOLBRO-BRO,84,1179,83,6517,82,60656,81,421,80,1224,85,6268,86,4603,87,4772,88,32670,89,4680,84.5
2026-04-17 10:15:38 PM,KXATPCHALLENGERMATCH-26APR17HOLBRO-BRO,84,1179,83,6517,82,60656,81,421,80,1224,85,4377,86,4603,87,4772,88,32670,89,4680,84.5
2026-04-17 10:15:38 PM,KXATPCHALLENGERMATCH-26APR17HOLBRO-BRO,84,1179,83,6517,82,60656,81,421,80,1224,85,4377,86,4603,87,6681,88,32670,89,4680,84.5
2026-04-17 10:15:38 PM,KXATPCHALLENGERMATCH-26APR17HOLBRO-BRO,84,1179,83,6517,82,60656,81,421,80,1224,85,4377,86,6369,87,6681,88,32670,89,4680,84.5
2026-04-17 10:15:39 PM,KXATPCHALLENGERMATCH-26APR17HOLBRO-BRO,84,1179,83,6517,82,60656,81,421,80,1224,85,4369,86,6369,87,6681,88,32670,89,4680,84.5
2026-04-17 10:15:39 PM,KXATPCHALLENGERMATCH-26APR17HOLBRO-BRO,84,1179,83,6517,82,60656,81,421,80,1224,85,4369,86,6377,87,6681,88,32670,89,4680,84.5
2026-04-17 10:15:39 PM,KXATPCHALLENGERMATCH-26APR17HOLBRO-BRO,84,1179,83,6517,82,60656,81,421,80,1224,85,4369,86,6777,87,6681,88,32670,89,4680,84.5
2026-04-17 10:15:39 PM,KXATPCHALLENGERMATCH-26APR17HOLBRO-BRO,84,1179,83,6517,82,60656,81,421,80,1224,85,4369,86,7177,87,6681,88,32670,89,4680,84.5
2026-04-17 10:15:39 PM,KXATPCHALLENGERMATCH-26APR17HOLBRO-BRO,84,1179,83,6517,82,60656,81,421,80,1224,85,4369,86,8177,87,6681,88,32670,89,4680,84.5
2026-04-17 10:15:39 PM,KXATPCHALLENGERMATCH-26APR17HOLBRO-BRO,84,1179,83,6517,82,60656,81,421,80,1224,85,4369,86,8577,87,6681,88,32670,89,4680,84.5
2026-04-17 10:15:39 PM,KXATPCHALLENGERMATCH-26APR17HOLBRO-BRO,84,1179,83,6517,82,60656,81,421,80,1224,85,4275,86,8577,87,6681,88,32670,89,4680,84.5
2026-04-17 10:15:43 PM,KXATPCHALLENGERMATCH-26APR17HOLBRO-BRO,84,1179,83,6517,82,60656,81,421,80,1224,85,4275,86,8577,87,4772,88,32670,89,4680,84.5
2026-04-17 10:15:43 PM,KXATPCHALLENGERMATCH-26APR17HOLBRO-BRO,84,1179,83,6517,82,60656,81,421,80,1224,85,6018,86,8577,87,4772,88,32670,89,4680,84.5
2026-04-17 10:15:43 PM,KXATPCHALLENGERMATCH-26APR17HOLBRO-BRO,84,1179,83,6517,82,60656,81,421,80,1224,85,6018,86,8569,87,4772,88,32670,89,4680,84.5
2026-04-17 10:15:43 PM,KXATPCHALLENGERMATCH-26APR17HOLBRO-BRO,84,1179,83,6517,82,60656,81,421,80,1224,85,6026,86,8569,87,4772,88,32670,89,4680,84.5
2026-04-17 10:15:43 PM,KXATPCHALLENGERMATCH-26APR17HOLBRO-BRO,84,1179,83,6517,82,60656,81,421,80,1224,85,6026,86,8169,87,4772,88,32670,89,4680,84.5
2026-04-17 10:15:43 PM,KXATPCHALLENGERMATCH-26APR17HOLBRO-BRO,84,1179,83,6517,82,60656,81,421,80,1224,85,6026,86,7169,87,4772,88,32670,89,4680,84.5
2026-04-17 10:15:43 PM,KXATPCHALLENGERMATCH-26APR17HOLBRO-BRO,84,1179,83,6517,82,60656,81,421,80,1224,85,6026,86,6769,87,4772,88,32670,89,4680,84.5
2026-04-17 10:15:46 PM,KXATPCHALLENGERMATCH-26APR17HOLBRO-BRO,84,1179,83,6517,82,60656,81,421,80,1224,85,5968,86,6769,87,4772,88,32670,89,4680,84.5
2026-04-17 10:15:46 PM,KXATPCHALLENGERMATCH-26APR17HOLBRO-BRO,84,1179,83,6517,82,60656,81,421,80,1224,85,5933,86,6769,87,4772,88,32670,89,4680,84.5
2026-04-17 10:15:47 PM,KXATPCHALLENGERMATCH-26APR17HOLBRO-BRO,84,1179,83,6517,82,60656,81,421,80,1224,85,5968,86,6769,87,4772,88,32670,89,4680,84.5
2026-04-17 10:15:59 PM,KXATPCHALLENGERMATCH-26APR17HOLBRO-BRO,84,1094,83,6517,82,60656,81,421,80,1224,85,5968,86,6769,87,4772,88,32670,89,4680,84.5
2026-04-17 10:15:59 PM,KXATPCHALLENGERMATCH-26APR17HOLBRO-BRO,84,792,83,6517,82,60656,81,421,80,1224,85,5968,86,6769,87,4772,88,32670,89,4680,84.5
2026-04-17 10:15:59 PM,KXATPCHALLENGERMATCH-26APR17HOLBRO-BRO,84,668,83,6517,82,60656,81,421,80,1224,85,5968,86,6769,87,4772,88,32670,89,4680,84.5
2026-04-17 10:15:59 PM,KXATPCHALLENGERMATCH-26APR17HOLBRO-BRO,84,997,83,6517,82,60656,81,421,80,1224,85,5968,86,6769,87,4772,88,32670,89,4680,84.5
2026-04-17 10:15:59 PM,KXATPCHALLENGERMATCH-26APR17HOLBRO-BRO,84,997,83,5911,82,60656,81,421,80,1224,85,5968,86,6769,87,4772,88,32670,89,4680,84.5
2026-04-17 10:15:59 PM,KXATPCHALLENGERMATCH-26APR17HOLBRO-BRO,84,997,83,5911,82,60656,81,421,80,1224,85,6425,86,6769,87,4772,88,32670,89,4680,84.5
2026-04-17 10:16:00 PM,KXATPCHALLENGERMATCH-26APR17HOLBRO-BRO,84,997,83,6517,82,60656,81,421,80,1224,85,6425,86,6769,87,4772,88,32670,89,4680,84.5
2026-04-17 10:16:00 PM,KXATPCHALLENGERMATCH-26APR17HOLBRO-BRO,84,1094,83,6517,82,60656,81,421,80,1224,85,6425,86,6769,87,4772,88,32670,89,4680,84.5
2026-04-17 10:16:01 PM,KXATPCHALLENGERMATCH-26APR17HOLBRO-BRO,84,1094,83,6517,82,60656,81,421,80,1224,85,6405,86,6769,87,4772,88,32670,89,4680,84.5
2026-04-17 10:16:02 PM,KXATPCHALLENGERMATCH-26APR17HOLBRO-BRO,84,1094,83,6517,82,60656,81,421,80,1224,85,6405,86,6988,87,4772,88,32670,89,4680,84.5
2026-04-17 10:16:03 PM,KXATPCHALLENGERMATCH-26APR17HOLBRO-BRO,84,1094,83,6517,82,60656,81,421,80,1224,85,6405,86,7388,87,4772,88,32670,89,4680,84.5
2026-04-17 10:18:19 PM,KXATPCHALLENGERMATCH-26APR17HOLBRO-BRO,84,1094,83,6517,82,60656,81,421,80,1224,85,5948,86,7388,87,4772,88,32670,89,4680,84.5
2026-04-17 10:18:43 PM,KXATPCHALLENGERMATCH-26APR17HOLBRO-BRO,84,1173,83,6517,82,60656,81,421,80,1224,85,5948,86,7388,87,4772,88,32670,89,4680,84.5
2026-04-17 10:19:08 PM,KXATPCHALLENGERMATCH-26APR17HOLBRO-BRO,84,1173,83,6517,82,60656,81,421,80,1224,85,5948,86,5403,87,4772,88,32670,89,4680,84.5
2026-04-17 10:19:09 PM,KXATPCHALLENGERMATCH-26APR17HOLBRO-BRO,84,1173,83,6517,82,60656,81,421,80,1224,85,5948,86,5003,87,4772,88,32670,89,4680,84.5
2026-04-17 10:19:09 PM,KXATPCHALLENGERMATCH-26APR17HOLBRO-BRO,84,1173,83,6517,82,60656,81,421,80,1224,85,5948,86,4603,87,4772,88,32670,89,4680,84.5
2026-04-17 10:19:11 PM,KXATPCHALLENGERMATCH-26APR17HOLBRO-BRO,84,1173,83,6517,82,60656,81,421,80,1224,85,5913,86,4603,87,4772,88,32670,89,4680,84.5
2026-04-17 10:19:26 PM,KXATPCHALLENGERMATCH-26APR17HOLBRO-BRO,84,1147,83,6517,82,60656,81,421,80,1224,85,5913,86,4603,87,4772,88,32670,89,4680,84.5
2026-04-17 10:19:26 PM,KXATPCHALLENGERMATCH-26APR17HOLBRO-BRO,84,1147,83,6517,82,60656,81,421,80,1224,85,5913,86,6521,87,4772,88,32670,89,4680,84.5
2026-04-17 10:19:26 PM,KXATPCHALLENGERMATCH-26APR17HOLBRO-BRO,84,1147,83,6517,82,60656,81,421,80,1224,85,6230,86,6521,87,4772,88,32670,89,4680,84.5
2026-04-17 10:19:26 PM,KXATPCHALLENGERMATCH-26APR17HOLBRO-BRO,84,1147,83,6517,82,60656,81,421,80,1224,85,6230,86,6921,87,4772,88,32670,89,4680,84.5
2026-04-17 10:19:26 PM,KXATPCHALLENGERMATCH-26APR17HOLBRO-BRO,84,1147,83,6517,82,60656,81,421,80,1224,85,6230,86,7321,87,4772,88,32670,89,4680,84.5
2026-04-17 10:20:50 PM,KXATPCHALLENGERMATCH-26APR17HOLBRO-BRO,84,1147,83,6517,82,60656,81,421,80,1224,85,6217,86,7321,87,4772,88,32670,89,4680,84.5
2026-04-17 10:21:51 PM,KXATPCHALLENGERMATCH-26APR17HOLBRO-BRO,84,1147,83,6509,82,60656,81,421,80,1224,85,6217,86,7321,87,4772,88,32670,89,4680,84.5
2026-04-17 10:21:51 PM,KXATPCHALLENGERMATCH-26APR17HOLBRO-BRO,84,1147,83,6509,82,60656,81,421,80,1224,85,6209,86,7321,87,4772,88,32670,89,4680,84.5
2026-04-17 10:22:45 PM,KXATPCHALLENGERMATCH-26APR17HOLBRO-BRO,84,1147,83,6509,82,60656,81,421,80,1224,85,6239,86,7321,87,4772,88,32670,89,4680,84.5
2026-04-17 10:22:49 PM,KXATPCHALLENGERMATCH-26APR17HOLBRO-BRO,84,1147,83,6509,82,60656,81,421,80,1224,85,5922,86,7321,87,4772,88,32670,89,4680,84.5
2026-04-17 10:22:49 PM,KXATPCHALLENGERMATCH-26APR17HOLBRO-BRO,84,1147,83,6509,82,60656,81,421,80,1224,85,5495,86,7321,87,4772,88,32670,89,4680,84.5
2026-04-17 10:22:49 PM,KXATPCHALLENGERMATCH-26APR17HOLBRO-BRO,84,1147,83,6509,82,60656,81,421,80,1224,85,5495,86,5403,87,4772,88,32670,89,4680,84.5
2026-04-17 10:22:49 PM,KXATPCHALLENGERMATCH-26APR17HOLBRO-BRO,84,1147,83,6509,82,60656,81,421,80,1224,85,5495,86,5003,87,4772,88,32670,89,4680,84.5
2026-04-17 10:22:49 PM,KXATPCHALLENGERMATCH-26APR17HOLBRO-BRO,84,1147,83,6509,82,60656,81,421,80,1224,85,5495,86,4603,87,4772,88,32670,89,4680,84.5
2026-04-17 10:22:51 PM,KXATPCHALLENGERMATCH-26APR17HOLBRO-BRO,84,2647,83,6509,82,60656,81,421,80,1224,85,5495,86,4603,87,4772,88,32670,89,4680,84.5
2026-04-17 10:22:53 PM,KXATPCHALLENGERMATCH-26APR17HOLBRO-BRO,84,2647,83,6509,82,60656,81,421,80,1224,85,6995,86,4603,87,4772,88,32670,89,4680,84.5
2026-04-17 10:22:55 PM,KXATPCHALLENGERMATCH-26APR17HOLBRO-BRO,84,4147,83,6509,82,60656,81,421,80,1224,85,6995,86,4603,87,4772,88,32670,89,4680,84.5
2026-04-17 10:23:00 PM,KXATPCHALLENGERMATCH-26APR17HOLBRO-BRO,84,4147,83,6509,82,60656,81,421,80,1224,85,6965,86,4603,87,4772,88,32670,89,4680,84.5
2026-04-17 10:23:14 PM,KXATPCHALLENGERMATCH-26APR17HOLBRO-BRO,84,4147,83,6509,82,60656,81,421,80,1224,85,6965,86,4633,87,4772,88,32670,89,4680,84.5
2026-04-17 10:23:15 PM,KXATPCHALLENGERMATCH-26APR17HOLBRO-BRO,84,4147,83,6509,82,60656,81,421,80,1224,85,6965,86,5624,87,4772,88,32670,89,4680,84.5
2026-04-17 10:23:15 PM,KXATPCHALLENGERMATCH-26APR17HOLBRO-BRO,84,4147,83,6509,82,60656,81,421,80,1224,85,6824,86,5624,87,4772,88,32670,89,4680,84.5
2026-04-17 10:23:15 PM,KXATPCHALLENGERMATCH-26APR17HOLBRO-BRO,84,4147,83,6509,82,60656,81,421,80,1224,85,6824,86,6024,87,4772,88,32670,89,4680,84.5
2026-04-17 10:23:19 PM,KXATPCHALLENGERMATCH-26APR17HOLBRO-BRO,84,4147,83,6509,82,60656,81,421,80,1224,85,6824,86,6181,87,4772,88,32670,89,4680,84.5
2026-04-17 10:23:44 PM,KXATPCHALLENGERMATCH-26APR17HOLBRO-BRO,84,4147,83,6509,82,60656,81,421,80,1224,85,6823,86,6181,87,4772,88,32670,89,4680,84.5
2026-04-17 10:23:53 PM,KXATPCHALLENGERMATCH-26APR17HOLBRO-BRO,84,4147,83,6509,82,60656,81,421,80,1224,85,6795,86,6181,87,4772,88,32670,89,4680,84.5
2026-04-17 10:24:30 PM,KXATPCHALLENGERMATCH-26APR17HOLBRO-BRO,84,4147,83,6509,82,60656,81,421,80,1224,85,6795,86,5033,87,4772,88,32670,89,4680,84.5
2026-04-17 10:24:30 PM,KXATPCHALLENGERMATCH-26APR17HOLBRO-BRO,84,4147,83,6509,82,60656,81,421,80,1224,85,6795,86,4633,87,4772,88,32670,89,4680,84.5
2026-04-17 10:25:01 PM,KXATPCHALLENGERMATCH-26APR17HOLBRO-BRO,84,4191,83,6509,82,60656,81,421,80,1224,85,6795,86,4633,87,4772,88,32670,89,4680,84.5
2026-04-17 10:25:07 PM,KXATPCHALLENGERMATCH-26APR17HOLBRO-BRO,84,4191,83,6509,82,60656,81,421,80,1224,85,6795,86,5708,87,4772,88,32670,89,4680,84.5
2026-04-17 10:25:07 PM,KXATPCHALLENGERMATCH-26APR17HOLBRO-BRO,84,4191,83,6509,82,60656,81,421,80,1224,85,6795,86,6108,87,4772,88,32670,89,4680,84.5
2026-04-17 10:25:24 PM,KXATPCHALLENGERMATCH-26APR17HOLBRO-BRO,84,4191,83,6509,82,60656,81,421,80,1224,85,6765,86,6108,87,4772,88,32670,89,4680,84.5
2026-04-17 10:25:58 PM,KXATPCHALLENGERMATCH-26APR17HOLBRO-BRO,84,4221,83,6509,82,60656,81,421,80,1224,85,6765,86,6108,87,4772,88,32670,89,4680,84.5
2026-04-17 10:26:10 PM,KXATPCHALLENGERMATCH-26APR17HOLBRO-BRO,84,4174,83,6509,82,60656,81,421,80,1224,85,6765,86,6108,87,4772,88,32670,89,4680,84.5
2026-04-17 10:26:11 PM,KXATPCHALLENGERMATCH-26APR17HOLBRO-BRO,84,4174,83,6509,82,60656,81,421,80,1224,85,6765,86,5033,87,4772,88,32670,89,4680,84.5
2026-04-17 10:26:11 PM,KXATPCHALLENGERMATCH-26APR17HOLBRO-BRO,84,4174,83,6509,82,60656,81,421,80,1224,85,6765,86,4633,87,4772,88,32670,89,4680,84.5
2026-04-17 10:26:11 PM,KXATPCHALLENGERMATCH-26APR17HOLBRO-BRO,84,4174,83,6509,82,60656,81,421,80,1224,85,6732,86,4633,87,4772,88,32670,89,4680,84.5
2026-04-17 10:26:11 PM,KXATPCHALLENGERMATCH-26APR17HOLBRO-BRO,84,4174,83,6509,82,60656,81,421,80,1224,85,6712,86,4633,87,4772,88,32670,89,4680,84.5
2026-04-17 10:26:27 PM,KXATPCHALLENGERMATCH-26APR17HOLBRO-BRO,84,4174,83,6509,82,60656,81,421,80,1224,85,6712,86,5650,87,4772,88,32670,89,4680,84.5
2026-04-17 10:26:27 PM,KXATPCHALLENGERMATCH-26APR17HOLBRO-BRO,84,4174,83,6509,82,60656,81,421,80,1224,85,6712,86,6050,87,4772,88,32670,89,4680,84.5
2026-04-17 10:26:49 PM,KXATPCHALLENGERMATCH-26APR17HOLBRO-BRO,84,4164,83,6509,82,60656,81,421,80,1224,85,6712,86,6050,87,4772,88,32670,89,4680,84.5
2026-04-17 10:26:49 PM,KXATPCHALLENGERMATCH-26APR17HOLBRO-BRO,84,4117,83,6509,82,60656,81,421,80,1224,85,6712,86,6050,87,4772,88,32670,89,4680,84.5
2026-04-17 10:27:28 PM,KXATPCHALLENGERMATCH-26APR17HOLBRO-BRO,84,4117,83,6509,82,60656,81,421,80,1224,85,6711,86,6050,87,4772,88,32670,89,4680,84.5
2026-04-17 10:27:30 PM,KXATPCHALLENGERMATCH-26APR17HOLBRO-BRO,84,4117,83,3509,82,60656,81,421,80,1224,85,6711,86,6050,87,4772,88,32670,89,4680,84.5
2026-04-17 10:27:35 PM,KXATPCHALLENGERMATCH-26APR17HOLBRO-BRO,84,4117,83,3509,82,60656,81,421,80,1224,85,6711,86,6050,87,4772,88,32670,89,680,84.5
2026-04-17 10:27:37 PM,KXATPCHALLENGERMATCH-26APR17HOLBRO-BRO,84,4114,83,3509,82,60656,81,421,80,1224,85,6711,86,6050,87,4772,88,32670,89,680,84.5
2026-04-17 10:28:12 PM,KXATPCHALLENGERMATCH-26APR17HOLBRO-BRO,84,4094,83,3509,82,60656,81,421,80,1224,85,6711,86,6050,87,4772,88,32670,89,680,84.5
2026-04-17 10:28:12 PM,KXATPCHALLENGERMATCH-26APR17HOLBRO-BRO,84,4084,83,3509,82,60656,81,421,80,1224,85,6711,86,6050,87,4772,88,32670,89,680,84.5
2026-04-17 10:28:12 PM,KXATPCHALLENGERMATCH-26APR17HOLBRO-BRO,84,4178,83,3509,82,60656,81,421,80,1224,85,6711,86,6050,87,4772,88,32670,89,680,84.5
2026-04-17 10:28:16 PM,KXATPCHALLENGERMATCH-26APR17HOLBRO-BRO,84,4178,83,3509,82,60656,81,421,80,1224,85,6650,86,6050,87,4772,88,32670,89,680,84.5
2026-04-17 10:28:16 PM,KXATPCHALLENGERMATCH-26APR17HOLBRO-BRO,84,4178,83,3509,82,60656,81,421,80,1224,85,6517,86,6050,87,4772,88,32670,89,680,84.5
2026-04-17 10:28:22 PM,KXATPCHALLENGERMATCH-26APR17HOLBRO-BRO,84,4178,83,3509,82,60656,81,421,80,1224,85,6653,86,6050,87,4772,88,32670,89,680,84.5
2026-04-17 10:28:54 PM,KXATPCHALLENGERMATCH-26APR17HOLBRO-BRO,84,4178,83,3509,82,60656,81,421,80,1224,85,6688,86,6050,87,4772,88,32670,89,680,84.5
2026-04-17 10:29:04 PM,KXATPCHALLENGERMATCH-26APR17HOLBRO-BRO,84,3887,83,3509,82,60656,81,421,80,1224,85,6688,86,6050,87,4772,88,32670,89,680,84.5
2026-04-17 10:29:04 PM,KXATPCHALLENGERMATCH-26APR17HOLBRO-BRO,84,4179,83,3509,82,60656,81,421,80,1224,85,6688,86,6050,87,4772,88,32670,89,680,84.5
2026-04-17 10:29:04 PM,KXATPCHALLENGERMATCH-26APR17HOLBRO-BRO,84,4179,83,3509,82,60656,81,421,80,1224,85,6851,86,6050,87,4772,88,32670,89,680,84.5
2026-04-17 10:29:04 PM,KXATPCHALLENGERMATCH-26APR17HOLBRO-BRO,84,4179,83,3509,82,60656,81,421,80,1224,85,6851,86,6263,87,4772,88,32670,89,680,84.5
2026-04-17 10:29:04 PM,KXATPCHALLENGERMATCH-26APR17HOLBRO-BRO,84,4179,83,3509,82,60656,81,421,80,1224,85,6816,86,6263,87,4772,88,32670,89,680,84.5
2026-04-17 10:29:15 PM,KXATPCHALLENGERMATCH-26APR17HOLBRO-BRO,84,4179,83,3509,82,60656,81,421,80,1224,85,6815,86,6263,87,4772,88,32670,89,680,84.5
2026-04-17 10:29:16 PM,KXATPCHALLENGERMATCH-26APR17HOLBRO-BRO,84,4179,83,3509,82,60656,81,421,80,1224,85,6850,86,6263,87,4772,88,32670,89,680,84.5
2026-04-17 10:29:27 PM,KXATPCHALLENGERMATCH-26APR17HOLBRO-BRO,84,4179,83,3509,82,60656,81,421,80,1224,85,6798,86,6263,87,4772,88,32670,89,680,84.5
2026-04-17 10:29:28 PM,KXATPCHALLENGERMATCH-26APR17HOLBRO-BRO,84,4179,83,3509,82,60656,81,421,80,1224,85,6763,86,6263,87,4772,88,32670,89,680,84.5
2026-04-17 10:29:28 PM,KXATPCHALLENGERMATCH-26APR17HOLBRO-BRO,84,4179,83,3509,82,60656,81,421,80,1224,85,6763,86,6298,87,4772,88,32670,89,680,84.5
2026-04-17 10:29:29 PM,KXATPCHALLENGERMATCH-26APR17HOLBRO-BRO,84,4179,83,3509,82,60656,81,421,80,1224,85,6763,86,6263,87,4772,88,32670,89,680,84.5
2026-04-17 10:29:30 PM,KXATPCHALLENGERMATCH-26APR17HOLBRO-BRO,84,4179,83,3509,82,60656,81,421,80,1224,85,6798,86,6263,87,4772,88,32670,89,680,84.5
2026-04-17 10:29:36 PM,KXATPCHALLENGERMATCH-26APR17HOLBRO-BRO,84,4179,83,3509,82,60656,81,421,80,1224,85,6793,86,6263,87,4772,88,32670,89,680,84.5
2026-04-17 10:29:36 PM,KXATPCHALLENGERMATCH-26APR17HOLBRO-BRO,84,4179,83,3509,82,60656,81,421,80,1224,85,6758,86,6263,87,4772,88,32670,89,680,84.5
2026-04-17 10:29:58 PM,KXATPCHALLENGERMATCH-26APR17HOLBRO-BRO,84,4179,83,3509,82,60656,81,421,80,1224,85,6793,86,6263,87,4772,88,32670,89,680,84.5
2026-04-17 10:30:05 PM,KXATPCHALLENGERMATCH-26APR17HOLBRO-BRO,84,4279,83,3509,82,60656,81,421,80,1224,85,6793,86,6263,87,4772,88,32670,89,680,84.5
2026-04-17 10:30:13 PM,KXATPCHALLENGERMATCH-26APR17HOLBRO-BRO,84,4289,83,3509,82,60656,81,421,80,1224,85,6793,86,6263,87,4772,88,32670,89,680,84.5
2026-04-17 10:30:15 PM,KXATPCHALLENGERMATCH-26APR17HOLBRO-BRO,84,4289,83,3509,82,60656,81,421,80,1224,85,6775,86,6263,87,4772,88,32670,89,680,84.5
2026-04-17 10:30:15 PM,KXATPCHALLENGERMATCH-26APR17HOLBRO-BRO,84,4289,83,3509,82,60656,81,421,80,1224,85,6740,86,6263,87,4772,88,32670,89,680,84.5
2026-04-17 10:30:29 PM,KXATPCHALLENGERMATCH-26APR17HOLBRO-BRO,84,4289,83,3509,82,60656,81,421,80,1224,85,6716,86,6263,87,4772,88,32670,89,680,84.5
2026-04-17 10:30:33 PM,KXATPCHALLENGERMATCH-26APR17HOLBRO-BRO,84,4289,83,3509,82,60656,81,421,80,1224,85,6709,86,6263,87,4772,88,32670,89,680,84.5
2026-04-17 10:30:41 PM,KXATPCHALLENGERMATCH-26APR17HOLBRO-BRO,84,4260,83,3509,82,60656,81,421,80,1224,85,6709,86,6263,87,4772,88,32670,89,680,84.5
2026-04-17 10:30:41 PM,KXATPCHALLENGERMATCH-26APR17HOLBRO-BRO,84,4377,83,3509,82,60656,81,421,80,1224,85,6709,86,6263,87,4772,88,32670,89,680,84.5
2026-04-17 10:30:46 PM,KXATPCHALLENGERMATCH-26APR17HOLBRO-BRO,84,4377,83,3509,82,60656,81,421,80,1224,85,6709,86,6600,87,4772,88,32670,89,680,84.5
2026-04-17 10:30:46 PM,KXATPCHALLENGERMATCH-26APR17HOLBRO-BRO,84,4377,83,3509,82,60656,81,421,80,1224,85,7013,86,6600,87,4772,88,32670,89,680,84.5
2026-04-17 10:30:55 PM,KXATPCHALLENGERMATCH-26APR17HOLBRO-BRO,84,4377,83,3509,82,60656,81,421,80,1224,85,7011,86,6600,87,4772,88,32670,89,680,84.5
2026-04-17 10:31:06 PM,KXATPCHALLENGERMATCH-26APR17HOLBRO-BRO,84,4377,83,3509,82,60656,81,421,80,1224,85,6980,86,6600,87,4772,88,32670,89,680,84.5
2026-04-17 10:31:06 PM,KXATPCHALLENGERMATCH-26APR17HOLBRO-BRO,84,4377,83,3509,82,60656,81,421,80,1224,85,6980,86,6635,87,4772,88,32670,89,680,84.5
2026-04-17 10:31:06 PM,KXATPCHALLENGERMATCH-26APR17HOLBRO-BRO,84,4377,83,3509,82,60656,81,421,80,1224,85,6978,86,6635,87,4772,88,32670,89,680,84.5
2026-04-17 10:31:07 PM,KXATPCHALLENGERMATCH-26APR17HOLBRO-BRO,84,4377,83,3509,82,60656,81,421,80,1224,85,6978,86,6600,87,4772,88,32670,89,680,84.5
2026-04-17 10:31:10 PM,KXATPCHALLENGERMATCH-26APR17HOLBRO-BRO,84,4377,83,3509,82,60656,81,421,80,1224,85,6977,86,6600,87,4772,88,32670,89,680,84.5
2026-04-17 10:31:13 PM,KXATPCHALLENGERMATCH-26APR17HOLBRO-BRO,84,4377,83,3509,82,60656,81,421,80,1224,85,6954,86,6600,87,4772,88,32670,89,680,84.5
2026-04-17 10:31:20 PM,KXATPCHALLENGERMATCH-26APR17HOLBRO-BRO,84,4377,83,3509,82,60656,81,421,80,1224,85,6989,86,6600,87,4772,88,32670,89,680,84.5
2026-04-17 10:31:30 PM,KXATPCHALLENGERMATCH-26APR17HOLBRO-BRO,84,4377,83,3509,82,60656,81,421,80,1224,85,7084,86,6600,87,4772,88,32670,89,680,84.5
2026-04-17 10:31:32 PM,KXATPCHALLENGERMATCH-26APR17HOLBRO-BRO,84,4377,83,3509,82,60656,81,421,80,1224,85,6859,86,6600,87,4772,88,32670,89,680,84.5
2026-04-17 10:31:32 PM,KXATPCHALLENGERMATCH-26APR17HOLBRO-BRO,84,4377,83,3509,82,60656,81,421,80,1224,85,6824,86,6600,87,4772,88,32670,89,680,84.5
2026-04-17 10:31:39 PM,KXATPCHALLENGERMATCH-26APR17HOLBRO-BRO,84,4377,83,3509,82,60656,81,421,80,1224,85,6824,86,6570,87,4772,88,32670,89,680,84.5
2026-04-17 10:31:39 PM,KXATPCHALLENGERMATCH-26APR17HOLBRO-BRO,84,4377,83,3509,82,60656,81,421,80,1224,85,6854,86,6570,87,4772,88,32670,89,680,84.5
2026-04-17 10:32:59 PM,KXATPCHALLENGERMATCH-26APR17HOLBRO-BRO,84,4372,83,3509,82,60656,81,421,80,1224,85,6854,86,6570,87,4772,88,32670,89,680,84.5
2026-04-17 10:33:02 PM,KXATPCHALLENGERMATCH-26APR17HOLBRO-BRO,84,4372,83,3509,82,60656,81,421,80,1224,85,6889,86,6570,87,4772,88,32670,89,680,84.5
2026-04-17 10:33:24 PM,KXATPCHALLENGERMATCH-26APR17HOLBRO-BRO,84,4372,83,3509,82,60656,81,421,80,1224,85,6869,86,6570,87,4772,88,32670,89,680,84.5
2026-04-17 10:33:24 PM,KXATPCHALLENGERMATCH-26APR17HOLBRO-BRO,84,4372,83,3509,82,60656,81,421,80,1224,85,6833,86,6570,87,4772,88,32670,89,680,84.5
2026-04-17 10:33:24 PM,KXATPCHALLENGERMATCH-26APR17HOLBRO-BRO,84,4372,83,3509,82,60656,81,421,80,1224,85,6798,86,6570,87,4772,88,32670,89,680,84.5
2026-04-17 10:33:30 PM,KXATPCHALLENGERMATCH-26APR17HOLBRO-BRO,84,4372,83,3509,82,60656,81,421,80,1224,85,6795,86,6570,87,4772,88,32670,89,680,84.5
2026-04-17 10:33:32 PM,KXATPCHALLENGERMATCH-26APR17HOLBRO-BRO,84,4372,83,3509,82,60656,81,421,80,1224,85,6830,86,6570,87,4772,88,32670,89,680,84.5
2026-04-17 10:33:35 PM,KXATPCHALLENGERMATCH-26APR17HOLBRO-BRO,84,4372,83,3509,82,60656,81,421,80,1224,85,6773,86,6570,87,4772,88,32670,89,680,84.5
2026-04-17 10:33:35 PM,KXATPCHALLENGERMATCH-26APR17HOLBRO-BRO,84,4372,83,3509,82,60656,81,421,80,1224,85,6738,86,6570,87,4772,88,32670,89,680,84.5
2026-04-17 10:33:40 PM,KXATPCHALLENGERMATCH-26APR17HOLBRO-BRO,84,4372,83,3509,82,60656,81,421,80,1224,85,6773,86,6570,87,4772,88,32670,89,680,84.5
2026-04-17 10:33:44 PM,KXATPCHALLENGERMATCH-26APR17HOLBRO-BRO,84,4372,83,3509,82,60656,81,421,80,1224,85,6678,86,6570,87,4772,88,32670,89,680,84.5
2026-04-17 10:33:46 PM,KXATPCHALLENGERMATCH-26APR17HOLBRO-BRO,84,4372,83,3509,82,60656,81,421,80,1224,85,6621,86,6570,87,4772,88,32670,89,680,84.5
2026-04-17 10:33:46 PM,KXATPCHALLENGERMATCH-26APR17HOLBRO-BRO,84,4372,83,3509,82,60656,81,421,80,1224,85,6586,86,6570,87,4772,88,32670,89,680,84.5
2026-04-17 10:33:49 PM,KXATPCHALLENGERMATCH-26APR17HOLBRO-BRO,84,4372,83,3509,82,60656,81,421,80,1224,85,6681,86,6570,87,4772,88,32670,89,680,84.5
2026-04-17 10:33:49 PM,KXATPCHALLENGERMATCH-26APR17HOLBRO-BRO,84,4372,83,3509,82,60656,81,421,80,1224,85,6716,86,6570,87,4772,88,32670,89,680,84.5
2026-04-17 10:34:04 PM,KXATPCHALLENGERMATCH-26APR17HOLBRO-BRO,84,4372,83,3509,82,60656,81,421,80,1224,85,6711,86,6570,87,4772,88,32670,89,680,84.5
2026-04-17 10:34:04 PM,KXATPCHALLENGERMATCH-26APR17HOLBRO-BRO,84,4372,83,3509,82,60656,81,421,80,1224,85,6676,86,6570,87,4772,88,32670,89,680,84.5
2026-04-17 10:34:28 PM,KXATPCHALLENGERMATCH-26APR17HOLBRO-BRO,84,4835,83,3509,82,60656,81,421,80,1224,85,6676,86,6570,87,4772,88,32670,89,680,84.5
2026-04-17 10:34:43 PM,KXATPCHALLENGERMATCH-26APR17HOLBRO-BRO,84,4835,83,3509,82,60656,81,421,80,1224,85,6711,86,6570,87,4772,88,32670,89,680,84.5
2026-04-17 10:36:32 PM,KXATPCHALLENGERMATCH-26APR17HOLBRO-BRO,84,4835,83,3509,82,60656,81,421,80,1224,85,6557,86,6570,87,4772,88,32670,89,680,84.5
2026-04-17 10:36:32 PM,KXATPCHALLENGERMATCH-26APR17HOLBRO-BRO,84,4835,83,3509,82,60656,81,421,80,1224,85,6522,86,6570,87,4772,88,32670,89,680,84.5
2026-04-17 10:36:58 PM,KXATPCHALLENGERMATCH-26APR17HOLBRO-BRO,84,4835,83,3509,82,60656,81,421,80,1224,85,6557,86,6570,87,4772,88,32670,89,680,84.5
2026-04-17 10:37:02 PM,KXATPCHALLENGERMATCH-26APR17HOLBRO-BRO,84,4967,83,3509,82,60656,81,421,80,1224,85,6557,86,6570,87,4772,88,32670,89,680,84.5
2026-04-17 10:37:17 PM,KXATPCHALLENGERMATCH-26APR17HOLBRO-BRO,84,4967,83,3509,82,60656,81,421,80,1224,85,6546,86,6570,87,4772,88,32670,89,680,84.5
2026-04-17 10:37:17 PM,KXATPCHALLENGERMATCH-26APR17HOLBRO-BRO,84,4967,83,3509,82,60656,81,421,80,1224,85,6511,86,6570,87,4772,88,32670,89,680,84.5
2026-04-17 10:37:37 PM,KXATPCHALLENGERMATCH-26APR17HOLBRO-BRO,84,4967,83,3509,82,60656,81,421,80,1224,85,6546,86,6570,87,4772,88,32670,89,680,84.5
2026-04-17 10:38:21 PM,KXATPCHALLENGERMATCH-26APR17HOLBRO-BRO,84,4963,83,3509,82,60656,81,421,80,1224,85,6546,86,6570,87,4772,88,32670,89,680,84.5
2026-04-17 10:38:21 PM,KXATPCHALLENGERMATCH-26APR17HOLBRO-BRO,84,4963,83,3509,82,60656,81,421,80,1224,85,6511,86,6570,87,4772,88,32670,89,680,84.5
2026-04-17 10:38:21 PM,KXATPCHALLENGERMATCH-26APR17HOLBRO-BRO,84,4963,83,3509,82,60656,81,421,80,1224,85,6718,86,6570,87,4772,88,32670,89,680,84.5
2026-04-17 10:38:22 PM,KXATPCHALLENGERMATCH-26APR17HOLBRO-BRO,84,4963,83,3509,82,60656,81,421,80,1224,85,6527,86,6570,87,4772,88,32670,89,680,84.5
2026-04-17 10:38:26 PM,KXATPCHALLENGERMATCH-26APR17HOLBRO-BRO,84,4963,83,3509,82,60656,81,421,80,1224,85,6562,86,6570,87,4772,88,32670,89,680,84.5
2026-04-17 10:38:34 PM,KXATPCHALLENGERMATCH-26APR17HOLBRO-BRO,84,4963,83,3509,82,60656,81,421,80,1224,85,6527,86,6570,87,4772,88,32670,89,680,84.5
2026-04-17 10:38:34 PM,KXATPCHALLENGERMATCH-26APR17HOLBRO-BRO,84,4963,83,3509,82,60656,81,421,80,1224,85,6527,86,6605,87,4772,88,32670,89,680,84.5
2026-04-17 10:38:36 PM,KXATPCHALLENGERMATCH-26APR17HOLBRO-BRO,84,4963,83,3509,82,60656,81,421,80,1224,85,6527,86,6570,87,4772,88,32670,89,680,84.5
2026-04-17 10:38:37 PM,KXATPCHALLENGERMATCH-26APR17HOLBRO-BRO,84,5154,83,3509,82,60656,81,421,80,1224,85,6527,86,6570,87,4772,88,32670,89,680,84.5
2026-04-17 10:38:37 PM,KXATPCHALLENGERMATCH-26APR17HOLBRO-BRO,84,5154,83,3509,82,60656,81,421,80,1224,85,6562,86,6570,87,4772,88,32670,89,680,84.5
2026-04-17 10:39:29 PM,KXATPCHALLENGERMATCH-26APR17HOLBRO-BRO,84,5154,83,3509,82,60656,81,421,80,1224,85,6662,86,6570,87,4772,88,32670,89,680,84.5
2026-04-17 10:39:36 PM,KXATPCHALLENGERMATCH-26APR17HOLBRO-BRO,84,5154,83,3509,82,60656,81,421,80,1224,85,6645,86,6570,87,4772,88,32670,89,680,84.5
2026-04-17 10:39:36 PM,KXATPCHALLENGERMATCH-26APR17HOLBRO-BRO,84,5154,83,3509,82,60656,81,421,80,1224,85,6610,86,6570,87,4772,88,32670,89,680,84.5
2026-04-17 10:39:39 PM,KXATPCHALLENGERMATCH-26APR17HOLBRO-BRO,84,5154,83,3509,82,60656,81,421,80,1224,85,6645,86,6570,87,4772,88,32670,89,680,84.5
2026-04-17 10:40:37 PM,KXATPCHALLENGERMATCH-26APR17HOLBRO-BRO,84,5154,83,3509,82,60656,81,421,80,1224,85,6600,86,6570,87,4772,88,32670,89,680,84.5
2026-04-17 10:40:38 PM,KXATPCHALLENGERMATCH-26APR17HOLBRO-BRO,84,5154,83,3509,82,60656,81,421,80,1224,85,6565,86,6570,87,4772,88,32670,89,680,84.5
2026-04-17 10:40:39 PM,KXATPCHALLENGERMATCH-26APR17HOLBRO-BRO,84,5124,83,3509,82,60656,81,421,80,1224,85,6565,86,6570,87,4772,88,32670,89,680,84.5
2026-04-17 10:40:39 PM,KXATPCHALLENGERMATCH-26APR17HOLBRO-BRO,84,5124,83,3509,82,60656,81,421,80,1224,85,6535,86,6570,87,4772,88,32670,89,680,84.5
2026-04-17 10:41:01 PM,KXATPCHALLENGERMATCH-26APR17HOLBRO-BRO,84,5057,83,3509,82,60656,81,421,80,1224,85,6535,86,6570,87,4772,88,32670,89,680,84.5
2026-04-17 10:41:01 PM,KXATPCHALLENGERMATCH-26APR17HOLBRO-BRO,84,5192,83,3509,82,60656,81,421,80,1224,85,6535,86,6570,87,4772,88,32670,89,680,84.5
2026-04-17 10:41:04 PM,KXATPCHALLENGERMATCH-26APR17HOLBRO-BRO,84,5192,83,3509,82,60656,81,421,80,1224,85,6570,86,6570,87,4772,88,32670,89,680,84.5
2026-04-17 10:41:04 PM,KXATPCHALLENGERMATCH-26APR17HOLBRO-BRO,84,5192,83,3509,82,60656,81,421,80,1224,85,6559,86,6570,87,4772,88,32670,89,680,84.5
2026-04-17 10:41:04 PM,KXATPCHALLENGERMATCH-26APR17HOLBRO-BRO,84,5192,83,3509,82,60656,81,421,80,1224,85,6524,86,6570,87,4772,88,32670,89,680,84.5
2026-04-17 10:41:05 PM,KXATPCHALLENGERMATCH-26APR17HOLBRO-BRO,84,5192,83,3509,82,60656,81,421,80,1224,85,6524,86,6812,87,4772,88,32670,89,680,84.5
2026-04-17 10:41:05 PM,KXATPCHALLENGERMATCH-26APR17HOLBRO-BRO,84,5192,83,3509,82,60656,81,421,80,1224,85,6524,86,7212,87,4772,88,32670,89,680,84.5
2026-04-17 10:41:07 PM,KXATPCHALLENGERMATCH-26APR17HOLBRO-BRO,84,5192,83,3509,82,60656,81,421,80,1224,85,6516,86,7212,87,4772,88,32670,89,680,84.5
2026-04-17 10:41:23 PM,KXATPCHALLENGERMATCH-26APR17HOLBRO-BRO,84,5191,83,3509,82,60656,81,421,80,1224,85,6516,86,7212,87,4772,88,32670,89,680,84.5
2026-04-17 10:41:45 PM,KXATPCHALLENGERMATCH-26APR17HOLBRO-BRO,84,5191,83,3509,82,60656,81,421,80,1224,85,6515,86,7212,87,4772,88,32670,89,680,84.5
2026-04-17 10:41:54 PM,KXATPCHALLENGERMATCH-26APR17HOLBRO-BRO,84,5191,83,3509,82,60656,81,421,80,1224,85,6511,86,7212,87,4772,88,32670,89,680,84.5
2026-04-17 10:41:59 PM,KXATPCHALLENGERMATCH-26APR17HOLBRO-BRO,84,5191,83,3509,82,60656,81,421,80,1224,85,6546,86,7212,87,4772,88,32670,89,680,84.5
2026-04-17 10:42:30 PM,KXATPCHALLENGERMATCH-26APR17HOLBRO-BRO,84,5191,83,5809,82,60656,81,421,80,1224,85,6546,86,7212,87,4772,88,32670,89,680,84.5
2026-04-17 10:42:48 PM,KXATPCHALLENGERMATCH-26APR17HOLBRO-BRO,84,5191,83,5809,82,60656,81,421,80,1224,85,6535,86,7212,87,4772,88,32670,89,680,84.5
2026-04-17 10:42:48 PM,KXATPCHALLENGERMATCH-26APR17HOLBRO-BRO,84,5191,83,5809,82,60656,81,421,80,1224,85,6500,86,7212,87,4772,88,32670,89,680,84.5
2026-04-17 10:42:53 PM,KXATPCHALLENGERMATCH-26APR17HOLBRO-BRO,84,5191,83,5809,82,60656,81,421,80,1224,85,6535,86,7212,87,4772,88,32670,89,680,84.5
2026-04-17 10:43:12 PM,KXATPCHALLENGERMATCH-26APR17HOLBRO-BRO,84,5191,83,3509,82,60656,81,421,80,1224,85,6535,86,7212,87,4772,88,32670,89,680,84.5
2026-04-17 10:43:12 PM,KXATPCHALLENGERMATCH-26APR17HOLBRO-BRO,84,5191,83,3509,82,60656,81,2721,80,1224,85,6535,86,7212,87,4772,88,32670,89,680,84.5
2026-04-17 10:43:35 PM,KXATPCHALLENGERMATCH-26APR17HOLBRO-BRO,84,5291,83,3509,82,60656,81,2721,80,1224,85,6535,86,7212,87,4772,88,32670,89,680,84.5
2026-04-17 10:43:51 PM,KXATPCHALLENGERMATCH-26APR17HOLBRO-BRO,84,5239,83,3509,82,60656,81,2721,80,1224,85,6535,86,7212,87,4772,88,32670,89,680,84.5
2026-04-17 10:43:52 PM,KXATPCHALLENGERMATCH-26APR17HOLBRO-BRO,84,5239,83,3509,82,60656,81,2721,80,1224,85,6500,86,7212,87,4772,88,32670,89,680,84.5
2026-04-17 10:43:52 PM,KXATPCHALLENGERMATCH-26APR17HOLBRO-BRO,84,5264,83,3509,82,60656,81,2721,80,1224,85,6500,86,7212,87,4772,88,32670,89,680,84.5
2026-04-17 10:43:56 PM,KXATPCHALLENGERMATCH-26APR17HOLBRO-BRO,84,4743,83,3509,82,60656,81,2721,80,1224,85,6500,86,7212,87,4772,88,32670,89,680,84.5
2026-04-17 10:43:56 PM,KXATPCHALLENGERMATCH-26APR17HOLBRO-BRO,84,4743,83,2903,82,60656,81,2721,80,1224,85,6500,86,7212,87,4772,88,32670,89,680,84.5
2026-04-17 10:43:59 PM,KXATPCHALLENGERMATCH-26APR17HOLBRO-BRO,84,4743,83,3270,82,60656,81,2721,80,1224,85,6500,86,7212,87,4772,88,32670,89,680,84.5
2026-04-17 10:43:59 PM,KXATPCHALLENGERMATCH-26APR17HOLBRO-BRO,84,5216,83,3270,82,60656,81,2721,80,1224,85,6500,86,7212,87,4772,88,32670,89,680,84.5
2026-04-17 10:43:59 PM,KXATPCHALLENGERMATCH-26APR17HOLBRO-BRO,84,5216,83,3270,82,60656,81,2721,80,1224,85,6703,86,7212,87,4772,88,32670,89,680,84.5
2026-04-17 10:44:08 PM,KXATPCHALLENGERMATCH-26APR17HOLBRO-BRO,84,4743,83,3270,82,60656,81,2721,80,1224,85,6703,86,7212,87,4772,88,32670,89,680,84.5
2026-04-17 10:44:08 PM,KXATPCHALLENGERMATCH-26APR17HOLBRO-BRO,84,4743,83,3270,82,60656,81,2721,80,1224,85,6703,86,7403,87,4772,88,32670,89,680,84.5
2026-04-17 10:44:12 PM,KXATPCHALLENGERMATCH-26APR17HOLBRO-BRO,84,5237,83,3270,82,60656,81,2721,80,1224,85,6703,86,7403,87,4772,88,32670,89,680,84.5
2026-04-17 10:44:15 PM,KXATPCHALLENGERMATCH-26APR17HOLBRO-BRO,84,4743,83,3270,82,60656,81,2721,80,1224,85,6703,86,7403,87,4772,88,32670,89,680,84.5
2026-04-17 10:44:15 PM,KXATPCHALLENGERMATCH-26APR17HOLBRO-BRO,84,4743,83,3270,82,60656,81,2721,80,1224,85,6926,86,7403,87,4772,88,32670,89,680,84.5
2026-04-17 10:44:21 PM,KXATPCHALLENGERMATCH-26APR17HOLBRO-BRO,84,5251,83,3270,82,60656,81,2721,80,1224,85,6926,86,7403,87,4772,88,32670,89,680,84.5
2026-04-17 10:44:21 PM,KXATPCHALLENGERMATCH-26APR17HOLBRO-BRO,84,5251,83,3270,82,60656,81,2721,80,1224,85,5826,86,7403,87,4772,88,32670,89,680,84.5
2026-04-17 10:44:26 PM,KXATPCHALLENGERMATCH-26APR17HOLBRO-BRO,84,5251,83,3270,82,60656,81,2721,80,1224,85,7137,86,7403,87,4772,88,32670,89,680,84.5
2026-04-17 10:44:26 PM,KXATPCHALLENGERMATCH-26APR17HOLBRO-BRO,84,4743,83,3270,82,60656,81,2721,80,1224,85,7137,86,7403,87,4772,88,32670,89,680,84.5
2026-04-17 10:44:26 PM,KXATPCHALLENGERMATCH-26APR17HOLBRO-BRO,84,4743,83,2903,82,60656,81,2721,80,1224,85,7137,86,7403,87,4772,88,32670,89,680,84.5
2026-04-17 10:44:29 PM,KXATPCHALLENGERMATCH-26APR17HOLBRO-BRO,84,4743,83,3120,82,60656,81,2721,80,1224,85,7137,86,7403,87,4772,88,32670,89,680,84.5
2026-04-17 10:44:29 PM,KXATPCHALLENGERMATCH-26APR17HOLBRO-BRO,84,5002,83,3120,82,60656,81,2721,80,1224,85,7137,86,7403,87,4772,88,32670,89,680,84.5
2026-04-17 10:44:55 PM,KXATPCHALLENGERMATCH-26APR17HOLBRO-BRO,84,5002,83,3120,82,60656,81,2721,80,1224,85,5826,86,7403,87,4772,88,32670,89,680,84.5
2026-04-17 10:45:24 PM,KXATPCHALLENGERMATCH-26APR17HOLBRO-BRO,84,4988,83,3120,82,60656,81,2721,80,1224,85,5826,86,7403,87,4772,88,32670,89,680,84.5
2026-04-17 10:45:24 PM,KXATPCHALLENGERMATCH-26APR17HOLBRO-BRO,84,4987,83,3120,82,60656,81,2721,80,1224,85,5826,86,7403,87,4772,88,32670,89,680,84.5
2026-04-17 10:45:24 PM,KXATPCHALLENGERMATCH-26APR17HOLBRO-BRO,84,4987,83,3120,82,60656,81,2721,80,1224,85,6990,86,7403,87,4772,88,32670,89,680,84.5
2026-04-17 10:45:25 PM,KXATPCHALLENGERMATCH-26APR17HOLBRO-BRO,84,4987,83,3120,82,60656,81,2721,80,1224,85,7025,86,7403,87,4772,88,32670,89,680,84.5
2026-04-17 10:45:43 PM,KXATPCHALLENGERMATCH-26APR17HOLBRO-BRO,84,4987,83,3120,82,60656,81,421,80,1224,85,7025,86,7403,87,4772,88,32670,89,680,84.5
2026-04-17 10:45:43 PM,KXATPCHALLENGERMATCH-26APR17HOLBRO-BRO,84,4987,83,3120,82,62956,81,421,80,1224,85,7025,86,7403,87,4772,88,32670,89,680,84.5
2026-04-17 10:45:58 PM,KXATPCHALLENGERMATCH-26APR17HOLBRO-BRO,84,4977,83,3120,82,62956,81,421,80,1224,85,7025,86,7403,87,4772,88,32670,89,680,84.5
2026-04-17 10:45:59 PM,KXATPCHALLENGERMATCH-26APR17HOLBRO-BRO,84,4977,83,3120,82,62956,81,421,80,1224,85,6990,86,7403,87,4772,88,32670,89,680,84.5
2026-04-17 10:46:10 PM,KXATPCHALLENGERMATCH-26APR17HOLBRO-BRO,84,4977,83,3120,82,62956,81,421,80,1224,85,7025,86,7403,87,4772,88,32670,89,680,84.5
2026-04-17 10:46:35 PM,KXATPCHALLENGERMATCH-26APR17HOLBRO-BRO,84,4977,83,3120,82,62956,81,421,80,1224,85,7014,86,7403,87,4772,88,32670,89,680,84.5
2026-04-17 10:46:35 PM,KXATPCHALLENGERMATCH-26APR17HOLBRO-BRO,84,4977,83,3120,82,62956,81,421,80,1224,85,6979,86,7403,87,4772,88,32670,89,680,84.5
2026-04-17 10:46:46 PM,KXATPCHALLENGERMATCH-26APR17HOLBRO-BRO,84,4975,83,3120,82,62956,81,421,80,1224,85,6979,86,7403,87,4772,88,32670,89,680,84.5
2026-04-17 10:46:47 PM,KXATPCHALLENGERMATCH-26APR17HOLBRO-BRO,84,4881,83,3120,82,62956,81,421,80,1224,85,6979,86,7403,87,4772,88,32670,89,680,84.5
2026-04-17 10:46:47 PM,KXATPCHALLENGERMATCH-26APR17HOLBRO-BRO,84,4881,83,2903,82,62956,81,421,80,1224,85,6979,86,7403,87,4772,88,32670,89,680,84.5
2026-04-17 10:46:51 PM,KXATPCHALLENGERMATCH-26APR17HOLBRO-BRO,84,4881,83,3032,82,62956,81,421,80,1224,85,6979,86,7403,87,4772,88,32670,89,680,84.5
2026-04-17 10:46:54 PM,KXATPCHALLENGERMATCH-26APR17HOLBRO-BRO,84,4878,83,3032,82,62956,81,421,80,1224,85,6979,86,7403,87,4772,88,32670,89,680,84.5
2026-04-17 10:46:54 PM,KXATPCHALLENGERMATCH-26APR17HOLBRO-BRO,84,4878,83,3126,82,62956,81,421,80,1224,85,6979,86,7403,87,4772,88,32670,89,680,84.5
2026-04-17 10:46:54 PM,KXATPCHALLENGERMATCH-26APR17HOLBRO-BRO,84,4997,83,3126,82,62956,81,421,80,1224,85,6979,86,7403,87,4772,88,32670,89,680,84.5
2026-04-17 10:46:56 PM,KXATPCHALLENGERMATCH-26APR17HOLBRO-BRO,84,4997,83,3126,82,62956,81,421,80,1224,85,6978,86,7403,87,4772,88,32670,89,680,84.5
2026-04-17 10:46:58 PM,KXATPCHALLENGERMATCH-26APR17HOLBRO-BRO,84,4997,83,3126,82,62956,81,421,80,1224,85,7013,86,7403,87,4772,88,32670,89,680,84.5
2026-04-17 10:47:13 PM,KXATPCHALLENGERMATCH-26APR17HOLBRO-BRO,84,4997,83,3126,82,62956,81,421,80,1224,85,7002,86,7403,87,4772,88,32670,89,680,84.5
2026-04-17 10:47:13 PM,KXATPCHALLENGERMATCH-26APR17HOLBRO-BRO,84,4997,83,3126,82,62956,81,421,80,1224,85,6967,86,7403,87,4772,88,32670,89,680,84.5
2026-04-17 10:47:23 PM,KXATPCHALLENGERMATCH-26APR17HOLBRO-BRO,84,4997,83,3126,82,62956,81,421,80,824,85,6967,86,7403,87,4772,88,32670,89,680,84.5
2026-04-17 10:47:23 PM,KXATPCHALLENGERMATCH-26APR17HOLBRO-BRO,84,4997,83,3126,82,62906,81,421,80,824,85,6967,86,7403,87,4772,88,32670,89,680,84.5
2026-04-17 10:47:23 PM,KXATPCHALLENGERMATCH-26APR17HOLBRO-BRO,84,4997,83,3176,82,62906,81,421,80,824,85,6967,86,7403,87,4772,88,32670,89,680,84.5
2026-04-17 10:47:23 PM,KXATPCHALLENGERMATCH-26APR17HOLBRO-BRO,84,4997,83,3576,82,62906,81,421,80,824,85,6967,86,7403,87,4772,88,32670,89,680,84.5
2026-04-17 10:47:25 PM,KXATPCHALLENGERMATCH-26APR17HOLBRO-BRO,84,4738,83,3576,82,62906,81,421,80,824,85,6967,86,7403,87,4772,88,32670,89,680,84.5
2026-04-17 10:47:25 PM,KXATPCHALLENGERMATCH-26APR17HOLBRO-BRO,84,4619,83,3576,82,62906,81,421,80,824,85,6967,86,7403,87,4772,88,32670,89,680,84.5
2026-04-17 10:47:35 PM,KXATPCHALLENGERMATCH-26APR17HOLBRO-BRO,84,4619,83,3576,82,62906,81,421,80,824,85,7002,86,7403,87,4772,88,32670,89,680,84.5
2026-04-17 10:47:43 PM,KXATPCHALLENGERMATCH-26APR17HOLBRO-BRO,84,4619,83,3576,82,62906,81,421,80,824,85,6937,86,7403,87,4772,88,32670,89,680,84.5
2026-04-17 10:47:43 PM,KXATPCHALLENGERMATCH-26APR17HOLBRO-BRO,84,4619,83,3576,82,62906,81,421,80,824,85,6902,86,7403,87,4772,88,32670,89,680,84.5
2026-04-17 10:47:59 PM,KXATPCHALLENGERMATCH-26APR17HOLBRO-BRO,84,4619,83,3576,82,62906,81,421,80,824,85,6887,86,7403,87,4772,88,32670,89,680,84.5
2026-04-17 10:48:00 PM,KXATPCHALLENGERMATCH-26APR17HOLBRO-BRO,84,4619,83,3576,82,62906,81,421,80,824,85,6887,86,7438,87,4772,88,32670,89,680,84.5
2026-04-17 10:48:01 PM,KXATPCHALLENGERMATCH-26APR17HOLBRO-BRO,84,4619,83,3576,82,62906,81,421,80,824,85,6887,86,7403,87,4772,88,32670,89,680,84.5
2026-04-17 10:48:10 PM,KXATPCHALLENGERMATCH-26APR17HOLBRO-BRO,84,4719,83,3576,82,62906,81,421,80,824,85,6887,86,7403,87,4772,88,32670,89,680,84.5
2026-04-17 10:48:26 PM,KXATPCHALLENGERMATCH-26APR17HOLBRO-BRO,84,4690,83,3576,82,62906,81,421,80,824,85,6887,86,7403,87,4772,88,32670,89,680,84.5
2026-04-17 10:48:26 PM,KXATPCHALLENGERMATCH-26APR17HOLBRO-BRO,84,5025,83,3576,82,62906,81,421,80,824,85,6887,86,7403,87,4772,88,32670,89,680,84.5
2026-04-17 10:48:26 PM,KXATPCHALLENGERMATCH-26APR17HOLBRO-BRO,84,5025,83,3576,82,62906,81,421,80,824,85,6887,86,7438,87,4772,88,32670,89,680,84.5
2026-04-17 10:48:28 PM,KXATPCHALLENGERMATCH-26APR17HOLBRO-BRO,84,5025,83,3576,82,62906,81,421,80,824,85,6887,86,7403,87,4772,88,32670,89,680,84.5
2026-04-17 10:48:29 PM,KXATPCHALLENGERMATCH-26APR17HOLBRO-BRO,84,4996,83,3576,82,62906,81,421,80,824,85,6887,86,7403,87,4772,88,32670,89,680,84.5
2026-04-17 10:48:30 PM,KXATPCHALLENGERMATCH-26APR17HOLBRO-BRO,84,5001,83,3576,82,62906,81,421,80,824,85,6887,86,7403,87,4772,88,32670,89,680,84.5
2026-04-17 10:48:38 PM,KXATPCHALLENGERMATCH-26APR17HOLBRO-BRO,84,5001,83,3576,82,62906,81,421,80,824,85,6922,86,7403,87,4772,88,32670,89,680,84.5
2026-04-17 10:48:45 PM,KXATPCHALLENGERMATCH-26APR17HOLBRO-BRO,84,4956,83,3576,82,62906,81,421,80,824,85,6922,86,7403,87,4772,88,32670,89,680,84.5
2026-04-17 10:48:45 PM,KXATPCHALLENGERMATCH-26APR17HOLBRO-BRO,84,4956,83,3353,82,62906,81,421,80,824,85,6922,86,7403,87,4772,88,32670,89,680,84.5
2026-04-17 10:48:45 PM,KXATPCHALLENGERMATCH-26APR17HOLBRO-BRO,84,4956,83,3353,82,62906,81,421,80,824,85,6887,86,7403,87,4772,88,32670,89,680,84.5
2026-04-17 10:49:35 PM,KXATPCHALLENGERMATCH-26APR17HOLBRO-BRO,84,4956,83,3353,82,62906,81,421,80,824,85,6922,86,7403,87,4772,88,32670,89,680,84.5
2026-04-17 10:50:22 PM,KXATPCHALLENGERMATCH-26APR17HOLBRO-BRO,84,4956,83,3353,82,62906,81,421,80,824,85,6807,86,7403,87,4772,88,32670,89,680,84.5
2026-04-17 10:50:22 PM,KXATPCHALLENGERMATCH-26APR17HOLBRO-BRO,84,4956,83,3353,82,62906,81,421,80,824,85,6772,86,7403,87,4772,88,32670,89,680,84.5
2026-04-17 10:50:24 PM,KXATPCHALLENGERMATCH-26APR17HOLBRO-BRO,84,4952,83,3353,82,62906,81,421,80,824,85,6772,86,7403,87,4772,88,32670,89,680,84.5
2026-04-17 10:50:24 PM,KXATPCHALLENGERMATCH-26APR17HOLBRO-BRO,84,4952,83,3407,82,62906,81,421,80,824,85,6772,86,7403,87,4772,88,32670,89,680,84.5
2026-04-17 10:50:25 PM,KXATPCHALLENGERMATCH-26APR17HOLBRO-BRO,84,4952,83,3407,82,62906,81,421,80,824,85,6772,86,7438,87,4772,88,32670,89,680,84.5
2026-04-17 10:50:25 PM,KXATPCHALLENGERMATCH-26APR17HOLBRO-BRO,84,4952,83,3407,82,62906,81,421,80,824,85,6772,86,7403,87,4772,88,32670,89,680,84.5
2026-04-17 10:50:28 PM,KXATPCHALLENGERMATCH-26APR17HOLBRO-BRO,84,5033,83,3407,82,62906,81,421,80,824,85,6772,86,7403,87,4772,88,32670,89,680,84.5
2026-04-17 10:51:04 PM,KXATPCHALLENGERMATCH-26APR17HOLBRO-BRO,84,5426,83,3407,82,62906,81,421,80,824,85,6772,86,7403,87,4772,88,32670,89,680,84.5
2026-04-17 10:51:04 PM,KXATPCHALLENGERMATCH-26APR17HOLBRO-BRO,84,5426,83,3959,82,62906,81,421,80,824,85,6772,86,7403,87,4772,88,32670,89,680,84.5
2026-04-17 10:51:07 PM,KXATPCHALLENGERMATCH-26APR17HOLBRO-BRO,84,5415,83,3959,82,62906,81,421,80,824,85,6772,86,7403,87,4772,88,32670,89,680,84.5
2026-04-17 10:51:07 PM,KXATPCHALLENGERMATCH-26APR17HOLBRO-BRO,84,5415,83,3959,82,62906,81,421,80,824,85,6772,86,5403,87,4772,88,32670,89,680,84.5
2026-04-17 10:51:07 PM,KXATPCHALLENGERMATCH-26APR17HOLBRO-BRO,84,5415,83,3959,82,62906,81,421,80,824,85,5608,86,5403,87,4772,88,32670,89,680,84.5
2026-04-17 10:51:07 PM,KXATPCHALLENGERMATCH-26APR17HOLBRO-BRO,84,5415,83,3959,82,62906,81,421,80,824,85,5608,86,5003,87,4772,88,32670,89,680,84.5
2026-04-17 10:51:07 PM,KXATPCHALLENGERMATCH-26APR17HOLBRO-BRO,84,5415,83,3959,82,62906,81,421,80,824,85,5608,86,4603,87,4772,88,32670,89,680,84.5
2026-04-17 10:51:24 PM,KXATPCHALLENGERMATCH-26APR17HOLBRO-BRO,84,5415,83,3959,82,62906,81,421,80,824,85,5606,86,4603,87,4772,88,32670,89,680,84.5
2026-04-17 10:51:29 PM,KXATPCHALLENGERMATCH-26APR17HOLBRO-BRO,84,5415,83,3959,82,62906,81,421,80,824,85,5443,86,4603,87,4772,88,32670,89,680,84.5
2026-04-17 10:51:29 PM,KXATPCHALLENGERMATCH-26APR17HOLBRO-BRO,84,5415,83,3959,82,62906,81,421,80,824,85,5382,86,4603,87,4772,88,32670,89,680,84.5
2026-04-17 10:52:04 PM,KXATPCHALLENGERMATCH-26APR17HOLBRO-BRO,84,5415,83,3959,82,62906,81,421,80,824,85,5382,86,4638,87,4772,88,32670,89,680,84.5
2026-04-17 10:52:50 PM,KXATPCHALLENGERMATCH-26APR17HOLBRO-BRO,84,5415,83,3958,82,62906,81,421,80,824,85,5382,86,4638,87,4772,88,32670,89,680,84.5
2026-04-17 10:52:51 PM,KXATPCHALLENGERMATCH-26APR17HOLBRO-BRO,84,5415,83,3958,82,62906,81,421,80,824,85,5369,86,4638,87,4772,88,32670,89,680,84.5
2026-04-17 10:53:02 PM,KXATPCHALLENGERMATCH-26APR17HOLBRO-BRO,84,5415,83,3958,82,62906,81,421,80,824,85,5368,86,4638,87,4772,88,32670,89,680,84.5
2026-04-17 10:53:17 PM,KXATPCHALLENGERMATCH-26APR17HOLBRO-BRO,84,5415,83,3958,82,62906,81,421,80,824,85,5367,86,4638,87,4772,88,32670,89,680,84.5
2026-04-17 10:53:36 PM,KXATPCHALLENGERMATCH-26APR17HOLBRO-BRO,84,5415,83,3958,82,62906,81,421,80,824,85,5363,86,4638,87,4772,88,32670,89,680,84.5
2026-04-17 10:53:48 PM,KXATPCHALLENGERMATCH-26APR17HOLBRO-BRO,84,5415,83,3958,82,62906,81,421,80,824,85,5352,86,4638,87,4772,88,32670,89,680,84.5
2026-04-17 10:53:53 PM,KXATPCHALLENGERMATCH-26APR17HOLBRO-BRO,84,5415,83,3958,82,62906,81,421,80,824,85,5352,86,6549,87,4772,88,32670,89,680,84.5
2026-04-17 10:53:53 PM,KXATPCHALLENGERMATCH-26APR17HOLBRO-BRO,84,5415,83,3958,82,62906,81,421,80,824,85,6082,86,6549,87,4772,88,32670,89,680,84.5
2026-04-17 10:53:53 PM,KXATPCHALLENGERMATCH-26APR17HOLBRO-BRO,84,5415,83,3958,82,62906,81,421,80,824,85,6082,86,6949,87,4772,88,32670,89,680,84.5
2026-04-17 10:53:53 PM,KXATPCHALLENGERMATCH-26APR17HOLBRO-BRO,84,5415,83,3958,82,62906,81,421,80,824,85,6082,86,7349,87,4772,88,32670,89,680,84.5
2026-04-17 10:54:13 PM,KXATPCHALLENGERMATCH-26APR17HOLBRO-BRO,84,5415,83,3958,82,62906,81,421,80,824,85,6082,86,5438,87,4772,88,32670,89,680,84.5
2026-04-17 10:54:13 PM,KXATPCHALLENGERMATCH-26APR17HOLBRO-BRO,84,5415,83,3958,82,62906,81,421,80,824,85,5352,86,5438,87,4772,88,32670,89,680,84.5
2026-04-17 10:54:13 PM,KXATPCHALLENGERMATCH-26APR17HOLBRO-BRO,84,5415,83,3958,82,62906,81,421,80,824,85,5352,86,5038,87,4772,88,32670,89,680,84.5
2026-04-17 10:54:13 PM,KXATPCHALLENGERMATCH-26APR17HOLBRO-BRO,84,5415,83,3958,82,62906,81,421,80,824,85,5352,86,4638,87,4772,88,32670,89,680,84.5
2026-04-17 10:54:19 PM,KXATPCHALLENGERMATCH-26APR17HOLBRO-BRO,84,5415,83,3958,82,62906,81,421,80,824,85,5872,86,4638,87,4772,88,32670,89,680,84.5
2026-04-17 10:54:19 PM,KXATPCHALLENGERMATCH-26APR17HOLBRO-BRO,84,5415,83,3958,82,62906,81,421,80,824,85,5872,86,6439,87,4772,88,32670,89,680,84.5
2026-04-17 10:54:19 PM,KXATPCHALLENGERMATCH-26APR17HOLBRO-BRO,84,5415,83,3958,82,62906,81,421,80,824,85,5872,86,6839,87,4772,88,32670,89,680,84.5
2026-04-17 10:54:19 PM,KXATPCHALLENGERMATCH-26APR17HOLBRO-BRO,84,5415,83,3958,82,62906,81,421,80,824,85,5872,86,7239,87,4772,88,32670,89,680,84.5
2026-04-17 10:54:24 PM,KXATPCHALLENGERMATCH-26APR17HOLBRO-BRO,84,5415,83,3958,82,62906,81,421,80,824,85,6135,86,7239,87,4772,88,32670,89,680,84.5
2026-04-17 10:54:30 PM,KXATPCHALLENGERMATCH-26APR17HOLBRO-BRO,84,5415,83,3958,82,62906,81,421,80,824,85,6135,86,5438,87,4772,88,32670,89,680,84.5
2026-04-17 10:54:30 PM,KXATPCHALLENGERMATCH-26APR17HOLBRO-BRO,84,5415,83,3958,82,62906,81,421,80,824,85,6135,86,5038,87,4772,88,32670,89,680,84.5
2026-04-17 10:54:30 PM,KXATPCHALLENGERMATCH-26APR17HOLBRO-BRO,84,5415,83,3958,82,62906,81,421,80,824,85,6135,86,4638,87,4772,88,32670,89,680,84.5
2026-04-17 10:54:32 PM,KXATPCHALLENGERMATCH-26APR17HOLBRO-BRO,84,5415,83,3958,82,62906,81,421,80,824,85,6135,86,6280,87,4772,88,32670,89,680,84.5
2026-04-17 10:54:32 PM,KXATPCHALLENGERMATCH-26APR17HOLBRO-BRO,84,5415,83,3958,82,62906,81,421,80,824,85,6135,86,6680,87,4772,88,32670,89,680,84.5
2026-04-17 10:54:36 PM,KXATPCHALLENGERMATCH-26APR17HOLBRO-BRO,84,5415,83,3958,82,62906,81,421,80,824,85,5352,86,6680,87,4772,88,32670,89,680,84.5
2026-04-17 10:54:45 PM,KXATPCHALLENGERMATCH-26APR17HOLBRO-BRO,84,5404,83,3958,82,62906,81,421,80,824,85,5352,86,6680,87,4772,88,32670,89,680,84.5
2026-04-17 10:54:45 PM,KXATPCHALLENGERMATCH-26APR17HOLBRO-BRO,84,5404,83,3958,82,62906,81,421,80,824,85,5969,86,6680,87,4772,88,32670,89,680,84.5
2026-04-17 10:55:01 PM,KXATPCHALLENGERMATCH-26APR17HOLBRO-BRO,84,5404,83,3958,82,62906,81,421,80,824,85,5941,86,6680,87,4772,88,32670,89,680,84.5
2026-04-17 10:55:21 PM,KXATPCHALLENGERMATCH-26APR17HOLBRO-BRO,84,5404,83,3958,82,62906,81,421,80,824,85,6128,86,6680,87,4772,88,32670,89,680,84.5
2026-04-17 10:55:44 PM,KXATPCHALLENGERMATCH-26APR17HOLBRO-BRO,84,5404,83,3958,82,62906,81,421,80,824,85,6052,86,6680,87,4772,88,32670,89,680,84.5
2026-04-17 10:55:49 PM,KXATPCHALLENGERMATCH-26APR17HOLBRO-BRO,84,5404,83,3958,82,62906,81,421,80,824,85,5248,86,6680,87,4772,88,32670,89,680,84.5
2026-04-17 10:55:53 PM,KXATPCHALLENGERMATCH-26APR17HOLBRO-BRO,84,5404,83,3958,82,62906,81,421,80,824,85,6051,86,6680,87,4772,88,32670,89,680,84.5
2026-04-17 10:55:54 PM,KXATPCHALLENGERMATCH-26APR17HOLBRO-BRO,84,5404,83,3958,82,62906,81,421,80,824,85,6050,86,6680,87,4772,88,32670,89,680,84.5
2026-04-17 10:56:48 PM,KXATPCHALLENGERMATCH-26APR17HOLBRO-BRO,84,5404,83,3958,82,62906,81,421,80,824,85,6045,86,6680,87,4772,88,32670,89,680,84.5
2026-04-17 10:56:54 PM,KXATPCHALLENGERMATCH-26APR17HOLBRO-BRO,84,5404,83,3958,82,62906,81,421,80,824,85,5950,86,6680,87,4772,88,32670,89,680,84.5
2026-04-17 10:57:01 PM,KXATPCHALLENGERMATCH-26APR17HOLBRO-BRO,84,5404,83,3958,82,62906,81,421,80,824,85,6046,86,6680,87,4772,88,32670,89,680,84.5
2026-04-17 10:57:42 PM,KXATPCHALLENGERMATCH-26APR17HOLBRO-BRO,84,5399,83,3958,82,62906,81,421,80,824,85,6046,86,6680,87,4772,88,32670,89,680,84.5
2026-04-17 10:57:52 PM,KXATPCHALLENGERMATCH-26APR17HOLBRO-BRO,84,5399,83,3958,82,62906,81,421,80,824,85,5930,86,6680,87,4772,88,32670,89,680,84.5
2026-04-17 10:57:55 PM,KXATPCHALLENGERMATCH-26APR17HOLBRO-BRO,84,5399,83,3958,82,62906,81,421,80,824,85,5925,86,6680,87,4772,88,32670,89,680,84.5
2026-04-17 10:58:08 PM,KXATPCHALLENGERMATCH-26APR17HOLBRO-BRO,84,5399,83,3958,82,62906,81,421,80,824,85,5122,86,6680,87,4772,88,32670,89,680,84.5
2026-04-17 10:58:12 PM,KXATPCHALLENGERMATCH-26APR17HOLBRO-BRO,84,5399,83,3958,82,62906,81,421,80,824,85,5638,86,6680,87,4772,88,32670,89,680,84.5
2026-04-17 10:59:27 PM,KXATPCHALLENGERMATCH-26APR17HOLBRO-BRO,84,5376,83,3958,82,62906,81,421,80,824,85,5638,86,6680,87,4772,88,32670,89,680,84.5
2026-04-17 10:59:31 PM,KXATPCHALLENGERMATCH-26APR17HOLBRO-BRO,84,5365,83,3958,82,62906,81,421,80,824,85,5638,86,6680,87,4772,88,32670,89,680,84.5
2026-04-17 11:00:23 PM,KXATPCHALLENGERMATCH-26APR17HOLBRO-BRO,84,5360,83,3958,82,62906,81,421,80,824,85,5638,86,6680,87,4772,88,32670,89,680,84.5
2026-04-17 11:02:07 PM,KXATPCHALLENGERMATCH-26APR17HOLBRO-BRO,84,5354,83,3958,82,62906,81,421,80,824,85,5638,86,6680,87,4772,88,32670,89,680,84.5
2026-04-17 11:02:49 PM,KXATPCHALLENGERMATCH-26APR17HOLBRO-BRO,84,5354,83,3958,82,62906,81,421,80,824,85,5634,86,6680,87,4772,88,32670,89,680,84.5
2026-04-17 11:03:06 PM,KXATPCHALLENGERMATCH-26APR17HOLBRO-BRO,84,5354,83,3958,82,62906,81,421,80,824,85,5632,86,6680,87,4772,88,32670,89,680,84.5
2026-04-17 11:03:50 PM,KXATPCHALLENGERMATCH-26APR17HOLBRO-BRO,84,5354,83,3958,82,62906,81,421,80,824,85,5586,86,6680,87,4772,88,32670,89,680,84.5
2026-04-17 11:04:02 PM,KXATPCHALLENGERMATCH-26APR17HOLBRO-BRO,84,5354,83,3958,82,62906,81,421,80,824,85,5586,86,6645,87,4772,88,32670,89,680,84.5
2026-04-17 11:05:03 PM,KXATPCHALLENGERMATCH-26APR17HOLBRO-BRO,84,5354,83,3958,82,62906,81,421,80,824,85,5563,86,6645,87,4772,88,32670,89,680,84.5
2026-04-17 11:05:13 PM,KXATPCHALLENGERMATCH-26APR17HOLBRO-BRO,84,5354,83,3958,82,62906,81,421,80,824,85,5551,86,6645,87,4772,88,32670,89,680,84.5
2026-04-17 11:05:44 PM,KXATPCHALLENGERMATCH-26APR17HOLBRO-BRO,84,5354,83,3958,82,62906,81,421,80,824,85,5547,86,6645,87,4772,88,32670,89,680,84.5
2026-04-17 11:06:36 PM,KXATPCHALLENGERMATCH-26APR17HOLBRO-BRO,84,5354,83,3958,82,62906,81,421,80,824,85,5524,86,6645,87,4772,88,32670,89,680,84.5
2026-04-17 11:07:13 PM,KXATPCHALLENGERMATCH-26APR17HOLBRO-BRO,84,5342,83,3958,82,62906,81,421,80,824,85,5524,86,6645,87,4772,88,32670,89,680,84.5
2026-04-17 11:07:21 PM,KXATPCHALLENGERMATCH-26APR17HOLBRO-BRO,84,5323,83,3958,82,62906,81,421,80,824,85,5524,86,6645,87,4772,88,32670,89,680,84.5
2026-04-17 11:07:21 PM,KXATPCHALLENGERMATCH-26APR17HOLBRO-BRO,84,5323,83,3958,82,62906,81,421,80,824,85,5741,86,6645,87,4772,88,32670,89,680,84.5
2026-04-17 11:07:21 PM,KXATPCHALLENGERMATCH-26APR17HOLBRO-BRO,84,5426,83,3958,82,62906,81,421,80,824,85,5741,86,6645,87,4772,88,32670,89,680,84.5
2026-04-17 11:07:54 PM,KXATPCHALLENGERMATCH-26APR17HOLBRO-BRO,84,5926,83,3958,82,62906,81,421,80,824,85,5741,86,6645,87,4772,88,32670,89,680,84.5
2026-04-17 11:08:01 PM,KXATPCHALLENGERMATCH-26APR17HOLBRO-BRO,84,5861,83,3958,82,62906,81,421,80,824,85,5741,86,6645,87,4772,88,32670,89,680,84.5
2026-04-17 11:08:07 PM,KXATPCHALLENGERMATCH-26APR17HOLBRO-BRO,84,6011,83,3958,82,62906,81,421,80,824,85,5741,86,6645,87,4772,88,32670,89,680,84.5
2026-04-17 11:08:16 PM,KXATPCHALLENGERMATCH-26APR17HOLBRO-BRO,84,6011,83,3958,82,62906,81,421,80,824,85,5776,86,6645,87,4772,88,32670,89,680,84.5
2026-04-17 11:08:16 PM,KXATPCHALLENGERMATCH-26APR17HOLBRO-BRO,84,6061,83,3958,82,62906,81,421,80,824,85,5776,86,6645,87,4772,88,32670,89,680,84.5
2026-04-17 11:08:31 PM,KXATPCHALLENGERMATCH-26APR17HOLBRO-BRO,84,6061,83,3958,82,62906,81,421,80,824,85,5771,86,6645,87,4772,88,32670,89,680,84.5
2026-04-17 11:08:32 PM,KXATPCHALLENGERMATCH-26APR17HOLBRO-BRO,84,6061,83,3958,82,62906,81,421,80,824,85,5736,86,6645,87,4772,88,32670,89,680,84.5
2026-04-17 11:09:02 PM,KXATPCHALLENGERMATCH-26APR17HOLBRO-BRO,84,6061,83,3958,82,62906,81,421,80,824,85,5771,86,6645,87,4772,88,32670,89,680,84.5
2026-04-17 11:09:17 PM,KXATPCHALLENGERMATCH-26APR17HOLBRO-BRO,84,6061,83,3958,82,62906,81,421,80,824,85,5713,86,6645,87,4772,88,32670,89,680,84.5
2026-04-17 11:09:17 PM,KXATPCHALLENGERMATCH-26APR17HOLBRO-BRO,84,6061,83,3958,82,62906,81,421,80,824,85,5678,86,6645,87,4772,88,32670,89,680,84.5
2026-04-17 11:09:19 PM,KXATPCHALLENGERMATCH-26APR17HOLBRO-BRO,84,6061,83,3958,82,62906,81,421,80,824,85,5678,86,6680,87,4772,88,32670,89,680,84.5
2026-04-17 11:09:20 PM,KXATPCHALLENGERMATCH-26APR17HOLBRO-BRO,84,6061,83,3958,82,62906,81,421,80,824,85,5678,86,6645,87,4772,88,32670,89,680,84.5
2026-04-17 11:09:48 PM,KXATPCHALLENGERMATCH-26APR17HOLBRO-BRO,84,6061,83,3958,82,62906,81,421,80,824,85,5713,86,6645,87,4772,88,32670,89,680,84.5
2026-04-17 11:10:55 PM,KXATPCHALLENGERMATCH-26APR17HOLBRO-BRO,84,6049,83,3958,82,62906,81,421,80,824,85,5713,86,6645,87,4772,88,32670,89,680,84.5
2026-04-17 11:10:55 PM,KXATPCHALLENGERMATCH-26APR17HOLBRO-BRO,84,6049,83,3958,82,62906,81,421,80,824,85,5678,86,6645,87,4772,88,32670,89,680,84.5
2026-04-17 11:11:12 PM,KXATPCHALLENGERMATCH-26APR17HOLBRO-BRO,84,6049,83,3958,82,62906,81,421,80,824,85,5713,86,6645,87,4772,88,32670,89,680,84.5
2026-04-17 11:11:50 PM,KXATPCHALLENGERMATCH-26APR17HOLBRO-BRO,84,6027,83,3958,82,62906,81,421,80,824,85,5713,86,6645,87,4772,88,32670,89,680,84.5
2026-04-17 11:11:50 PM,KXATPCHALLENGERMATCH-26APR17HOLBRO-BRO,84,6014,83,3958,82,62906,81,421,80,824,85,5713,86,6645,87,4772,88,32670,89,680,84.5
2026-04-17 11:11:50 PM,KXATPCHALLENGERMATCH-26APR17HOLBRO-BRO,84,6113,83,3958,82,62906,81,421,80,824,85,5713,86,6645,87,4772,88,32670,89,680,84.5
2026-04-17 11:11:50 PM,KXATPCHALLENGERMATCH-26APR17HOLBRO-BRO,84,6113,83,3958,82,62906,81,421,80,824,85,5713,86,6914,87,4772,88,32670,89,680,84.5
2026-04-17 11:11:50 PM,KXATPCHALLENGERMATCH-26APR17HOLBRO-BRO,84,6113,83,3958,82,62906,81,421,80,824,85,5678,86,6914,87,4772,88,32670,89,680,84.5
2026-04-17 11:11:50 PM,KXATPCHALLENGERMATCH-26APR17HOLBRO-BRO,84,6113,83,3958,82,62906,81,421,80,824,85,5678,86,7314,87,4772,88,32670,89,680,84.5
2026-04-17 11:12:04 PM,KXATPCHALLENGERMATCH-26APR17HOLBRO-BRO,84,6113,83,3958,82,62906,81,421,80,824,85,5713,86,7314,87,4772,88,32670,89,680,84.5
2026-04-17 11:12:29 PM,KXATPCHALLENGERMATCH-26APR17HOLBRO-BRO,84,6113,83,3958,82,62906,81,421,80,824,85,5711,86,7314,87,4772,88,32670,89,680,84.5
2026-04-17 11:12:29 PM,KXATPCHALLENGERMATCH-26APR17HOLBRO-BRO,84,6113,83,3958,82,62906,81,421,80,824,85,5676,86,7314,87,4772,88,32670,89,680,84.5
2026-04-17 11:12:35 PM,KXATPCHALLENGERMATCH-26APR17HOLBRO-BRO,84,6113,83,3958,82,62906,81,421,80,824,85,5654,86,7314,87,4772,88,32670,89,680,84.5
2026-04-17 11:12:45 PM,KXATPCHALLENGERMATCH-26APR17HOLBRO-BRO,84,6113,83,3958,82,62906,81,421,80,824,85,5689,86,7314,87,4772,88,32670,89,680,84.5
2026-04-17 11:13:02 PM,KXATPCHALLENGERMATCH-26APR17HOLBRO-BRO,84,6113,83,3958,82,62906,81,421,80,824,85,5684,86,7314,87,4772,88,32670,89,680,84.5
2026-04-17 11:13:02 PM,KXATPCHALLENGERMATCH-26APR17HOLBRO-BRO,84,6113,83,3958,82,62906,81,421,80,824,85,5649,86,7314,87,4772,88,32670,89,680,84.5
2026-04-17 11:13:22 PM,KXATPCHALLENGERMATCH-26APR17HOLBRO-BRO,84,6113,83,3958,82,62906,81,421,80,824,85,5684,86,7314,87,4772,88,32670,89,680,84.5
2026-04-17 11:13:58 PM,KXATPCHALLENGERMATCH-26APR17HOLBRO-BRO,84,6108,83,3958,82,62906,81,421,80,824,85,5684,86,7314,87,4772,88,32670,89,680,84.5
2026-04-17 11:13:58 PM,KXATPCHALLENGERMATCH-26APR17HOLBRO-BRO,84,6108,83,3958,82,62906,81,421,80,824,85,5649,86,7314,87,4772,88,32670,89,680,84.5
2026-04-17 11:14:10 PM,KXATPCHALLENGERMATCH-26APR17HOLBRO-BRO,84,6108,83,3958,82,62906,81,421,80,824,85,5615,86,7314,87,4772,88,32670,89,680,84.5
2026-04-17 11:14:15 PM,KXATPCHALLENGERMATCH-26APR17HOLBRO-BRO,84,6108,83,3958,82,62906,81,421,80,824,85,5650,86,7314,87,4772,88,32670,89,680,84.5
2026-04-17 11:14:21 PM,KXATPCHALLENGERMATCH-26APR17HOLBRO-BRO,84,6049,83,3958,82,62906,81,421,80,824,85,5650,86,7314,87,4772,88,32670,89,680,84.5
2026-04-17 11:14:21 PM,KXATPCHALLENGERMATCH-26APR17HOLBRO-BRO,84,5466,83,3958,82,62906,81,421,80,824,85,5650,86,7314,87,4772,88,32670,89,680,84.5
2026-04-17 11:14:29 PM,KXATPCHALLENGERMATCH-26APR17HOLBRO-BRO,84,5488,83,3958,82,62906,81,421,80,824,85,5650,86,7314,87,4772,88,32670,89,680,84.5
2026-04-17 11:14:30 PM,KXATPCHALLENGERMATCH-26APR17HOLBRO-BRO,84,5488,83,3958,82,62906,81,421,80,824,85,5522,86,7314,87,4772,88,32670,89,680,84.5
2026-04-17 11:14:55 PM,KXATPCHALLENGERMATCH-26APR17HOLBRO-BRO,84,5488,83,3958,82,62906,81,421,80,824,85,5507,86,7314,87,4772,88,32670,89,680,84.5
2026-04-17 11:14:59 PM,KXATPCHALLENGERMATCH-26APR17HOLBRO-BRO,84,5744,83,3958,82,62906,81,421,80,824,85,5507,86,7314,87,4772,88,32670,89,680,84.5
2026-04-17 11:14:59 PM,KXATPCHALLENGERMATCH-26APR17HOLBRO-BRO,84,5744,83,3958,82,62906,81,421,80,824,85,5498,86,7314,87,4772,88,32670,89,680,84.5
2026-04-17 11:15:06 PM,KXATPCHALLENGERMATCH-26APR17HOLBRO-BRO,84,5653,83,3958,82,62906,81,421,80,824,85,5498,86,7314,87,4772,88,32670,89,680,84.5
2026-04-17 11:15:35 PM,KXATPCHALLENGERMATCH-26APR17HOLBRO-BRO,84,5653,83,3958,82,62906,81,421,80,824,85,5464,86,7314,87,4772,88,32670,89,680,84.5
2026-04-17 11:16:24 PM,KXATPCHALLENGERMATCH-26APR17HOLBRO-BRO,84,5653,83,3958,82,60606,81,421,80,824,85,5464,86,7314,87,4772,88,32670,89,680,84.5
2026-04-17 11:17:15 PM,KXATPCHALLENGERMATCH-26APR17HOLBRO-BRO,84,5653,83,3958,82,60606,81,421,80,824,85,5463,86,7314,87,4772,88,32670,89,680,84.5
2026-04-17 11:17:35 PM,KXATPCHALLENGERMATCH-26APR17HOLBRO-BRO,84,5653,83,3958,82,60606,81,421,80,824,85,5254,86,7314,87,4772,88,32670,89,680,84.5
2026-04-17 11:17:35 PM,KXATPCHALLENGERMATCH-26APR17HOLBRO-BRO,84,5653,83,3958,82,60606,81,421,80,824,85,5219,86,7314,87,4772,88,32670,89,680,84.5
2026-04-17 11:17:40 PM,KXATPCHALLENGERMATCH-26APR17HOLBRO-BRO,84,5653,83,3958,82,60606,81,421,80,824,85,5254,86,7314,87,4772,88,32670,89,680,84.5
2026-04-17 11:18:48 PM,KXATPCHALLENGERMATCH-26APR17HOLBRO-BRO,84,5653,83,3958,82,60606,81,421,80,824,85,5243,86,7314,87,4772,88,32670,89,680,84.5
2026-04-17 11:18:48 PM,KXATPCHALLENGERMATCH-26APR17HOLBRO-BRO,84,5653,83,3958,82,60606,81,421,80,824,85,5208,86,7314,87,4772,88,32670,89,680,84.5
2026-04-17 11:18:52 PM,KXATPCHALLENGERMATCH-26APR17HOLBRO-BRO,84,5653,83,3958,82,60606,81,421,80,824,85,5243,86,7314,87,4772,88,32670,89,680,84.5
2026-04-17 11:19:20 PM,KXATPCHALLENGERMATCH-26APR17HOLBRO-BRO,84,5653,83,3958,82,60606,81,421,80,824,85,5224,86,7314,87,4772,88,32670,89,680,84.5
2026-04-17 11:19:20 PM,KXATPCHALLENGERMATCH-26APR17HOLBRO-BRO,84,5653,83,3958,82,60606,81,421,80,824,85,5220,86,7314,87,4772,88,32670,89,680,84.5
2026-04-17 11:19:20 PM,KXATPCHALLENGERMATCH-26APR17HOLBRO-BRO,84,5653,83,3958,82,60606,81,421,80,824,85,5185,86,7314,87,4772,88,32670,89,680,84.5
2026-04-17 11:19:29 PM,KXATPCHALLENGERMATCH-26APR17HOLBRO-BRO,84,5630,83,3958,82,60606,81,421,80,824,85,5185,86,7314,87,4772,88,32670,89,680,84.5
2026-04-17 11:19:30 PM,KXATPCHALLENGERMATCH-26APR17HOLBRO-BRO,84,5630,83,3958,82,60606,81,421,80,824,85,5185,86,7349,87,4772,88,32670,89,680,84.5
2026-04-17 11:19:30 PM,KXATPCHALLENGERMATCH-26APR17HOLBRO-BRO,84,5630,83,3958,82,60606,81,421,80,824,85,5185,86,7314,87,4772,88,32670,89,680,84.5
2026-04-17 11:19:35 PM,KXATPCHALLENGERMATCH-26APR17HOLBRO-BRO,84,5630,83,3958,82,60606,81,421,80,824,85,5220,86,7314,87,4772,88,32670,89,680,84.5
2026-04-17 11:19:57 PM,KXATPCHALLENGERMATCH-26APR17HOLBRO-BRO,84,5630,83,3958,82,60606,81,421,80,824,85,5185,86,7314,87,4772,88,32670,89,680,84.5
2026-04-17 11:19:57 PM,KXATPCHALLENGERMATCH-26APR17HOLBRO-BRO,84,5630,83,3958,82,60606,81,421,80,824,85,5143,86,7314,87,4772,88,32670,89,680,84.5
2026-04-17 11:19:57 PM,KXATPCHALLENGERMATCH-26APR17HOLBRO-BRO,84,5630,83,3958,82,60606,81,421,80,824,85,5108,86,7314,87,4772,88,32670,89,680,84.5
2026-04-17 11:19:57 PM,KXATPCHALLENGERMATCH-26APR17HOLBRO-BRO,84,5630,83,3958,82,60606,81,421,80,824,85,5148,86,7314,87,4772,88,32670,89,680,84.5
2026-04-17 11:19:58 PM,KXATPCHALLENGERMATCH-26APR17HOLBRO-BRO,84,5630,83,3958,82,60606,81,421,80,824,85,5147,86,7314,87,4772,88,32670,89,680,84.5
2026-04-17 11:20:05 PM,KXATPCHALLENGERMATCH-26APR17HOLBRO-BRO,84,5630,83,3958,82,60606,81,421,80,824,85,5182,86,7314,87,4772,88,32670,89,680,84.5
2026-04-17 11:20:17 PM,KXATPCHALLENGERMATCH-26APR17HOLBRO-BRO,84,5930,83,3958,82,60606,81,421,80,824,85,5182,86,7314,87,4772,88,32670,89,680,84.5
2026-04-17 11:20:42 PM,KXATPCHALLENGERMATCH-26APR17HOLBRO-BRO,84,5930,83,3958,82,60606,81,421,80,824,85,5130,86,7314,87,4772,88,32670,89,680,84.5
2026-04-17 11:20:42 PM,KXATPCHALLENGERMATCH-26APR17HOLBRO-BRO,84,5930,83,3958,82,60606,81,421,80,824,85,5125,86,7314,87,4772,88,32670,89,680,84.5
2026-04-17 11:20:42 PM,KXATPCHALLENGERMATCH-26APR17HOLBRO-BRO,84,5930,83,3958,82,60606,81,421,80,824,85,5090,86,7314,87,4772,88,32670,89,680,84.5
2026-04-17 11:20:45 PM,KXATPCHALLENGERMATCH-26APR17HOLBRO-BRO,84,5930,83,3958,82,60606,81,421,80,824,85,5125,86,7314,87,4772,88,32670,89,680,84.5
2026-04-17 11:21:03 PM,KXATPCHALLENGERMATCH-26APR17HOLBRO-BRO,84,6030,83,3958,82,60606,81,421,80,824,85,5125,86,7314,87,4772,88,32670,89,680,84.5
2026-04-17 11:21:12 PM,KXATPCHALLENGERMATCH-26APR17HOLBRO-BRO,84,6130,83,3958,82,60606,81,421,80,824,85,5125,86,7314,87,4772,88,32670,89,680,84.5
2026-04-17 11:21:24 PM,KXATPCHALLENGERMATCH-26APR17HOLBRO-BRO,84,6130,83,3958,82,60606,81,421,80,824,85,5094,86,7314,87,4772,88,32670,89,680,84.5
2026-04-17 11:21:24 PM,KXATPCHALLENGERMATCH-26APR17HOLBRO-BRO,84,6130,83,3958,82,60606,81,421,80,824,85,5059,86,7314,87,4772,88,32670,89,680,84.5
2026-04-17 11:21:27 PM,KXATPCHALLENGERMATCH-26APR17HOLBRO-BRO,84,6180,83,3958,82,60606,81,421,80,824,85,5059,86,7314,87,4772,88,32670,89,680,84.5
2026-04-17 11:21:29 PM,KXATPCHALLENGERMATCH-26APR17HOLBRO-BRO,84,6180,83,3958,82,60606,81,421,80,824,85,5094,86,7314,87,4772,88,32670,89,680,84.5
2026-04-17 11:22:28 PM,KXATPCHALLENGERMATCH-26APR17HOLBRO-BRO,84,6169,83,3958,82,60606,81,421,80,824,85,5094,86,7314,87,4772,88,32670,89,680,84.5
2026-04-17 11:22:28 PM,KXATPCHALLENGERMATCH-26APR17HOLBRO-BRO,84,6169,83,3958,82,60606,81,421,80,824,85,5059,86,7314,87,4772,88,32670,89,680,84.5
2026-04-17 11:22:28 PM,KXATPCHALLENGERMATCH-26APR17HOLBRO-BRO,84,6169,83,3958,82,60606,81,421,80,824,85,5059,86,7349,87,4772,88,32670,89,680,84.5
2026-04-17 11:22:31 PM,KXATPCHALLENGERMATCH-26APR17HOLBRO-BRO,84,6169,83,3958,82,60606,81,421,80,824,85,5059,86,7314,87,4772,88,32670,89,680,84.5
2026-04-17 11:22:32 PM,KXATPCHALLENGERMATCH-26APR17HOLBRO-BRO,84,6169,83,3958,82,60606,81,421,80,824,85,5094,86,7314,87,4772,88,32670,89,680,84.5
2026-04-17 11:23:09 PM,KXATPCHALLENGERMATCH-26APR17HOLBRO-BRO,84,6169,83,3958,82,60606,81,421,80,824,85,5094,86,5403,87,4772,88,32670,89,680,84.5
2026-04-17 11:23:09 PM,KXATPCHALLENGERMATCH-26APR17HOLBRO-BRO,84,6169,83,3958,82,60606,81,421,80,824,85,5059,86,5403,87,4772,88,32670,89,680,84.5
