ts_et,ticker,bid_1,bid_1_sz,bid_2,bid_2_sz,bid_3,bid_3_sz,bid_4,bid_4_sz,bid_5,bid_5_sz,ask_1,ask_1_sz,ask_2,ask_2_sz,ask_3,ask_3_sz,ask_4,ask_4_sz,ask_5,ask_5_sz,mid
2026-04-17 09:43:06 PM,KXATPMATCH-26APR18ZVECOB-ZVE,82,1745,81,7087,80,8519,79,537,78,35,83,1,84,6804,85,14446,86,6984,87,50,82.5
2026-04-17 09:44:07 PM,KXATPMATCH-26APR18ZVECOB-ZVE,82,1745,81,7087,80,8519,79,537,78,35,84,6804,85,14446,86,6984,87,50,88,100,83.0
2026-04-17 09:44:07 PM,KXATPMATCH-26APR18ZVECOB-ZVE,83,49,82,1745,81,7087,80,8519,79,537,84,6804,85,14446,86,6984,87,50,88,100,83.5
2026-04-17 09:44:19 PM,KXATPMATCH-26APR18ZVECOB-ZVE,82,1745,81,7087,80,8519,79,537,78,35,84,6804,85,14446,86,6984,87,50,88,100,83.0
2026-04-17 09:44:26 PM,KXATPMATCH-26APR18ZVECOB-ZVE,82,1745,81,7087,80,8519,79,537,78,35,84,6755,85,14446,86,6984,87,50,88,100,83.0
2026-04-17 09:45:09 PM,KXATPMATCH-26APR18ZVECOB-ZVE,82,1745,81,7087,80,7169,79,537,78,35,84,6755,85,14446,86,6984,87,50,88,100,83.0
2026-04-17 09:48:49 PM,KXATPMATCH-26APR18ZVECOB-ZVE,82,1745,81,7087,80,7169,79,537,78,35,84,6756,85,14446,86,6984,87,50,88,100,83.0
2026-04-17 09:48:49 PM,KXATPMATCH-26APR18ZVECOB-ZVE,82,1745,81,7087,80,7169,79,537,78,35,84,6755,85,14446,86,6984,87,50,88,100,83.0
2026-04-17 09:49:06 PM,KXATPMATCH-26APR18ZVECOB-ZVE,82,1745,81,7087,80,7169,79,537,78,35,84,6756,85,14446,86,6984,87,50,88,100,83.0
2026-04-17 09:49:07 PM,KXATPMATCH-26APR18ZVECOB-ZVE,82,1745,81,7087,80,7169,79,537,78,35,84,6755,85,14446,86,6984,87,50,88,100,83.0
2026-04-17 09:49:44 PM,KXATPMATCH-26APR18ZVECOB-ZVE,82,1763,81,7087,80,7169,79,537,78,35,84,6755,85,14446,86,6984,87,50,88,100,83.0
2026-04-17 09:54:45 PM,KXATPMATCH-26APR18ZVECOB-ZVE,82,1763,81,7087,80,7169,79,537,78,35,84,6754,85,14446,86,6984,87,50,88,100,83.0
2026-04-17 09:55:52 PM,KXATPMATCH-26APR18ZVECOB-ZVE,82,1763,81,7087,80,7169,79,537,78,35,84,6755,85,14446,86,6984,87,50,88,100,83.0
2026-04-17 09:55:52 PM,KXATPMATCH-26APR18ZVECOB-ZVE,82,1763,81,7087,80,7169,79,537,78,35,84,6754,85,14446,86,6984,87,50,88,100,83.0
2026-04-17 09:57:07 PM,KXATPMATCH-26APR18ZVECOB-ZVE,82,1763,81,7087,80,7169,79,537,78,35,84,6755,85,14446,86,6984,87,50,88,100,83.0
2026-04-17 09:57:07 PM,KXATPMATCH-26APR18ZVECOB-ZVE,82,1763,81,7087,80,7169,79,537,78,35,84,7016,85,14446,86,6984,87,50,88,100,83.0
2026-04-17 09:57:07 PM,KXATPMATCH-26APR18ZVECOB-ZVE,82,1763,81,7087,80,7169,79,537,78,35,84,7016,85,14593,86,6984,87,50,88,100,83.0
2026-04-17 09:57:07 PM,KXATPMATCH-26APR18ZVECOB-ZVE,82,1763,81,7087,80,7169,79,537,78,35,84,7016,85,14593,86,7058,87,50,88,100,83.0
2026-04-17 09:57:08 PM,KXATPMATCH-26APR18ZVECOB-ZVE,82,1763,81,7087,80,7169,79,537,78,35,84,7015,85,14593,86,7058,87,50,88,100,83.0
2026-04-17 09:57:58 PM,KXATPMATCH-26APR18ZVECOB-ZVE,82,1763,81,7087,80,7169,79,537,78,35,84,6915,85,14593,86,7058,87,50,88,100,83.0
2026-04-17 09:58:09 PM,KXATPMATCH-26APR18ZVECOB-ZVE,82,1763,81,7087,80,7169,79,537,78,35,84,6952,85,14593,86,7058,87,50,88,100,83.0
2026-04-17 09:59:01 PM,KXATPMATCH-26APR18ZVECOB-ZVE,82,1763,81,7087,80,7169,79,537,78,35,84,2806,85,14593,86,7058,87,50,88,100,83.0
2026-04-17 09:59:01 PM,KXATPMATCH-26APR18ZVECOB-ZVE,82,1763,81,7087,80,7169,79,537,78,35,84,6952,85,14593,86,7058,87,50,88,100,83.0
2026-04-17 09:59:31 PM,KXATPMATCH-26APR18ZVECOB-ZVE,82,1763,81,7087,80,7169,79,537,78,35,84,6836,85,14593,86,7058,87,50,88,100,83.0
2026-04-17 09:59:31 PM,KXATPMATCH-26APR18ZVECOB-ZVE,82,1763,81,7087,80,7169,79,537,78,35,84,6799,85,14593,86,7058,87,50,88,100,83.0
2026-04-17 10:01:52 PM,KXATPMATCH-26APR18ZVECOB-ZVE,82,1763,81,7087,80,7169,79,537,78,35,84,6800,85,14593,86,7058,87,50,88,100,83.0
2026-04-17 10:01:53 PM,KXATPMATCH-26APR18ZVECOB-ZVE,82,1763,81,7087,80,7169,79,537,78,35,84,6799,85,14593,86,7058,87,50,88,100,83.0
2026-04-17 10:03:13 PM,KXATPMATCH-26APR18ZVECOB-ZVE,82,1763,81,7087,80,7169,79,537,78,35,84,6800,85,14593,86,7058,87,50,88,100,83.0
2026-04-17 10:03:16 PM,KXATPMATCH-26APR18ZVECOB-ZVE,82,1763,81,7087,80,7169,79,537,78,35,84,6799,85,14593,86,7058,87,50,88,100,83.0
2026-04-17 10:06:17 PM,KXATPMATCH-26APR18ZVECOB-ZVE,82,1763,81,7082,80,7169,79,537,78,35,84,6799,85,14593,86,7058,87,50,88,100,83.0
2026-04-17 10:06:17 PM,KXATPMATCH-26APR18ZVECOB-ZVE,82,1763,81,7074,80,7169,79,537,78,35,84,6799,85,14593,86,7058,87,50,88,100,83.0
2026-04-17 10:06:17 PM,KXATPMATCH-26APR18ZVECOB-ZVE,82,1759,81,7074,80,7169,79,537,78,35,84,6799,85,14593,86,7058,87,50,88,100,83.0
2026-04-17 10:06:17 PM,KXATPMATCH-26APR18ZVECOB-ZVE,82,1751,81,7074,80,7169,79,537,78,35,84,6799,85,14593,86,7058,87,50,88,100,83.0
2026-04-17 10:06:17 PM,KXATPMATCH-26APR18ZVECOB-ZVE,82,1751,81,7074,80,7169,79,537,78,35,84,6787,85,14593,86,7058,87,50,88,100,83.0
2026-04-17 10:06:17 PM,KXATPMATCH-26APR18ZVECOB-ZVE,82,1751,81,7074,80,7169,79,537,78,35,84,6787,85,14588,86,7058,87,50,88,100,83.0
2026-04-17 10:06:17 PM,KXATPMATCH-26APR18ZVECOB-ZVE,82,1751,81,7074,80,7169,79,537,78,35,84,6787,85,14582,86,7058,87,50,88,100,83.0
2026-04-17 10:07:53 PM,KXATPMATCH-26APR18ZVECOB-ZVE,82,1751,81,7074,80,7169,79,537,78,35,84,6788,85,14582,86,7058,87,50,88,100,83.0
2026-04-17 10:07:53 PM,KXATPMATCH-26APR18ZVECOB-ZVE,82,1767,81,7074,80,7169,79,537,78,35,84,6788,85,14582,86,7058,87,50,88,100,83.0
2026-04-17 10:07:53 PM,KXATPMATCH-26APR18ZVECOB-ZVE,82,1767,81,7088,80,7169,79,537,78,35,84,6788,85,14582,86,7058,87,50,88,100,83.0
2026-04-17 10:07:53 PM,KXATPMATCH-26APR18ZVECOB-ZVE,82,1767,81,7088,80,7169,79,537,78,35,84,6788,85,14596,86,7058,87,50,88,100,83.0
2026-04-17 10:07:53 PM,KXATPMATCH-26APR18ZVECOB-ZVE,82,1767,81,7088,80,7169,79,537,78,35,84,6788,85,14596,86,7072,87,50,88,100,83.0
2026-04-17 10:07:54 PM,KXATPMATCH-26APR18ZVECOB-ZVE,82,1778,81,7088,80,7169,79,537,78,35,84,6788,85,14596,86,7072,87,50,88,100,83.0
2026-04-17 10:07:55 PM,KXATPMATCH-26APR18ZVECOB-ZVE,82,1778,81,7088,80,7169,79,537,78,35,84,6787,85,14596,86,7072,87,50,88,100,83.0
2026-04-17 10:09:15 PM,KXATPMATCH-26APR18ZVECOB-ZVE,82,1778,81,7088,80,7169,79,537,78,35,84,6788,85,14596,86,7072,87,50,88,100,83.0
2026-04-17 10:09:15 PM,KXATPMATCH-26APR18ZVECOB-ZVE,82,1778,81,7088,80,7169,79,537,78,35,84,6787,85,14596,86,7072,87,50,88,100,83.0
2026-04-17 10:09:15 PM,KXATPMATCH-26APR18ZVECOB-ZVE,82,1778,81,7088,80,8519,79,537,78,35,84,6787,85,14596,86,7072,87,50,88,100,83.0
2026-04-17 10:12:07 PM,KXATPMATCH-26APR18ZVECOB-ZVE,82,1778,81,7088,80,7169,79,537,78,35,84,6787,85,14596,86,7072,87,50,88,100,83.0
2026-04-17 10:12:13 PM,KXATPMATCH-26APR18ZVECOB-ZVE,82,1778,81,7088,80,7169,79,537,78,35,84,6637,85,14596,86,7072,87,50,88,100,83.0
2026-04-17 10:12:13 PM,KXATPMATCH-26APR18ZVECOB-ZVE,82,1778,81,7088,80,7169,79,537,78,35,84,6616,85,14596,86,7072,87,50,88,100,83.0
2026-04-17 10:12:13 PM,KXATPMATCH-26APR18ZVECOB-ZVE,82,1778,81,7088,80,7169,79,537,78,35,84,6594,85,14596,86,7072,87,50,88,100,83.0
2026-04-17 10:12:13 PM,KXATPMATCH-26APR18ZVECOB-ZVE,82,1778,81,7088,80,7169,79,537,78,35,84,6556,85,14596,86,7072,87,50,88,100,83.0
2026-04-17 10:12:13 PM,KXATPMATCH-26APR18ZVECOB-ZVE,82,1778,81,7088,80,7169,79,440,78,35,84,6556,85,14596,86,7072,87,50,88,100,83.0
2026-04-17 10:12:13 PM,KXATPMATCH-26APR18ZVECOB-ZVE,82,2609,81,7088,80,7169,79,440,78,35,84,6556,85,14596,86,7072,87,50,88,100,83.0
2026-04-17 10:12:26 PM,KXATPMATCH-26APR18ZVECOB-ZVE,82,2609,81,7088,80,7169,79,440,78,35,84,6440,85,14596,86,7072,87,50,88,100,83.0
2026-04-17 10:12:26 PM,KXATPMATCH-26APR18ZVECOB-ZVE,82,2593,81,7088,80,7169,79,440,78,35,84,6440,85,14596,86,7072,87,50,88,100,83.0
2026-04-17 10:12:39 PM,KXATPMATCH-26APR18ZVECOB-ZVE,82,2593,81,7088,80,7169,79,440,78,35,84,6440,85,14596,86,7058,87,50,88,100,83.0
2026-04-17 10:12:39 PM,KXATPMATCH-26APR18ZVECOB-ZVE,82,2593,81,7088,80,7169,79,440,78,35,84,6453,85,14596,86,7058,87,50,88,100,83.0
2026-04-17 10:13:55 PM,KXATPMATCH-26APR18ZVECOB-ZVE,82,2593,81,7088,80,7169,79,440,78,35,84,6454,85,14596,86,7058,87,50,88,100,83.0
2026-04-17 10:13:55 PM,KXATPMATCH-26APR18ZVECOB-ZVE,82,2593,81,7088,80,7169,79,440,78,35,84,6453,85,14596,86,7058,87,50,88,100,83.0
2026-04-17 10:14:49 PM,KXATPMATCH-26APR18ZVECOB-ZVE,82,2593,81,7088,80,7219,79,440,78,35,84,6453,85,14596,86,7058,87,50,88,100,83.0
2026-04-17 10:15:15 PM,KXATPMATCH-26APR18ZVECOB-ZVE,82,2593,81,7088,80,7219,79,440,78,35,84,6454,85,14596,86,7058,87,50,88,100,83.0
2026-04-17 10:15:16 PM,KXATPMATCH-26APR18ZVECOB-ZVE,82,2593,81,7088,80,7219,79,440,78,35,84,6453,85,14596,86,7058,87,50,88,100,83.0
2026-04-17 10:15:41 PM,KXATPMATCH-26APR18ZVECOB-ZVE,82,2593,81,7088,80,7219,79,445,78,35,84,6453,85,14596,86,7058,87,50,88,100,83.0
2026-04-17 10:15:41 PM,KXATPMATCH-26APR18ZVECOB-ZVE,82,2593,81,7088,80,7219,79,343,78,35,84,6453,85,14596,86,7058,87,50,88,100,83.0
2026-04-17 10:16:54 PM,KXATPMATCH-26APR18ZVECOB-ZVE,82,2593,81,7088,80,7219,79,343,78,35,84,2307,85,14596,86,7058,87,50,88,100,83.0
2026-04-17 10:16:54 PM,KXATPMATCH-26APR18ZVECOB-ZVE,82,2593,81,7088,80,7219,79,343,78,35,84,6453,85,14596,86,7058,87,50,88,100,83.0
2026-04-17 10:16:55 PM,KXATPMATCH-26APR18ZVECOB-ZVE,82,2593,81,7088,80,7219,79,343,78,35,84,2307,85,14596,86,7058,87,50,88,100,83.0
2026-04-17 10:17:02 PM,KXATPMATCH-26APR18ZVECOB-ZVE,82,2593,81,7088,80,7219,79,343,78,35,84,6453,85,14596,86,7058,87,50,88,100,83.0
2026-04-17 10:17:39 PM,KXATPMATCH-26APR18ZVECOB-ZVE,82,2593,81,7088,80,7169,79,343,78,35,84,6453,85,14596,86,7058,87,50,88,100,83.0
2026-04-17 10:19:04 PM,KXATPMATCH-26APR18ZVECOB-ZVE,82,2593,81,7088,80,7169,79,343,78,35,84,6353,85,14596,86,7058,87,50,88,100,83.0
2026-04-17 10:20:00 PM,KXATPMATCH-26APR18ZVECOB-ZVE,82,2593,81,7088,80,7169,79,343,78,35,84,6354,85,14596,86,7058,87,50,88,100,83.0
2026-04-17 10:20:02 PM,KXATPMATCH-26APR18ZVECOB-ZVE,82,2593,81,7088,80,7169,79,343,78,35,84,6353,85,14596,86,7058,87,50,88,100,83.0
2026-04-17 10:21:25 PM,KXATPMATCH-26APR18ZVECOB-ZVE,82,2593,81,7088,80,7169,79,343,78,35,84,6350,85,14596,86,7058,87,50,88,100,83.0
2026-04-17 10:24:56 PM,KXATPMATCH-26APR18ZVECOB-ZVE,82,2593,81,7088,80,7169,79,343,78,35,84,6056,85,14596,86,7058,87,50,88,100,83.0
2026-04-17 10:25:50 PM,KXATPMATCH-26APR18ZVECOB-ZVE,82,2593,81,7088,80,7169,79,343,78,35,84,5940,85,14596,86,7058,87,50,88,100,83.0
2026-04-17 10:25:50 PM,KXATPMATCH-26APR18ZVECOB-ZVE,82,2593,81,7088,80,7169,79,532,78,35,84,5940,85,14596,86,7058,87,50,88,100,83.0
2026-04-17 10:25:50 PM,KXATPMATCH-26APR18ZVECOB-ZVE,82,2593,81,7088,80,7169,79,532,78,35,84,5940,85,14772,86,7058,87,50,88,100,83.0
2026-04-17 10:26:01 PM,KXATPMATCH-26APR18ZVECOB-ZVE,82,2593,81,7088,80,7169,79,532,78,35,84,5941,85,14772,86,7058,87,50,88,100,83.0
2026-04-17 10:26:02 PM,KXATPMATCH-26APR18ZVECOB-ZVE,82,2593,81,7088,80,7169,79,532,78,35,84,5940,85,14772,86,7058,87,50,88,100,83.0
2026-04-17 10:29:26 PM,KXATPMATCH-26APR18ZVECOB-ZVE,82,2593,81,7088,80,7169,79,532,78,35,84,5939,85,14772,86,7058,87,50,88,100,83.0
2026-04-17 10:32:03 PM,KXATPMATCH-26APR18ZVECOB-ZVE,82,2593,81,7088,80,7169,79,532,78,35,84,5940,85,14772,86,7058,87,50,88,100,83.0
2026-04-17 10:32:03 PM,KXATPMATCH-26APR18ZVECOB-ZVE,82,2593,81,7088,80,7169,79,532,78,35,84,5939,85,14772,86,7058,87,50,88,100,83.0
2026-04-17 10:33:32 PM,KXATPMATCH-26APR18ZVECOB-ZVE,82,2593,81,7088,80,7169,79,532,78,35,84,5940,85,14772,86,7058,87,50,88,100,83.0
2026-04-17 10:33:32 PM,KXATPMATCH-26APR18ZVECOB-ZVE,82,2593,81,7088,80,7169,79,532,78,35,84,5939,85,14772,86,7058,87,50,88,100,83.0
2026-04-17 10:34:43 PM,KXATPMATCH-26APR18ZVECOB-ZVE,82,2593,81,7088,80,7169,79,532,78,35,84,5921,85,14772,86,7058,87,50,88,100,83.0
2026-04-17 10:34:44 PM,KXATPMATCH-26APR18ZVECOB-ZVE,82,2593,81,7088,80,8469,79,532,78,35,84,5921,85,14772,86,7058,87,50,88,100,83.0
2026-04-17 10:35:02 PM,KXATPMATCH-26APR18ZVECOB-ZVE,82,2593,81,7088,80,7169,79,532,78,35,84,5921,85,14772,86,7058,87,50,88,100,83.0
2026-04-17 10:38:03 PM,KXATPMATCH-26APR18ZVECOB-ZVE,82,2593,81,7088,80,7169,79,532,78,35,84,5922,85,14772,86,7058,87,50,88,100,83.0
2026-04-17 10:38:03 PM,KXATPMATCH-26APR18ZVECOB-ZVE,82,2593,81,7088,80,7169,79,532,78,35,84,5921,85,14772,86,7058,87,50,88,100,83.0
2026-04-17 10:39:34 PM,KXATPMATCH-26APR18ZVECOB-ZVE,82,2593,81,7088,80,7169,79,532,78,35,84,5922,85,14772,86,7058,87,50,88,100,83.0
2026-04-17 10:39:35 PM,KXATPMATCH-26APR18ZVECOB-ZVE,82,2593,81,7088,80,7169,79,532,78,35,84,5921,85,14772,86,7058,87,50,88,100,83.0
2026-04-17 10:41:06 PM,KXATPMATCH-26APR18ZVECOB-ZVE,82,2593,81,7088,80,7169,79,532,78,35,84,5855,85,14772,86,7058,87,50,88,100,83.0
2026-04-17 10:41:11 PM,KXATPMATCH-26APR18ZVECOB-ZVE,82,2581,81,7088,80,7169,79,532,78,35,84,5855,85,14772,86,7058,87,50,88,100,83.0
2026-04-17 10:41:11 PM,KXATPMATCH-26APR18ZVECOB-ZVE,82,2581,81,7088,80,7169,79,532,78,35,84,6004,85,14772,86,7058,87,50,88,100,83.0
2026-04-17 10:42:10 PM,KXATPMATCH-26APR18ZVECOB-ZVE,82,2581,81,7088,80,7169,79,532,78,35,84,5683,85,14772,86,7058,87,50,88,100,83.0
2026-04-17 10:42:10 PM,KXATPMATCH-26APR18ZVECOB-ZVE,82,2581,81,7088,80,7169,79,532,78,35,84,5662,85,14772,86,7058,87,50,88,100,83.0
2026-04-17 10:42:10 PM,KXATPMATCH-26APR18ZVECOB-ZVE,82,2581,81,7088,80,7169,79,532,78,35,84,5621,85,14772,86,7058,87,50,88,100,83.0
2026-04-17 10:42:10 PM,KXATPMATCH-26APR18ZVECOB-ZVE,82,2581,81,7088,80,7169,79,532,78,35,84,6972,85,14772,86,7058,87,50,88,100,83.0
2026-04-17 10:44:04 PM,KXATPMATCH-26APR18ZVECOB-ZVE,82,2581,81,7088,80,7169,79,532,78,35,84,6973,85,14772,86,7058,87,50,88,100,83.0
2026-04-17 10:44:06 PM,KXATPMATCH-26APR18ZVECOB-ZVE,82,2581,81,7088,80,7169,79,532,78,35,84,6972,85,14772,86,7058,87,50,88,100,83.0
2026-04-17 10:45:36 PM,KXATPMATCH-26APR18ZVECOB-ZVE,82,2581,81,7088,80,7169,79,532,78,35,84,6973,85,14772,86,7058,87,50,88,100,83.0
2026-04-17 10:45:38 PM,KXATPMATCH-26APR18ZVECOB-ZVE,82,2581,81,7088,80,7169,79,532,78,35,84,6972,85,14772,86,7058,87,50,88,100,83.0
2026-04-17 10:47:12 PM,KXATPMATCH-26APR18ZVECOB-ZVE,82,2581,81,7088,80,7169,79,532,78,35,84,6963,85,14772,86,7058,87,50,88,100,83.0
2026-04-17 10:49:34 PM,KXATPMATCH-26APR18ZVECOB-ZVE,82,2581,81,7088,80,7169,79,532,78,35,84,6983,85,14772,86,7058,87,50,88,100,83.0
2026-04-17 10:50:37 PM,KXATPMATCH-26APR18ZVECOB-ZVE,82,2581,81,7088,80,7169,79,532,78,35,84,6934,85,14772,86,7058,87,50,88,100,83.0
2026-04-17 10:50:37 PM,KXATPMATCH-26APR18ZVECOB-ZVE,82,2581,81,7088,80,7169,79,532,78,35,84,6813,85,14772,86,7058,87,50,88,100,83.0
2026-04-17 10:50:37 PM,KXATPMATCH-26APR18ZVECOB-ZVE,82,2581,81,7088,80,7169,79,532,78,35,84,6770,85,14772,86,7058,87,50,88,100,83.0
2026-04-17 10:50:37 PM,KXATPMATCH-26APR18ZVECOB-ZVE,82,2581,81,7088,80,7169,79,532,78,35,84,6977,85,14772,86,7058,87,50,88,100,83.0
2026-04-17 10:50:40 PM,KXATPMATCH-26APR18ZVECOB-ZVE,82,2624,81,7088,80,7169,79,532,78,35,84,6977,85,14772,86,7058,87,50,88,100,83.0
2026-04-17 10:50:40 PM,KXATPMATCH-26APR18ZVECOB-ZVE,82,2624,81,7088,80,7169,79,532,78,35,84,6978,85,14772,86,7058,87,50,88,100,83.0
2026-04-17 10:51:38 PM,KXATPMATCH-26APR18ZVECOB-ZVE,82,2624,81,7088,80,7169,79,532,78,35,84,6979,85,14772,86,7058,87,50,88,100,83.0
2026-04-17 10:51:39 PM,KXATPMATCH-26APR18ZVECOB-ZVE,82,2624,81,7088,80,7169,79,532,78,35,84,6978,85,14772,86,7058,87,50,88,100,83.0
2026-04-17 10:52:29 PM,KXATPMATCH-26APR18ZVECOB-ZVE,82,2624,81,7088,80,7169,79,534,78,35,84,6978,85,14772,86,7058,87,50,88,100,83.0
2026-04-17 10:52:29 PM,KXATPMATCH-26APR18ZVECOB-ZVE,82,2624,81,7088,80,7169,79,529,78,35,84,6978,85,14772,86,7058,87,50,88,100,83.0
2026-04-17 10:53:28 PM,KXATPMATCH-26APR18ZVECOB-ZVE,82,2624,81,7088,80,7169,79,529,78,35,84,6955,85,14772,86,7058,87,50,88,100,83.0
2026-04-17 10:53:29 PM,KXATPMATCH-26APR18ZVECOB-ZVE,82,2624,81,7088,80,7169,79,529,78,35,83,1500,84,6955,85,14772,86,7058,87,50,82.5
2026-04-17 10:53:30 PM,KXATPMATCH-26APR18ZVECOB-ZVE,82,2374,81,7088,80,7169,79,529,78,35,83,1500,84,6955,85,14772,86,7058,87,50,82.5
2026-04-17 10:53:30 PM,KXATPMATCH-26APR18ZVECOB-ZVE,82,2374,81,7338,80,7169,79,529,78,35,83,1500,84,6955,85,14772,86,7058,87,50,82.5
2026-04-17 10:53:30 PM,KXATPMATCH-26APR18ZVECOB-ZVE,82,2374,81,7338,80,7169,79,529,78,35,83,1500,84,6955,85,14522,86,7058,87,50,82.5
2026-04-17 10:53:30 PM,KXATPMATCH-26APR18ZVECOB-ZVE,82,2374,81,7338,80,7169,79,529,78,35,83,1500,84,7205,85,14522,86,7058,87,50,82.5
2026-04-17 10:53:31 PM,KXATPMATCH-26APR18ZVECOB-ZVE,82,2397,81,7338,80,7169,79,529,78,35,83,1500,84,7205,85,14522,86,7058,87,50,82.5
2026-04-17 10:54:57 PM,KXATPMATCH-26APR18ZVECOB-ZVE,82,2397,81,7338,80,7169,79,529,78,35,83,1500,84,7205,85,14522,86,6037,87,50,82.5
2026-04-17 10:54:57 PM,KXATPMATCH-26APR18ZVECOB-ZVE,82,2327,81,7338,80,7169,79,529,78,35,83,1500,84,7205,85,14522,86,6037,87,50,82.5
2026-04-17 10:54:57 PM,KXATPMATCH-26APR18ZVECOB-ZVE,82,2291,81,7338,80,7169,79,529,78,35,83,1500,84,7205,85,14522,86,6037,87,50,82.5
2026-04-17 10:54:57 PM,KXATPMATCH-26APR18ZVECOB-ZVE,82,2239,81,7338,80,7169,79,529,78,35,83,1500,84,7205,85,14522,86,6037,87,50,82.5
2026-04-17 10:54:57 PM,KXATPMATCH-26APR18ZVECOB-ZVE,82,2239,81,7318,80,7169,79,529,78,35,83,1500,84,7205,85,14522,86,6037,87,50,82.5
2026-04-17 10:54:57 PM,KXATPMATCH-26APR18ZVECOB-ZVE,82,2239,81,7318,80,7169,79,529,78,35,83,2251,84,7205,85,14522,86,6037,87,50,82.5
2026-04-17 10:54:57 PM,KXATPMATCH-26APR18ZVECOB-ZVE,82,2239,81,7318,80,7169,79,529,78,35,83,2251,84,7973,85,14522,86,6037,87,50,82.5
2026-04-17 10:54:57 PM,KXATPMATCH-26APR18ZVECOB-ZVE,82,2239,81,7278,80,7169,79,529,78,35,83,2251,84,7973,85,14522,86,6037,87,50,82.5
2026-04-17 10:54:57 PM,KXATPMATCH-26APR18ZVECOB-ZVE,82,2239,81,7278,80,7209,79,529,78,35,83,2251,84,7973,85,14522,86,6037,87,50,82.5
2026-04-17 10:54:57 PM,KXATPMATCH-26APR18ZVECOB-ZVE,82,2239,81,7278,80,7209,79,529,78,35,83,2251,84,7973,85,14482,86,6037,87,50,82.5
2026-04-17 10:54:57 PM,KXATPMATCH-26APR18ZVECOB-ZVE,82,2239,81,7278,80,7209,79,529,78,35,83,2251,84,8013,85,14482,86,6037,87,50,82.5
2026-04-17 10:55:27 PM,KXATPMATCH-26APR18ZVECOB-ZVE,82,2223,81,7278,80,7209,79,529,78,35,83,2251,84,8013,85,14482,86,6037,87,50,82.5
2026-04-17 10:55:27 PM,KXATPMATCH-26APR18ZVECOB-ZVE,82,2207,81,7278,80,7209,79,529,78,35,83,2251,84,8013,85,14482,86,6037,87,50,82.5
2026-04-17 10:56:04 PM,KXATPMATCH-26APR18ZVECOB-ZVE,82,2187,81,7278,80,7209,79,529,78,35,83,2251,84,8013,85,14482,86,6037,87,50,82.5
2026-04-17 10:56:19 PM,KXATPMATCH-26APR18ZVECOB-ZVE,82,2187,81,7278,80,7209,79,529,78,35,83,2231,84,8013,85,14482,86,6037,87,50,82.5
2026-04-17 10:57:40 PM,KXATPMATCH-26APR18ZVECOB-ZVE,82,2187,81,7278,80,7209,79,529,78,35,83,2231,84,8014,85,14482,86,6037,87,50,82.5
2026-04-17 10:57:41 PM,KXATPMATCH-26APR18ZVECOB-ZVE,82,2187,81,7278,80,7209,79,529,78,35,83,2231,84,8013,85,14482,86,6037,87,50,82.5
2026-04-17 11:00:59 PM,KXATPMATCH-26APR18ZVECOB-ZVE,82,2187,81,7278,80,7209,79,629,78,35,83,2231,84,8013,85,14482,86,6037,87,50,82.5
2026-04-17 11:00:59 PM,KXATPMATCH-26APR18ZVECOB-ZVE,82,2187,81,7278,80,12209,79,629,78,35,83,2231,84,8013,85,14482,86,6037,87,50,82.5
2026-04-17 11:00:59 PM,KXATPMATCH-26APR18ZVECOB-ZVE,82,2187,81,7278,80,12209,79,5629,78,35,83,2231,84,8013,85,14482,86,6037,87,50,82.5
2026-04-17 11:00:59 PM,KXATPMATCH-26APR18ZVECOB-ZVE,82,2187,81,7278,80,7209,79,5629,78,35,83,2231,84,8013,85,14482,86,6037,87,50,82.5
2026-04-17 11:00:59 PM,KXATPMATCH-26APR18ZVECOB-ZVE,82,2187,81,7278,80,7209,79,629,78,35,83,2231,84,8013,85,14482,86,6037,87,50,82.5
2026-04-17 11:01:03 PM,KXATPMATCH-26APR18ZVECOB-ZVE,82,2187,81,7278,80,7209,79,700,78,35,83,2231,84,8013,85,14482,86,6037,87,50,82.5
2026-04-17 11:01:03 PM,KXATPMATCH-26APR18ZVECOB-ZVE,82,2187,81,7278,80,12209,79,700,78,35,83,2231,84,8013,85,14482,86,6037,87,50,82.5
2026-04-17 11:01:03 PM,KXATPMATCH-26APR18ZVECOB-ZVE,82,2187,81,7278,80,12209,79,5700,78,35,83,2231,84,8013,85,14482,86,6037,87,50,82.5
2026-04-17 11:01:03 PM,KXATPMATCH-26APR18ZVECOB-ZVE,82,2187,81,7278,80,12209,79,5600,78,35,83,2231,84,8013,85,14482,86,6037,87,50,82.5
2026-04-17 11:03:35 PM,KXATPMATCH-26APR18ZVECOB-ZVE,82,2187,81,7278,80,12209,79,5529,78,35,83,2231,84,8013,85,14482,86,6037,87,50,82.5
2026-04-17 11:03:35 PM,KXATPMATCH-26APR18ZVECOB-ZVE,82,2187,81,7278,80,7209,79,5529,78,35,83,2231,84,8013,85,14482,86,6037,87,50,82.5
2026-04-17 11:03:35 PM,KXATPMATCH-26APR18ZVECOB-ZVE,82,2187,81,7278,80,7209,79,529,78,35,83,2231,84,8013,85,14482,86,6037,87,50,82.5
2026-04-17 11:03:35 PM,KXATPMATCH-26APR18ZVECOB-ZVE,82,2187,81,7278,80,7209,79,340,78,35,83,2231,84,8013,85,14482,86,6037,87,50,82.5
2026-04-17 11:03:35 PM,KXATPMATCH-26APR18ZVECOB-ZVE,82,2187,81,7278,80,7209,79,390,78,35,83,2231,84,8013,85,14482,86,6037,87,50,82.5
2026-04-17 11:03:42 PM,KXATPMATCH-26APR18ZVECOB-ZVE,82,2187,81,7278,80,7209,79,390,78,35,83,2231,84,8014,85,14482,86,6037,87,50,82.5
2026-04-17 11:03:43 PM,KXATPMATCH-26APR18ZVECOB-ZVE,82,2187,81,7278,80,7209,79,390,78,35,83,2231,84,8013,85,14482,86,6037,87,50,82.5
2026-04-17 11:05:44 PM,KXATPMATCH-26APR18ZVECOB-ZVE,82,2187,81,7278,80,7209,79,418,78,35,83,2231,84,8013,85,14482,86,6037,87,50,82.5
2026-04-17 11:05:45 PM,KXATPMATCH-26APR18ZVECOB-ZVE,82,2187,81,7278,80,7209,79,368,78,35,83,2231,84,8013,85,14482,86,6037,87,50,82.5
2026-04-17 11:08:21 PM,KXATPMATCH-26APR18ZVECOB-ZVE,82,2187,81,7278,80,8109,79,368,78,35,83,2231,84,8013,85,14482,86,6037,87,50,82.5
2026-04-17 11:09:43 PM,KXATPMATCH-26APR18ZVECOB-ZVE,82,2187,81,7278,80,8109,79,368,78,35,83,2231,84,8014,85,14482,86,6037,87,50,82.5
2026-04-17 11:09:43 PM,KXATPMATCH-26APR18ZVECOB-ZVE,82,2187,81,7278,80,8109,79,368,78,35,83,2231,84,8013,85,14482,86,6037,87,50,82.5
2026-04-17 11:11:17 PM,KXATPMATCH-26APR18ZVECOB-ZVE,82,2187,81,7278,80,7209,79,368,78,35,83,2231,84,8013,85,14482,86,6037,87,50,82.5
2026-04-17 11:12:55 PM,KXATPMATCH-26APR18ZVECOB-ZVE,82,2187,81,7278,80,7209,79,368,78,35,83,2226,84,8013,85,14482,86,6037,87,50,82.5
2026-04-17 11:15:44 PM,KXATPMATCH-26APR18ZVECOB-ZVE,82,2187,81,7278,80,7209,79,368,78,35,83,2226,84,8014,85,14482,86,6037,87,50,82.5
2026-04-17 11:15:45 PM,KXATPMATCH-26APR18ZVECOB-ZVE,82,2187,81,7278,80,7209,79,368,78,35,83,2226,84,8013,85,14482,86,6037,87,50,82.5
2026-04-17 11:19:50 PM,KXATPMATCH-26APR18ZVECOB-ZVE,82,2187,81,7278,80,7759,79,368,78,35,83,2226,84,8013,85,14482,86,6037,87,50,82.5
2026-04-17 11:21:46 PM,KXATPMATCH-26APR18ZVECOB-ZVE,82,2187,81,7278,80,7759,79,368,78,35,83,2226,84,8014,85,14482,86,6037,87,50,82.5
2026-04-17 11:21:48 PM,KXATPMATCH-26APR18ZVECOB-ZVE,82,2187,81,7278,80,7759,79,368,78,35,83,2226,84,8013,85,14482,86,6037,87,50,82.5
2026-04-17 11:22:35 PM,KXATPMATCH-26APR18ZVECOB-ZVE,82,2187,81,7278,80,7209,79,368,78,35,83,2226,84,8013,85,14482,86,6037,87,50,82.5
2026-04-17 11:22:36 PM,KXATPMATCH-26APR18ZVECOB-ZVE,82,2187,81,7278,80,7209,79,368,78,35,83,2216,84,8013,85,14482,86,6037,87,50,82.5
2026-04-17 11:23:51 PM,KXATPMATCH-26APR18ZVECOB-ZVE,82,2187,81,7278,80,7209,79,368,78,35,83,2215,84,8013,85,14482,86,6037,87,50,82.5
2026-04-17 11:25:03 PM,KXATPMATCH-26APR18ZVECOB-ZVE,82,2187,81,7278,80,7209,79,368,78,35,83,2195,84,8013,85,14482,86,6037,87,50,82.5
2026-04-17 11:27:41 PM,KXATPMATCH-26APR18ZVECOB-ZVE,82,2187,81,7278,80,7209,79,368,78,35,83,2086,84,8013,85,14482,86,6037,87,50,82.5
2026-04-17 11:27:48 PM,KXATPMATCH-26APR18ZVECOB-ZVE,82,2187,81,7278,80,7209,79,368,78,35,83,2086,84,8014,85,14482,86,6037,87,50,82.5
2026-04-17 11:27:48 PM,KXATPMATCH-26APR18ZVECOB-ZVE,82,2187,81,7278,80,7259,79,368,78,35,83,2086,84,8014,85,14482,86,6037,87,50,82.5
2026-04-17 11:27:48 PM,KXATPMATCH-26APR18ZVECOB-ZVE,82,2187,81,7278,80,7259,79,368,78,35,83,2086,84,8013,85,14482,86,6037,87,50,82.5
2026-04-17 11:29:27 PM,KXATPMATCH-26APR18ZVECOB-ZVE,82,2187,81,7278,80,7259,79,368,78,35,83,1789,84,8013,85,14482,86,6037,87,50,82.5
2026-04-17 11:29:27 PM,KXATPMATCH-26APR18ZVECOB-ZVE,82,2187,81,7278,80,7219,79,368,78,35,83,1789,84,8013,85,14482,86,6037,87,50,82.5
2026-04-17 11:29:28 PM,KXATPMATCH-26APR18ZVECOB-ZVE,82,2187,81,7318,80,7219,79,368,78,35,83,1789,84,8013,85,14482,86,6037,87,50,82.5
2026-04-17 11:29:28 PM,KXATPMATCH-26APR18ZVECOB-ZVE,82,2187,81,7318,80,7219,79,368,78,35,83,1789,84,8048,85,14482,86,6037,87,50,82.5
2026-04-17 11:29:28 PM,KXATPMATCH-26APR18ZVECOB-ZVE,82,2187,81,7318,80,7219,79,368,78,35,83,1789,84,8008,85,14482,86,6037,87,50,82.5
2026-04-17 11:29:28 PM,KXATPMATCH-26APR18ZVECOB-ZVE,82,2222,81,7318,80,7219,79,368,78,35,83,1789,84,8008,85,14482,86,6037,87,50,82.5
2026-04-17 11:29:28 PM,KXATPMATCH-26APR18ZVECOB-ZVE,82,2222,81,7318,80,7219,79,368,78,35,83,1789,84,8008,85,14522,86,6037,87,50,82.5
2026-04-17 11:30:44 PM,KXATPMATCH-26APR18ZVECOB-ZVE,82,2222,81,7318,80,7169,79,368,78,35,83,1789,84,8008,85,14522,86,6037,87,50,82.5
2026-04-17 11:30:44 PM,KXATPMATCH-26APR18ZVECOB-ZVE,82,2187,81,7318,80,7169,79,368,78,35,83,1789,84,8008,85,14522,86,6037,87,50,82.5
2026-04-17 11:30:44 PM,KXATPMATCH-26APR18ZVECOB-ZVE,82,2187,81,7353,80,7169,79,368,78,35,83,1789,84,8008,85,14522,86,6037,87,50,82.5
2026-04-17 11:31:02 PM,KXATPMATCH-26APR18ZVECOB-ZVE,82,2187,81,7353,80,7179,79,368,78,35,83,1789,84,8008,85,14522,86,6037,87,50,82.5
2026-04-17 11:31:02 PM,KXATPMATCH-26APR18ZVECOB-ZVE,82,2187,81,7353,80,7189,79,368,78,35,83,1789,84,8008,85,14522,86,6037,87,50,82.5
2026-04-17 11:31:02 PM,KXATPMATCH-26APR18ZVECOB-ZVE,82,2187,81,7353,80,7199,79,368,78,35,83,1789,84,8008,85,14522,86,6037,87,50,82.5
2026-04-17 11:31:02 PM,KXATPMATCH-26APR18ZVECOB-ZVE,82,2187,81,7353,80,7199,79,368,78,35,83,1789,84,8018,85,14522,86,6037,87,50,82.5
2026-04-17 11:31:02 PM,KXATPMATCH-26APR18ZVECOB-ZVE,82,2187,81,7353,80,7199,79,368,78,35,83,1782,84,8018,85,14522,86,6037,87,50,82.5
2026-04-17 11:31:02 PM,KXATPMATCH-26APR18ZVECOB-ZVE,82,2187,81,7353,80,7199,79,368,78,35,83,1782,84,8028,85,14522,86,6037,87,50,82.5
2026-04-17 11:31:02 PM,KXATPMATCH-26APR18ZVECOB-ZVE,82,2187,81,7318,80,7199,79,368,78,35,83,1782,84,8028,85,14522,86,6037,87,50,82.5
2026-04-17 11:31:02 PM,KXATPMATCH-26APR18ZVECOB-ZVE,82,2222,81,7318,80,7199,79,368,78,35,83,1782,84,8028,85,14522,86,6037,87,50,82.5
2026-04-17 11:32:10 PM,KXATPMATCH-26APR18ZVECOB-ZVE,82,2222,81,7318,80,7199,79,368,78,35,83,1781,84,8028,85,14522,86,6037,87,50,82.5
2026-04-17 11:32:10 PM,KXATPMATCH-26APR18ZVECOB-ZVE,82,2187,81,7318,80,7199,79,368,78,35,83,1781,84,8028,85,14522,86,6037,87,50,82.5
2026-04-17 11:32:11 PM,KXATPMATCH-26APR18ZVECOB-ZVE,82,2187,81,7318,80,7699,79,368,78,35,83,1781,84,8028,85,14522,86,6037,87,50,82.5
2026-04-17 11:33:50 PM,KXATPMATCH-26APR18ZVECOB-ZVE,82,2187,81,7318,80,7699,79,368,78,35,83,1781,84,8029,85,14522,86,6037,87,50,82.5
2026-04-17 11:33:52 PM,KXATPMATCH-26APR18ZVECOB-ZVE,82,2187,81,7318,80,7699,79,368,78,35,83,1781,84,8028,85,14522,86,6037,87,50,82.5
2026-04-17 11:34:38 PM,KXATPMATCH-26APR18ZVECOB-ZVE,82,2187,81,7318,80,7699,79,368,78,35,83,752,84,8028,85,14522,86,6037,87,50,82.5
2026-04-17 11:34:38 PM,KXATPMATCH-26APR18ZVECOB-ZVE,82,2187,81,7318,80,7699,79,368,78,35,83,1,84,8028,85,14522,86,6037,87,50,82.5
2026-04-17 11:34:38 PM,KXATPMATCH-26APR18ZVECOB-ZVE,82,2187,81,7318,80,7699,79,368,78,35,83,1,84,7312,85,14522,86,6037,87,50,82.5
2026-04-17 11:34:38 PM,KXATPMATCH-26APR18ZVECOB-ZVE,82,2187,81,7318,80,7699,79,368,78,35,83,1,84,7226,85,14522,86,6037,87,50,82.5
2026-04-17 11:34:38 PM,KXATPMATCH-26APR18ZVECOB-ZVE,82,2187,81,7318,80,7699,79,368,78,35,83,1,84,6965,85,14522,86,6037,87,50,82.5
2026-04-17 11:34:38 PM,KXATPMATCH-26APR18ZVECOB-ZVE,82,2187,81,7318,80,7699,79,368,78,35,83,1,84,6952,85,14522,86,6037,87,50,82.5
2026-04-17 11:34:38 PM,KXATPMATCH-26APR18ZVECOB-ZVE,82,2187,81,7318,80,7699,79,368,78,35,83,1,84,3903,85,14522,86,6037,87,50,82.5
2026-04-17 11:34:38 PM,KXATPMATCH-26APR18ZVECOB-ZVE,82,2187,81,6518,80,7699,79,368,78,35,83,1,84,3903,85,14522,86,6037,87,50,82.5
2026-04-17 11:34:38 PM,KXATPMATCH-26APR18ZVECOB-ZVE,82,2187,81,6518,80,7699,79,368,78,35,83,1,84,3903,85,13722,86,6037,87,50,82.5
2026-04-17 11:34:38 PM,KXATPMATCH-26APR18ZVECOB-ZVE,82,2144,81,6518,80,7699,79,368,78,35,83,1,84,3903,85,13722,86,6037,87,50,82.5
2026-04-17 11:34:38 PM,KXATPMATCH-26APR18ZVECOB-ZVE,82,2144,81,6518,80,7699,79,368,78,35,83,1,84,3902,85,13722,86,6037,87,50,82.5
2026-04-17 11:34:38 PM,KXATPMATCH-26APR18ZVECOB-ZVE,82,2121,81,6518,80,7699,79,368,78,35,83,1,84,3902,85,13722,86,6037,87,50,82.5
2026-04-17 11:34:38 PM,KXATPMATCH-26APR18ZVECOB-ZVE,82,2128,81,6518,80,7699,79,368,78,35,83,1,84,3902,85,13722,86,6037,87,50,82.5
2026-04-17 11:34:38 PM,KXATPMATCH-26APR18ZVECOB-ZVE,82,2128,81,6518,80,7699,79,368,78,35,83,1,84,3911,85,13722,86,6037,87,50,82.5
2026-04-17 11:34:38 PM,KXATPMATCH-26APR18ZVECOB-ZVE,82,2128,81,6518,80,7699,79,368,78,35,83,1,84,3876,85,13722,86,6037,87,50,82.5
2026-04-17 11:34:38 PM,KXATPMATCH-26APR18ZVECOB-ZVE,82,2232,81,6518,80,7699,79,368,78,35,83,1,84,3876,85,13722,86,6037,87,50,82.5
2026-04-17 11:34:38 PM,KXATPMATCH-26APR18ZVECOB-ZVE,82,2232,81,6268,80,7699,79,368,78,35,83,1,84,3876,85,13722,86,6037,87,50,82.5
2026-04-17 11:34:38 PM,KXATPMATCH-26APR18ZVECOB-ZVE,82,2482,81,6268,80,7699,79,368,78,35,83,1,84,3876,85,13722,86,6037,87,50,82.5
2026-04-17 11:34:38 PM,KXATPMATCH-26APR18ZVECOB-ZVE,82,2482,81,6268,80,7699,79,368,78,35,83,1,84,3626,85,13722,86,6037,87,50,82.5
2026-04-17 11:34:38 PM,KXATPMATCH-26APR18ZVECOB-ZVE,82,2482,81,6268,80,7699,79,368,78,35,83,1,84,3626,85,13972,86,6037,87,50,82.5
2026-04-17 11:34:38 PM,KXATPMATCH-26APR18ZVECOB-ZVE,82,2482,81,6268,80,7699,79,368,78,35,83,1,84,5579,85,13972,86,6037,87,50,82.5
2026-04-17 11:34:38 PM,KXATPMATCH-26APR18ZVECOB-ZVE,82,2482,81,6268,80,7699,79,368,78,35,83,1,84,5926,85,13972,86,6037,87,50,82.5
2026-04-17 11:34:38 PM,KXATPMATCH-26APR18ZVECOB-ZVE,82,2482,81,6268,80,7699,79,368,78,35,83,1,84,5927,85,13972,86,6037,87,50,82.5
2026-04-17 11:34:38 PM,KXATPMATCH-26APR18ZVECOB-ZVE,82,2482,81,6268,80,7699,79,368,78,35,83,1,84,5926,85,13972,86,6037,87,50,82.5
2026-04-17 11:34:39 PM,KXATPMATCH-26APR18ZVECOB-ZVE,82,2482,81,6268,80,7699,79,368,78,35,83,1,84,6064,85,13972,86,6037,87,50,82.5
2026-04-17 11:34:40 PM,KXATPMATCH-26APR18ZVECOB-ZVE,82,2482,81,7068,80,7699,79,368,78,35,83,1,84,6064,85,13972,86,6037,87,50,82.5
2026-04-17 11:34:40 PM,KXATPMATCH-26APR18ZVECOB-ZVE,82,3264,81,7068,80,7699,79,368,78,35,83,1,84,6064,85,13972,86,6037,87,50,82.5
2026-04-17 11:34:40 PM,KXATPMATCH-26APR18ZVECOB-ZVE,82,3264,81,7068,80,7699,79,368,78,35,83,1,84,6065,85,13972,86,6037,87,50,82.5
2026-04-17 11:34:40 PM,KXATPMATCH-26APR18ZVECOB-ZVE,82,3264,81,7068,80,7699,79,368,78,35,83,1,84,6065,85,14772,86,6037,87,50,82.5
2026-04-17 11:34:40 PM,KXATPMATCH-26APR18ZVECOB-ZVE,82,3264,81,7068,80,7699,79,368,78,35,83,1,84,6100,85,14772,86,6037,87,50,82.5
2026-04-17 11:34:40 PM,KXATPMATCH-26APR18ZVECOB-ZVE,82,3299,81,7068,80,7699,79,368,78,35,83,1,84,6100,85,14772,86,6037,87,50,82.5
2026-04-17 11:35:00 PM,KXATPMATCH-26APR18ZVECOB-ZVE,82,3299,81,7068,80,7199,79,368,78,35,83,1,84,6100,85,14772,86,6037,87,50,82.5
2026-04-17 11:35:10 PM,KXATPMATCH-26APR18ZVECOB-ZVE,82,3299,81,7068,80,7199,79,368,78,35,83,1,84,6100,85,14772,86,6087,87,50,82.5
2026-04-17 11:36:02 PM,KXATPMATCH-26APR18ZVECOB-ZVE,82,3299,81,7068,80,7199,79,368,78,35,83,1,84,5962,85,14772,86,6087,87,50,82.5
2026-04-17 11:39:52 PM,KXATPMATCH-26APR18ZVECOB-ZVE,82,3299,81,7068,80,7199,79,368,78,35,83,1,84,5963,85,14772,86,6087,87,50,82.5
2026-04-17 11:39:52 PM,KXATPMATCH-26APR18ZVECOB-ZVE,82,3299,81,7068,80,7199,79,368,78,35,83,1,84,5962,85,14772,86,6087,87,50,82.5
2026-04-17 11:40:57 PM,KXATPMATCH-26APR18ZVECOB-ZVE,82,3299,81,7068,80,7199,79,368,78,35,83,1,84,5927,85,14772,86,6087,87,50,82.5
2026-04-17 11:40:57 PM,KXATPMATCH-26APR18ZVECOB-ZVE,82,3264,81,7068,80,7199,79,368,78,35,83,1,84,5927,85,14772,86,6087,87,50,82.5
2026-04-17 11:43:20 PM,KXATPMATCH-26APR18ZVECOB-ZVE,82,3264,81,7068,80,7213,79,368,78,35,83,1,84,5927,85,14772,86,6087,87,50,82.5
2026-04-17 11:43:20 PM,KXATPMATCH-26APR18ZVECOB-ZVE,82,3253,81,7068,80,7213,79,368,78,35,83,1,84,5927,85,14772,86,6087,87,50,82.5
2026-04-17 11:43:20 PM,KXATPMATCH-26APR18ZVECOB-ZVE,82,3253,81,7068,80,7213,79,368,78,35,83,1,84,5940,85,14772,86,6087,87,50,82.5
2026-04-17 11:43:20 PM,KXATPMATCH-26APR18ZVECOB-ZVE,82,3246,81,7068,80,7213,79,368,78,35,83,1,84,5940,85,14772,86,6087,87,50,82.5
2026-04-17 11:43:29 PM,KXATPMATCH-26APR18ZVECOB-ZVE,82,3246,81,7068,80,7213,79,368,78,35,83,1,84,5941,85,14772,86,6087,87,50,82.5
2026-04-17 11:43:35 PM,KXATPMATCH-26APR18ZVECOB-ZVE,82,3246,81,7068,80,7213,79,368,78,35,83,1,84,5940,85,14772,86,6087,87,50,82.5
2026-04-17 11:44:14 PM,KXATPMATCH-26APR18ZVECOB-ZVE,82,3246,81,7068,80,7213,79,368,78,1035,83,1,84,5940,85,14772,86,6087,87,50,82.5
2026-04-17 11:44:14 PM,KXATPMATCH-26APR18ZVECOB-ZVE,82,3246,81,7068,80,7213,79,557,78,1035,83,1,84,5940,85,14772,86,6087,87,50,82.5
2026-04-17 11:44:14 PM,KXATPMATCH-26APR18ZVECOB-ZVE,82,3246,81,7068,80,7213,79,5557,78,1035,83,1,84,5940,85,14772,86,6087,87,50,82.5
2026-04-17 11:44:14 PM,KXATPMATCH-26APR18ZVECOB-ZVE,82,3246,81,7068,80,7213,79,5557,78,6035,83,1,84,5940,85,14772,86,6087,87,50,82.5
2026-04-17 11:45:06 PM,KXATPMATCH-26APR18ZVECOB-ZVE,82,3246,81,7068,80,7213,79,5557,78,6035,83,1,84,5540,85,14772,86,6087,87,50,82.5
2026-04-17 11:45:07 PM,KXATPMATCH-26APR18ZVECOB-ZVE,82,3246,81,7068,80,7213,79,5557,78,6035,83,1,84,7036,85,14772,86,6087,87,50,82.5
2026-04-17 11:45:12 PM,KXATPMATCH-26APR18ZVECOB-ZVE,82,3246,81,7068,80,7213,79,5557,78,6035,83,1,84,6340,85,14772,86,6087,87,50,82.5
2026-04-17 11:45:12 PM,KXATPMATCH-26APR18ZVECOB-ZVE,82,3246,81,7068,80,7213,79,5557,78,6035,83,1,84,6191,85,14772,86,6087,87,50,82.5
2026-04-17 11:45:12 PM,KXATPMATCH-26APR18ZVECOB-ZVE,82,3246,81,7068,80,7213,79,5557,78,6035,83,1,84,5467,85,14772,86,6087,87,50,82.5
2026-04-17 11:45:12 PM,KXATPMATCH-26APR18ZVECOB-ZVE,82,3266,81,7068,80,7213,79,5557,78,6035,83,1,84,5467,85,14772,86,6087,87,50,82.5
2026-04-17 11:45:12 PM,KXATPMATCH-26APR18ZVECOB-ZVE,82,3266,81,7068,80,7213,79,5557,78,6035,83,1,84,5467,85,14772,86,7108,87,50,82.5
2026-04-17 11:45:12 PM,KXATPMATCH-26APR18ZVECOB-ZVE,82,4521,81,7068,80,7213,79,5557,78,6035,83,1,84,5467,85,14772,86,7108,87,50,82.5
2026-04-17 11:45:12 PM,KXATPMATCH-26APR18ZVECOB-ZVE,82,4521,81,7068,80,7213,79,21557,78,6035,83,1,84,5467,85,14772,86,7108,87,50,82.5
2026-04-17 11:45:12 PM,KXATPMATCH-26APR18ZVECOB-ZVE,82,4521,81,7068,80,12213,79,21557,78,6035,83,1,84,5467,85,14772,86,7108,87,50,82.5
2026-04-17 11:45:12 PM,KXATPMATCH-26APR18ZVECOB-ZVE,82,4521,81,7068,80,12213,79,21368,78,6035,83,1,84,5467,85,14772,86,7108,87,50,82.5
2026-04-17 11:45:12 PM,KXATPMATCH-26APR18ZVECOB-ZVE,82,4521,81,7068,80,12213,79,21368,78,1035,83,1,84,5467,85,14772,86,7108,87,50,82.5
2026-04-17 11:45:12 PM,KXATPMATCH-26APR18ZVECOB-ZVE,82,4521,81,7253,80,12213,79,21368,78,1035,83,1,84,5467,85,14772,86,7108,87,50,82.5
2026-04-17 11:45:12 PM,KXATPMATCH-26APR18ZVECOB-ZVE,82,4521,81,7253,80,12213,79,21231,78,1035,83,1,84,5467,85,14772,86,7108,87,50,82.5
2026-04-17 11:45:13 PM,KXATPMATCH-26APR18ZVECOB-ZVE,82,4521,81,7253,80,12213,79,21303,78,1035,83,1,84,5467,85,14772,86,7108,87,50,82.5
2026-04-17 11:45:15 PM,KXATPMATCH-26APR18ZVECOB-ZVE,82,4521,81,7253,80,10368,79,21303,78,1035,83,1,84,5467,85,14772,86,7108,87,50,82.5
2026-04-17 11:45:15 PM,KXATPMATCH-26APR18ZVECOB-ZVE,82,4521,81,7253,80,8068,79,21303,78,1035,83,1,84,5467,85,14772,86,7108,87,50,82.5
2026-04-17 11:45:17 PM,KXATPMATCH-26APR18ZVECOB-ZVE,82,4521,81,7253,80,12214,79,21303,78,1035,83,1,84,5467,85,14772,86,7108,87,50,82.5
2026-04-17 11:47:39 PM,KXATPMATCH-26APR18ZVECOB-ZVE,82,4521,81,7253,80,12214,79,21335,78,1035,83,1,84,5467,85,14772,86,7108,87,50,82.5
2026-04-17 11:47:39 PM,KXATPMATCH-26APR18ZVECOB-ZVE,82,4521,81,7253,80,12214,79,21263,78,1035,83,1,84,5467,85,14772,86,7108,87,50,82.5
2026-04-17 11:48:03 PM,KXATPMATCH-26APR18ZVECOB-ZVE,82,4521,81,7253,80,12214,79,5263,78,1035,83,1,84,5467,85,14772,86,7108,87,50,82.5
2026-04-17 11:49:36 PM,KXATPMATCH-26APR18ZVECOB-ZVE,82,4521,81,7253,80,12214,79,5263,78,1035,83,1,84,5467,85,14772,86,7109,87,50,82.5
2026-04-17 11:49:37 PM,KXATPMATCH-26APR18ZVECOB-ZVE,82,4521,81,7253,80,12214,79,5263,78,1035,83,1,84,5467,85,14772,86,7108,87,50,82.5
2026-04-17 11:49:46 PM,KXATPMATCH-26APR18ZVECOB-ZVE,82,4521,81,7253,80,12214,79,5263,78,1035,83,1,84,5444,85,14772,86,7108,87,50,82.5
2026-04-17 11:53:48 PM,KXATPMATCH-26APR18ZVECOB-ZVE,82,4521,81,7253,80,12214,79,5263,78,1035,83,1,84,5415,85,14772,86,7108,87,50,82.5
2026-04-17 11:55:37 PM,KXATPMATCH-26APR18ZVECOB-ZVE,82,4521,81,7253,80,12214,79,5263,78,1035,83,1,84,5415,85,14772,86,7109,87,50,82.5
2026-04-17 11:56:12 PM,KXATPMATCH-26APR18ZVECOB-ZVE,82,4521,81,7253,80,12214,79,5263,78,1035,83,1,84,5357,85,14772,86,7109,87,50,82.5
2026-04-17 11:56:23 PM,KXATPMATCH-26APR18ZVECOB-ZVE,82,4521,81,7253,80,12214,79,5263,78,1035,83,1,84,5348,85,14772,86,7109,87,50,82.5
2026-04-17 11:56:27 PM,KXATPMATCH-26APR18ZVECOB-ZVE,82,4521,81,7253,80,12214,79,5263,78,1035,83,1,84,5278,85,14772,86,7109,87,50,82.5
2026-04-17 11:57:54 PM,KXATPMATCH-26APR18ZVECOB-ZVE,82,4521,81,7253,80,12214,79,5263,78,1035,83,1,84,5263,85,14772,86,7109,87,50,82.5
2026-04-17 11:58:02 PM,KXATPMATCH-26APR18ZVECOB-ZVE,82,4521,81,7253,80,12234,79,5263,78,1035,83,1,84,5263,85,14772,86,7109,87,50,82.5
2026-04-17 11:58:37 PM,KXATPMATCH-26APR18ZVECOB-ZVE,82,4521,81,7253,80,12234,79,5263,78,1035,83,1,84,5298,85,14772,86,7109,87,50,82.5
2026-04-17 11:58:37 PM,KXATPMATCH-26APR18ZVECOB-ZVE,82,4556,81,7253,80,12234,79,5263,78,1035,83,1,84,5298,85,14772,86,7109,87,50,82.5
2026-04-17 11:58:39 PM,KXATPMATCH-26APR18ZVECOB-ZVE,82,4556,81,7253,80,12234,79,5263,78,1035,83,1,84,5298,85,14772,86,7108,87,50,82.5
2026-04-18 12:00:07 AM,KXATPMATCH-26APR18ZVECOB-ZVE,82,4556,81,7253,80,12234,79,5263,78,1035,83,1,84,5297,85,14772,86,7108,87,50,82.5
2026-04-18 12:00:07 AM,KXATPMATCH-26APR18ZVECOB-ZVE,82,4556,81,7253,80,12234,79,5263,78,1035,83,1,84,5262,85,14772,86,7108,87,50,82.5
2026-04-18 12:00:12 AM,KXATPMATCH-26APR18ZVECOB-ZVE,82,4556,81,11399,80,12234,79,5263,78,1035,83,1,84,5262,85,14772,86,7108,87,50,82.5
2026-04-18 12:00:13 AM,KXATPMATCH-26APR18ZVECOB-ZVE,82,4556,81,11399,80,8088,79,5263,78,1035,83,1,84,5262,85,14772,86,7108,87,50,82.5
2026-04-18 12:00:13 AM,KXATPMATCH-26APR18ZVECOB-ZVE,82,4556,81,11399,80,8088,79,5263,78,1035,83,1,84,5262,85,12372,86,7108,87,50,82.5
2026-04-18 12:00:13 AM,KXATPMATCH-26APR18ZVECOB-ZVE,82,4556,81,11399,80,8088,79,5263,78,1035,83,1,84,5262,85,12372,86,9508,87,50,82.5
2026-04-18 12:00:13 AM,KXATPMATCH-26APR18ZVECOB-ZVE,82,4556,81,11399,80,8088,79,5263,78,1035,83,1,84,5262,85,11110,86,9508,87,50,82.5
2026-04-18 12:00:13 AM,KXATPMATCH-26APR18ZVECOB-ZVE,82,4556,81,11399,80,8088,79,5263,78,1035,83,1,84,5262,85,13532,86,9508,87,50,82.5
2026-04-18 12:00:18 AM,KXATPMATCH-26APR18ZVECOB-ZVE,82,4556,81,7253,80,8088,79,5263,78,1035,83,1,84,5262,85,13532,86,9508,87,50,82.5
2026-04-18 12:00:18 AM,KXATPMATCH-26APR18ZVECOB-ZVE,82,4556,81,7253,80,8088,79,5263,78,1035,83,1,84,3766,85,13532,86,9508,87,50,82.5
2026-04-18 12:00:18 AM,KXATPMATCH-26APR18ZVECOB-ZVE,82,4556,81,7253,80,8088,79,5263,78,1035,83,1,84,1813,85,13532,86,9508,87,50,82.5
2026-04-18 12:00:18 AM,KXATPMATCH-26APR18ZVECOB-ZVE,82,4556,81,7253,80,8088,79,5263,78,1035,83,1,84,1848,85,13532,86,9508,87,50,82.5
2026-04-18 12:00:19 AM,KXATPMATCH-26APR18ZVECOB-ZVE,82,4556,81,7253,80,8088,79,5263,78,1035,83,1,84,1848,85,13532,86,7108,87,50,82.5
2026-04-18 12:00:19 AM,KXATPMATCH-26APR18ZVECOB-ZVE,82,4556,81,7253,80,8088,79,5263,78,1035,83,1,84,5994,85,13532,86,7108,87,50,82.5
2026-04-18 12:00:19 AM,KXATPMATCH-26APR18ZVECOB-ZVE,82,4556,81,7253,80,8088,79,5263,78,1035,83,1,84,5994,85,13532,86,6992,87,50,82.5
2026-04-18 12:00:19 AM,KXATPMATCH-26APR18ZVECOB-ZVE,82,4556,81,7253,80,8088,79,5263,78,1035,83,1,84,5994,85,13532,86,6918,87,50,82.5
2026-04-18 12:00:19 AM,KXATPMATCH-26APR18ZVECOB-ZVE,82,4556,81,7253,80,8088,79,5263,78,1035,83,1,84,5994,85,13300,86,6918,87,50,82.5
2026-04-18 12:00:19 AM,KXATPMATCH-26APR18ZVECOB-ZVE,82,4556,81,7253,80,8088,79,5263,78,1035,83,1,84,5994,85,13153,86,6918,87,50,82.5
2026-04-18 12:00:19 AM,KXATPMATCH-26APR18ZVECOB-ZVE,82,4556,81,7253,80,8088,79,5263,78,1035,83,1,84,5787,85,13153,86,6918,87,50,82.5
2026-04-18 12:00:19 AM,KXATPMATCH-26APR18ZVECOB-ZVE,82,4556,81,7253,80,8088,79,5263,78,1035,83,1,84,5440,85,13153,86,6918,87,50,82.5
2026-04-18 12:00:19 AM,KXATPMATCH-26APR18ZVECOB-ZVE,82,4556,81,7253,80,8088,79,5263,78,1035,83,1,84,5440,85,15553,86,6918,87,50,82.5
2026-04-18 12:00:19 AM,KXATPMATCH-26APR18ZVECOB-ZVE,82,4556,81,7253,80,8088,79,5291,78,1035,83,1,84,5440,85,15553,86,6918,87,50,82.5
2026-04-18 12:00:19 AM,KXATPMATCH-26APR18ZVECOB-ZVE,82,4556,81,7253,80,8088,79,5291,78,1035,83,1,84,5440,85,13131,86,6918,87,50,82.5
2026-04-18 12:00:19 AM,KXATPMATCH-26APR18ZVECOB-ZVE,82,4556,81,7253,80,8088,79,5291,78,1035,83,1,84,5440,85,14392,86,6918,87,50,82.5
2026-04-18 12:00:19 AM,KXATPMATCH-26APR18ZVECOB-ZVE,82,4556,81,7253,80,8088,79,5291,78,1035,83,1,84,6030,85,14392,86,6918,87,50,82.5
2026-04-18 12:00:19 AM,KXATPMATCH-26APR18ZVECOB-ZVE,82,4556,81,7253,80,8088,79,5291,78,1035,83,1,84,6030,85,14785,86,6918,87,50,82.5
2026-04-18 12:00:19 AM,KXATPMATCH-26APR18ZVECOB-ZVE,82,4556,81,7253,80,8088,79,5291,78,1035,83,1,84,6030,85,14785,86,7116,87,50,82.5
2026-04-18 12:00:22 AM,KXATPMATCH-26APR18ZVECOB-ZVE,82,4556,81,7253,80,12234,79,5291,78,1035,83,1,84,6030,85,14785,86,7116,87,50,82.5
2026-04-18 12:00:28 AM,KXATPMATCH-26APR18ZVECOB-ZVE,82,4556,81,7253,80,12234,79,5263,78,1035,83,1,84,6030,85,14785,86,7116,87,50,82.5
2026-04-18 12:00:28 AM,KXATPMATCH-26APR18ZVECOB-ZVE,82,4556,81,7253,80,12234,79,20013,78,1035,83,1,84,6030,85,14785,86,7116,87,50,82.5
2026-04-18 12:00:28 AM,KXATPMATCH-26APR18ZVECOB-ZVE,82,4521,81,7253,80,12234,79,20013,78,1035,83,1,84,6030,85,14785,86,7116,87,50,82.5
2026-04-18 12:00:30 AM,KXATPMATCH-26APR18ZVECOB-ZVE,82,4521,81,11399,80,12234,79,20013,78,1035,83,1,84,6030,85,14785,86,7116,87,50,82.5
2026-04-18 12:00:30 AM,KXATPMATCH-26APR18ZVECOB-ZVE,82,4521,81,11399,80,8088,79,20013,78,1035,83,1,84,6030,85,14785,86,7116,87,50,82.5
2026-04-18 12:00:30 AM,KXATPMATCH-26APR18ZVECOB-ZVE,82,4521,81,11399,80,8088,79,20013,78,1035,83,1,84,6030,85,12385,86,7116,87,50,82.5
2026-04-18 12:00:30 AM,KXATPMATCH-26APR18ZVECOB-ZVE,82,4521,81,11399,80,8088,79,20013,78,1035,83,1,84,6030,85,12385,86,9516,87,50,82.5
2026-04-18 12:00:31 AM,KXATPMATCH-26APR18ZVECOB-ZVE,82,4521,81,11399,80,8088,79,20013,78,1035,83,1,84,6030,85,11124,86,9516,87,50,82.5
2026-04-18 12:00:31 AM,KXATPMATCH-26APR18ZVECOB-ZVE,82,4556,81,11399,80,8088,79,20013,78,1035,83,1,84,6030,85,11124,86,9516,87,50,82.5
2026-04-18 12:00:31 AM,KXATPMATCH-26APR18ZVECOB-ZVE,82,4556,81,11399,80,8088,79,20013,78,1035,83,1,84,6030,85,13546,86,9516,87,50,82.5
2026-04-18 12:00:33 AM,KXATPMATCH-26APR18ZVECOB-ZVE,82,4556,81,11399,80,8088,79,20013,78,1035,83,1,84,6001,85,13546,86,9516,87,50,82.5
2026-04-18 12:00:33 AM,KXATPMATCH-26APR18ZVECOB-ZVE,82,4556,81,11399,80,8088,79,20013,78,1035,83,1,84,5966,85,13546,86,9516,87,50,82.5
2026-04-18 12:00:42 AM,KXATPMATCH-26APR18ZVECOB-ZVE,82,4556,81,11399,80,12234,79,20013,78,1035,83,1,84,5966,85,13546,86,9516,87,50,82.5
2026-04-18 12:00:42 AM,KXATPMATCH-26APR18ZVECOB-ZVE,82,4556,81,7253,80,12234,79,20013,78,1035,83,1,84,5966,85,13546,86,9516,87,50,82.5
2026-04-18 12:00:42 AM,KXATPMATCH-26APR18ZVECOB-ZVE,82,4556,81,7253,80,12234,79,20013,78,1035,83,1,84,1820,85,13546,86,9516,87,50,82.5
2026-04-18 12:00:42 AM,KXATPMATCH-26APR18ZVECOB-ZVE,82,4521,81,7253,80,12234,79,20013,78,1035,83,1,84,1820,85,13546,86,9516,87,50,82.5
2026-04-18 12:00:42 AM,KXATPMATCH-26APR18ZVECOB-ZVE,82,4521,81,7253,80,12234,79,5263,78,1035,83,1,84,1820,85,13546,86,9516,87,50,82.5
2026-04-18 12:00:43 AM,KXATPMATCH-26APR18ZVECOB-ZVE,82,4521,81,7253,80,12234,79,5263,78,1035,83,1,84,1820,85,13546,86,7116,87,50,82.5
2026-04-18 12:00:43 AM,KXATPMATCH-26APR18ZVECOB-ZVE,82,4521,81,7253,80,12234,79,5263,78,1035,83,1,84,5966,85,13546,86,7116,87,50,82.5
2026-04-18 12:00:43 AM,KXATPMATCH-26APR18ZVECOB-ZVE,82,4521,81,7253,80,12234,79,5291,78,1035,83,1,84,5966,85,13546,86,7116,87,50,82.5
2026-04-18 12:00:43 AM,KXATPMATCH-26APR18ZVECOB-ZVE,82,4521,81,7253,80,12234,79,5291,78,1035,83,1,84,5966,85,15946,86,7116,87,50,82.5
2026-04-18 12:00:43 AM,KXATPMATCH-26APR18ZVECOB-ZVE,82,4521,81,7253,80,12234,79,5291,78,1035,83,1,84,5376,85,15946,86,7116,87,50,82.5
2026-04-18 12:00:43 AM,KXATPMATCH-26APR18ZVECOB-ZVE,82,4521,81,7253,80,12234,79,5291,78,1035,83,1,84,5376,85,15553,86,7116,87,50,82.5
2026-04-18 12:00:43 AM,KXATPMATCH-26APR18ZVECOB-ZVE,82,4521,81,7253,80,12234,79,5291,78,1035,83,1,84,5376,85,15553,86,6918,87,50,82.5
2026-04-18 12:00:43 AM,KXATPMATCH-26APR18ZVECOB-ZVE,82,4521,81,7253,80,12234,79,5291,78,1035,83,1,84,5376,85,13131,86,6918,87,50,82.5
2026-04-18 12:00:43 AM,KXATPMATCH-26APR18ZVECOB-ZVE,82,4521,81,7253,80,12234,79,5291,78,1035,83,1,84,5411,85,13131,86,6918,87,50,82.5
2026-04-18 12:00:43 AM,KXATPMATCH-26APR18ZVECOB-ZVE,82,4521,81,7253,80,12234,79,5291,78,1035,83,1,84,5411,85,14392,86,6918,87,50,82.5
2026-04-18 12:00:43 AM,KXATPMATCH-26APR18ZVECOB-ZVE,82,4521,81,7253,80,12234,79,5291,78,1035,83,1,84,6001,85,14392,86,6918,87,50,82.5
2026-04-18 12:00:43 AM,KXATPMATCH-26APR18ZVECOB-ZVE,82,4521,81,7253,80,12234,79,5291,78,1035,83,1,84,6001,85,14785,86,6918,87,50,82.5
2026-04-18 12:00:43 AM,KXATPMATCH-26APR18ZVECOB-ZVE,82,4521,81,7253,80,12234,79,5291,78,1035,83,1,84,6001,85,14785,86,7116,87,50,82.5
2026-04-18 12:00:51 AM,KXATPMATCH-26APR18ZVECOB-ZVE,82,4521,81,7253,80,12234,79,5263,78,1035,83,1,84,6001,85,14785,86,7116,87,50,82.5
2026-04-18 12:01:07 AM,KXATPMATCH-26APR18ZVECOB-ZVE,82,4521,81,7253,80,12254,79,5263,78,1035,83,1,84,6001,85,14785,86,7116,87,50,82.5
2026-04-18 12:01:13 AM,KXATPMATCH-26APR18ZVECOB-ZVE,82,4521,81,7253,80,12254,79,5263,78,1035,83,1,84,5966,85,14785,86,7116,87,50,82.5
2026-04-18 12:01:14 AM,KXATPMATCH-26APR18ZVECOB-ZVE,82,4521,81,7253,80,12254,79,17513,78,1035,83,1,84,5966,85,14785,86,7116,87,50,82.5
2026-04-18 12:01:46 AM,KXATPMATCH-26APR18ZVECOB-ZVE,82,4521,81,7253,80,12254,79,17513,78,1035,83,1,84,5966,85,14785,86,8116,87,50,82.5
2026-04-18 12:01:52 AM,KXATPMATCH-26APR18ZVECOB-ZVE,82,4521,81,7253,80,12254,79,5263,78,1035,83,1,84,5966,85,14785,86,8116,87,50,82.5
2026-04-18 12:04:39 AM,KXATPMATCH-26APR18ZVECOB-ZVE,82,4521,81,7253,80,12254,79,5263,78,1035,83,1,84,5967,85,14785,86,8116,87,50,82.5
2026-04-18 12:04:40 AM,KXATPMATCH-26APR18ZVECOB-ZVE,82,4521,81,7253,80,12254,79,5263,78,1035,83,1,84,5966,85,14785,86,8116,87,50,82.5
2026-04-18 12:06:14 AM,KXATPMATCH-26APR18ZVECOB-ZVE,82,4521,81,7253,80,12240,79,5263,78,1035,83,1,84,5966,85,14785,86,8116,87,50,82.5
2026-04-18 12:06:14 AM,KXATPMATCH-26APR18ZVECOB-ZVE,82,4521,81,7253,80,12240,79,5263,78,1035,83,1,84,5953,85,14785,86,8116,87,50,82.5
2026-04-18 12:06:14 AM,KXATPMATCH-26APR18ZVECOB-ZVE,82,4521,81,7253,80,12240,79,5263,78,1035,83,1,84,5944,85,14785,86,8116,87,50,82.5
2026-04-18 12:06:14 AM,KXATPMATCH-26APR18ZVECOB-ZVE,82,4521,81,7253,80,12240,79,5263,78,1035,83,1,84,5944,85,14771,86,8116,87,50,82.5
2026-04-18 12:06:15 AM,KXATPMATCH-26APR18ZVECOB-ZVE,82,4521,81,7253,80,12240,79,16463,78,1035,83,1,84,5944,85,14771,86,8116,87,50,82.5
2026-04-18 12:06:20 AM,KXATPMATCH-26APR18ZVECOB-ZVE,82,4521,81,7253,80,12240,79,16503,78,1035,83,1,84,5944,85,14771,86,8116,87,50,82.5
2026-04-18 12:06:20 AM,KXATPMATCH-26APR18ZVECOB-ZVE,82,4539,81,7253,80,12240,79,16503,78,1035,83,1,84,5944,85,14771,86,8116,87,50,82.5
2026-04-18 12:06:20 AM,KXATPMATCH-26APR18ZVECOB-ZVE,82,4539,81,7253,80,12240,79,16503,78,1035,83,1,84,5944,85,14780,86,8116,87,50,82.5
2026-04-18 12:06:20 AM,KXATPMATCH-26APR18ZVECOB-ZVE,82,4539,81,7253,80,12240,79,16503,78,1035,83,1,84,5944,85,14780,86,8131,87,50,82.5
2026-04-18 12:06:22 AM,KXATPMATCH-26APR18ZVECOB-ZVE,82,3284,81,7253,80,12240,79,16503,78,1035,83,1,84,5944,85,14780,86,8131,87,50,82.5
2026-04-18 12:06:22 AM,KXATPMATCH-26APR18ZVECOB-ZVE,82,3284,81,7253,80,8094,79,16503,78,1035,83,1,84,5944,85,14780,86,8131,87,50,82.5
2026-04-18 12:06:22 AM,KXATPMATCH-26APR18ZVECOB-ZVE,82,3284,81,7253,80,12240,79,16503,78,1035,83,1,84,5944,85,14780,86,8131,87,50,82.5
2026-04-18 12:06:22 AM,KXATPMATCH-26APR18ZVECOB-ZVE,82,3284,81,7253,80,8094,79,16503,78,1035,83,1,84,5944,85,14780,86,8131,87,50,82.5
2026-04-18 12:06:24 AM,KXATPMATCH-26APR18ZVECOB-ZVE,82,3284,81,7253,80,8094,79,16503,78,1035,83,1,84,5910,85,14780,86,8131,87,50,82.5
2026-04-18 12:06:25 AM,KXATPMATCH-26APR18ZVECOB-ZVE,82,3284,81,11399,80,8094,79,16503,78,1035,83,1,84,5910,85,14780,86,8131,87,50,82.5
2026-04-18 12:06:30 AM,KXATPMATCH-26APR18ZVECOB-ZVE,82,3284,81,7253,80,8094,79,16503,78,1035,83,1,84,5910,85,14780,86,8131,87,50,82.5
2026-04-18 12:06:33 AM,KXATPMATCH-26APR18ZVECOB-ZVE,82,3284,81,7253,80,12240,79,16503,78,1035,83,1,84,5910,85,14780,86,8131,87,50,82.5
2026-04-18 12:07:50 AM,KXATPMATCH-26APR18ZVECOB-ZVE,82,3284,81,7253,80,12240,79,16503,78,1035,83,1,84,5763,85,14780,86,8131,87,50,82.5
2026-04-18 12:08:01 AM,KXATPMATCH-26APR18ZVECOB-ZVE,82,3284,81,7253,80,12240,79,5303,78,1035,83,1,84,5763,85,14780,86,8131,87,50,82.5
2026-04-18 12:08:02 AM,KXATPMATCH-26APR18ZVECOB-ZVE,82,3284,81,7253,80,12240,79,16453,78,1035,83,1,84,5763,85,14780,86,8131,87,50,82.5
2026-04-18 12:09:10 AM,KXATPMATCH-26APR18ZVECOB-ZVE,82,3266,81,7253,80,12240,79,16453,78,1035,83,1,84,5763,85,14780,86,8131,87,50,82.5
2026-04-18 12:09:10 AM,KXATPMATCH-26APR18ZVECOB-ZVE,82,3266,81,7253,80,12240,79,16453,78,1035,83,1,84,5763,85,14780,86,8116,87,50,82.5
2026-04-18 12:09:10 AM,KXATPMATCH-26APR18ZVECOB-ZVE,82,3266,81,7253,80,12251,79,16453,78,1035,83,1,84,5763,85,14780,86,8116,87,50,82.5
2026-04-18 12:09:10 AM,KXATPMATCH-26APR18ZVECOB-ZVE,82,3266,81,7253,80,12251,79,16453,78,1035,83,1,84,5785,85,14780,86,8116,87,50,82.5
2026-04-18 12:09:10 AM,KXATPMATCH-26APR18ZVECOB-ZVE,82,3266,81,7253,80,12251,79,16453,78,1035,83,1,84,5785,85,14785,86,8116,87,50,82.5
2026-04-18 12:09:24 AM,KXATPMATCH-26APR18ZVECOB-ZVE,82,3266,81,7253,80,7251,79,16453,78,1035,83,1,84,5785,85,14785,86,8116,87,50,82.5
2026-04-18 12:09:24 AM,KXATPMATCH-26APR18ZVECOB-ZVE,82,3266,81,7253,80,7251,79,16453,78,6035,83,1,84,5785,85,14785,86,8116,87,50,82.5
2026-04-18 12:09:24 AM,KXATPMATCH-26APR18ZVECOB-ZVE,82,3266,81,7253,80,7251,79,5303,78,6035,83,1,84,5785,85,14785,86,8116,87,50,82.5
2026-04-18 12:09:25 AM,KXATPMATCH-26APR18ZVECOB-ZVE,82,3266,81,7253,80,7251,79,15853,78,6035,83,1,84,5785,85,14785,86,8116,87,50,82.5
2026-04-18 12:10:11 AM,KXATPMATCH-26APR18ZVECOB-ZVE,82,3266,81,7253,80,7251,79,5303,78,6035,83,1,84,5785,85,14785,86,8116,87,50,82.5
2026-04-18 12:10:32 AM,KXATPMATCH-26APR18ZVECOB-ZVE,82,3266,81,7253,80,7251,79,5303,78,6035,83,1,84,5786,85,14785,86,8116,87,50,82.5
2026-04-18 12:10:32 AM,KXATPMATCH-26APR18ZVECOB-ZVE,82,3266,81,7253,80,7251,79,5303,78,6035,83,1,84,5821,85,14785,86,8116,87,50,82.5
2026-04-18 12:10:32 AM,KXATPMATCH-26APR18ZVECOB-ZVE,82,3301,81,7253,80,7251,79,5303,78,6035,83,1,84,5821,85,14785,86,8116,87,50,82.5
2026-04-18 12:10:32 AM,KXATPMATCH-26APR18ZVECOB-ZVE,82,3301,81,7253,80,7251,79,5303,78,6035,83,1,84,5820,85,14785,86,8116,87,50,82.5
2026-04-18 12:10:40 AM,KXATPMATCH-26APR18ZVECOB-ZVE,82,3301,81,7253,80,7251,79,5303,78,6035,83,1,84,5821,85,14785,86,8116,87,50,82.5
2026-04-18 12:10:41 AM,KXATPMATCH-26APR18ZVECOB-ZVE,82,3301,81,7253,80,7251,79,5303,78,6035,83,1,84,5820,85,14785,86,8116,87,50,82.5
2026-04-18 12:11:17 AM,KXATPMATCH-26APR18ZVECOB-ZVE,82,3301,81,7253,80,7251,79,5303,78,6035,83,1,84,5810,85,14785,86,8116,87,50,82.5
2026-04-18 12:11:17 AM,KXATPMATCH-26APR18ZVECOB-ZVE,82,3301,81,7253,80,7251,79,5303,78,6035,83,1,84,5775,85,14785,86,8116,87,50,82.5
2026-04-18 12:12:42 AM,KXATPMATCH-26APR18ZVECOB-ZVE,82,3301,81,7253,80,7251,79,16903,78,6035,83,1,84,5775,85,14785,86,8116,87,50,82.5
2026-04-18 12:12:42 AM,KXATPMATCH-26APR18ZVECOB-ZVE,82,3266,81,7253,80,7251,79,16903,78,6035,83,1,84,5775,85,14785,86,8116,87,50,82.5
2026-04-18 12:12:51 AM,KXATPMATCH-26APR18ZVECOB-ZVE,82,3266,81,7253,80,7251,79,5303,78,6035,83,1,84,5775,85,14785,86,8116,87,50,82.5
2026-04-18 12:16:32 AM,KXATPMATCH-26APR18ZVECOB-ZVE,82,3266,81,7253,80,7251,79,5303,78,6035,83,1,84,5776,85,14785,86,8116,87,50,82.5
2026-04-18 12:16:34 AM,KXATPMATCH-26APR18ZVECOB-ZVE,82,3266,81,7253,80,7251,79,5303,78,6035,83,1,84,5775,85,14785,86,8116,87,50,82.5
2026-04-18 12:16:41 AM,KXATPMATCH-26APR18ZVECOB-ZVE,82,3266,81,7253,80,7251,79,5303,78,6035,83,1,84,5776,85,14785,86,8116,87,50,82.5
2026-04-18 12:16:41 AM,KXATPMATCH-26APR18ZVECOB-ZVE,82,3266,81,7253,80,7251,79,5303,78,6035,83,1,84,5775,85,14785,86,8116,87,50,82.5
2026-04-18 12:18:46 AM,KXATPMATCH-26APR18ZVECOB-ZVE,82,3266,81,7253,80,7251,79,5303,78,6035,83,1,84,5790,85,14785,86,8116,87,50,82.5
2026-04-18 12:20:46 AM,KXATPMATCH-26APR18ZVECOB-ZVE,82,3266,81,7253,80,7251,79,5303,78,6035,83,1,84,5775,85,14785,86,8116,87,50,82.5
2026-04-18 12:20:46 AM,KXATPMATCH-26APR18ZVECOB-ZVE,82,3266,81,7253,80,7251,79,5303,78,6035,83,1,84,5790,85,14785,86,8116,87,50,82.5
2026-04-18 12:22:35 AM,KXATPMATCH-26APR18ZVECOB-ZVE,82,3266,81,7253,80,7251,79,5303,78,6035,83,1,84,5791,85,14785,86,8116,87,50,82.5
2026-04-18 12:22:36 AM,KXATPMATCH-26APR18ZVECOB-ZVE,82,3266,81,7253,80,7251,79,5303,78,6035,83,1,84,5790,85,14785,86,8116,87,50,82.5
2026-04-18 12:22:43 AM,KXATPMATCH-26APR18ZVECOB-ZVE,82,3266,81,7253,80,7251,79,5303,78,6035,83,1,84,5791,85,14785,86,8116,87,50,82.5
2026-04-18 12:22:43 AM,KXATPMATCH-26APR18ZVECOB-ZVE,82,3266,81,7253,80,7251,79,5303,78,6035,83,1,84,5790,85,14785,86,8116,87,50,82.5
2026-04-18 12:26:26 AM,KXATPMATCH-26APR18ZVECOB-ZVE,82,3266,81,7253,80,7251,79,5303,78,6035,83,1,84,5775,85,14785,86,8116,87,50,82.5
2026-04-18 12:26:30 AM,KXATPMATCH-26APR18ZVECOB-ZVE,82,3266,81,7253,80,7251,79,5303,78,6035,83,1,84,5577,85,14785,86,8116,87,50,82.5
2026-04-18 12:26:30 AM,KXATPMATCH-26APR18ZVECOB-ZVE,82,3266,81,7253,80,7251,79,5303,78,6035,83,1,84,5557,85,14785,86,8116,87,50,82.5
2026-04-18 12:26:30 AM,KXATPMATCH-26APR18ZVECOB-ZVE,82,3266,81,7253,80,7251,79,5303,78,6035,83,1,84,4789,85,14785,86,8116,87,50,82.5
2026-04-18 12:26:30 AM,KXATPMATCH-26APR18ZVECOB-ZVE,82,3266,81,7253,80,7251,79,5303,78,6035,83,1,84,4779,85,14785,86,8116,87,50,82.5
2026-04-18 12:26:30 AM,KXATPMATCH-26APR18ZVECOB-ZVE,82,3266,81,7253,80,7251,79,5303,78,6035,83,1,84,4769,85,14785,86,8116,87,50,82.5
2026-04-18 12:26:30 AM,KXATPMATCH-26APR18ZVECOB-ZVE,82,3266,81,7253,80,7251,79,5303,78,6035,83,1,84,4768,85,14785,86,8116,87,50,82.5
2026-04-18 12:26:30 AM,KXATPMATCH-26APR18ZVECOB-ZVE,82,3266,81,7253,80,7251,79,5303,78,6035,83,1,84,3421,85,14785,86,8116,87,50,82.5
2026-04-18 12:26:30 AM,KXATPMATCH-26APR18ZVECOB-ZVE,82,3266,81,7253,80,7251,79,5303,78,6035,83,1,84,4712,85,14785,86,8116,87,50,82.5
2026-04-18 12:26:30 AM,KXATPMATCH-26APR18ZVECOB-ZVE,82,3266,81,7253,80,7251,79,14403,78,6035,83,1,84,4712,85,14785,86,8116,87,50,82.5
2026-04-18 12:26:30 AM,KXATPMATCH-26APR18ZVECOB-ZVE,82,3374,81,7253,80,7251,79,14403,78,6035,83,1,84,4712,85,14785,86,8116,87,50,82.5
2026-04-18 12:26:30 AM,KXATPMATCH-26APR18ZVECOB-ZVE,82,3374,81,7275,80,7251,79,14403,78,6035,83,1,84,4712,85,14785,86,8116,87,50,82.5
2026-04-18 12:26:30 AM,KXATPMATCH-26APR18ZVECOB-ZVE,82,3374,81,7275,80,7251,79,14403,78,6035,83,1,84,4712,85,14785,86,8116,87,1124,82.5
2026-04-18 12:26:32 AM,KXATPMATCH-26APR18ZVECOB-ZVE,82,3375,81,7275,80,7251,79,14403,78,6035,83,1,84,4712,85,14785,86,8116,87,1124,82.5
2026-04-18 12:26:54 AM,KXATPMATCH-26APR18ZVECOB-ZVE,82,3375,81,7275,80,7251,79,14403,78,6035,83,1,84,4181,85,14785,86,8116,87,1124,82.5
2026-04-18 12:27:17 AM,KXATPMATCH-26APR18ZVECOB-ZVE,82,3375,81,7275,80,7251,79,14403,78,6035,83,1,84,4180,85,14785,86,8116,87,1124,82.5
2026-04-18 12:27:18 AM,KXATPMATCH-26APR18ZVECOB-ZVE,82,3375,81,7275,80,7251,79,16403,78,6035,83,1,84,4180,85,14785,86,8116,87,1124,82.5
2026-04-18 12:27:47 AM,KXATPMATCH-26APR18ZVECOB-ZVE,82,3375,81,7275,80,7251,79,7303,78,6035,83,1,84,4180,85,14785,86,8116,87,1124,82.5
2026-04-18 12:27:53 AM,KXATPMATCH-26APR18ZVECOB-ZVE,82,3385,81,7275,80,7251,79,7303,78,6035,83,1,84,4180,85,14785,86,8116,87,1124,82.5
2026-04-18 12:27:54 AM,KXATPMATCH-26APR18ZVECOB-ZVE,82,3395,81,7275,80,7251,79,7303,78,6035,83,1,84,4180,85,14785,86,8116,87,1124,82.5
2026-04-18 12:28:01 AM,KXATPMATCH-26APR18ZVECOB-ZVE,82,3395,81,7275,80,7251,79,7303,78,6035,83,1,84,4195,85,14785,86,8116,87,1124,82.5
2026-04-18 12:28:36 AM,KXATPMATCH-26APR18ZVECOB-ZVE,82,3395,81,7275,80,7251,79,7303,78,6035,83,1,84,4196,85,14785,86,8116,87,1124,82.5
2026-04-18 12:28:38 AM,KXATPMATCH-26APR18ZVECOB-ZVE,82,3395,81,7275,80,7251,79,7303,78,6035,83,1,84,4195,85,14785,86,8116,87,1124,82.5
2026-04-18 12:28:43 AM,KXATPMATCH-26APR18ZVECOB-ZVE,82,3395,81,7275,80,7251,79,7303,78,6035,83,1,84,4196,85,14785,86,8116,87,1124,82.5
2026-04-18 12:28:44 AM,KXATPMATCH-26APR18ZVECOB-ZVE,82,3395,81,7275,80,7251,79,7303,78,6035,83,1,84,4195,85,14785,86,8116,87,1124,82.5
2026-04-18 12:29:36 AM,KXATPMATCH-26APR18ZVECOB-ZVE,82,3395,81,7275,80,7251,79,16403,78,6035,83,1,84,4195,85,14785,86,8116,87,1124,82.5
2026-04-18 12:29:45 AM,KXATPMATCH-26APR18ZVECOB-ZVE,82,3395,81,7275,80,7251,79,16403,78,6035,83,1,84,4230,85,14785,86,8116,87,1124,82.5
2026-04-18 12:30:11 AM,KXATPMATCH-26APR18ZVECOB-ZVE,82,3395,81,7275,80,7251,79,16403,78,6035,83,1,84,4215,85,14785,86,8116,87,1124,82.5
2026-04-18 12:30:14 AM,KXATPMATCH-26APR18ZVECOB-ZVE,82,3395,81,7275,80,7251,79,14403,78,6035,83,1,84,4215,85,14785,86,8116,87,1124,82.5
2026-04-18 12:31:21 AM,KXATPMATCH-26APR18ZVECOB-ZVE,82,3395,81,7275,80,7251,79,5303,78,6035,83,1,84,4215,85,14785,86,8116,87,1124,82.5
2026-04-18 12:31:34 AM,KXATPMATCH-26APR18ZVECOB-ZVE,82,3395,81,7275,80,7251,79,5303,78,6035,83,1,84,4230,85,14785,86,8116,87,1124,82.5
2026-04-18 12:32:22 AM,KXATPMATCH-26APR18ZVECOB-ZVE,82,3395,81,7275,80,7251,79,5303,78,6035,83,1,84,4215,85,14785,86,8116,87,1124,82.5
2026-04-18 12:32:22 AM,KXATPMATCH-26APR18ZVECOB-ZVE,82,3395,81,7275,80,7251,79,5303,78,6035,83,1,84,4180,85,14785,86,8116,87,1124,82.5
2026-04-18 12:33:44 AM,KXATPMATCH-26APR18ZVECOB-ZVE,82,3395,81,7275,80,7251,79,5303,78,6035,83,1,84,4165,85,14785,86,8116,87,1124,82.5
2026-04-18 12:34:38 AM,KXATPMATCH-26APR18ZVECOB-ZVE,82,3395,81,7275,80,7251,79,5303,78,6035,83,1,84,4166,85,14785,86,8116,87,1124,82.5
2026-04-18 12:34:38 AM,KXATPMATCH-26APR18ZVECOB-ZVE,82,3395,81,7275,80,7251,79,5303,78,6035,83,1,84,4165,85,14785,86,8116,87,1124,82.5
2026-04-18 12:34:45 AM,KXATPMATCH-26APR18ZVECOB-ZVE,82,3395,81,7275,80,7251,79,5303,78,6035,83,1,84,4166,85,14785,86,8116,87,1124,82.5
2026-04-18 12:34:45 AM,KXATPMATCH-26APR18ZVECOB-ZVE,82,3395,81,7275,80,7251,79,5303,78,6035,83,1,84,4165,85,14785,86,8116,87,1124,82.5
2026-04-18 12:35:21 AM,KXATPMATCH-26APR18ZVECOB-ZVE,82,3395,81,7275,80,7251,79,5303,78,6035,83,1,84,4180,85,14785,86,8116,87,1124,82.5
2026-04-18 12:37:18 AM,KXATPMATCH-26APR18ZVECOB-ZVE,82,3395,81,7275,80,7251,79,5303,78,6035,83,1,84,4177,85,14785,86,8116,87,1124,82.5
2026-04-18 12:37:26 AM,KXATPMATCH-26APR18ZVECOB-ZVE,82,3395,81,7275,80,7251,79,5303,78,6035,83,1,84,4162,85,14785,86,8116,87,1124,82.5
2026-04-18 12:38:41 AM,KXATPMATCH-26APR18ZVECOB-ZVE,82,3395,81,7275,80,7251,79,5303,78,6035,83,1,84,4177,85,14785,86,8116,87,1124,82.5
2026-04-18 12:38:46 AM,KXATPMATCH-26APR18ZVECOB-ZVE,82,3395,81,7275,80,7251,79,5303,78,6035,83,1,84,3015,85,14785,86,8116,87,1124,82.5
2026-04-18 12:38:46 AM,KXATPMATCH-26APR18ZVECOB-ZVE,82,3395,81,7275,80,3105,79,5303,78,6035,83,1,84,3015,85,14785,86,8116,87,1124,82.5
2026-04-18 12:39:12 AM,KXATPMATCH-26APR18ZVECOB-ZVE,82,3395,81,7275,80,3105,79,5303,78,6035,83,1,84,3153,85,14785,86,8116,87,1124,82.5
2026-04-18 12:39:13 AM,KXATPMATCH-26APR18ZVECOB-ZVE,82,3395,81,7275,80,3105,79,15903,78,6035,83,1,84,3153,85,14785,86,8116,87,1124,82.5
2026-04-18 12:39:13 AM,KXATPMATCH-26APR18ZVECOB-ZVE,82,3395,81,7275,80,7251,79,15903,78,6035,83,1,84,3153,85,14785,86,8116,87,1124,82.5
2026-04-18 12:39:25 AM,KXATPMATCH-26APR18ZVECOB-ZVE,82,3395,81,7275,80,7251,79,5303,78,6035,83,1,84,3153,85,14785,86,8116,87,1124,82.5
2026-04-18 12:39:42 AM,KXATPMATCH-26APR18ZVECOB-ZVE,82,3395,81,7275,80,7251,79,5303,78,6035,83,1,84,3015,85,14785,86,8116,87,1124,82.5
2026-04-18 12:40:40 AM,KXATPMATCH-26APR18ZVECOB-ZVE,82,3395,81,7275,80,7251,79,5303,78,6035,83,1,84,3016,85,14785,86,8116,87,1124,82.5
2026-04-18 12:40:42 AM,KXATPMATCH-26APR18ZVECOB-ZVE,82,3395,81,7275,80,7251,79,5303,78,6035,83,1,84,3015,85,14785,86,8116,87,1124,82.5
2026-04-18 12:40:46 AM,KXATPMATCH-26APR18ZVECOB-ZVE,82,3395,81,7275,80,7251,79,5303,78,6035,83,1,84,3000,85,14785,86,8116,87,1124,82.5
2026-04-18 12:40:52 AM,KXATPMATCH-26APR18ZVECOB-ZVE,82,3395,81,7275,80,7251,79,15853,78,6035,83,1,84,3000,85,14785,86,8116,87,1124,82.5
2026-04-18 12:41:29 AM,KXATPMATCH-26APR18ZVECOB-ZVE,82,3395,81,7275,80,7251,79,15853,78,6035,83,1,84,2965,85,14785,86,8116,87,1124,82.5
2026-04-18 12:41:31 AM,KXATPMATCH-26APR18ZVECOB-ZVE,82,3395,81,7275,80,7251,79,5303,78,6035,83,1,84,2965,85,14785,86,8116,87,1124,82.5
2026-04-18 12:42:20 AM,KXATPMATCH-26APR18ZVECOB-ZVE,82,3395,81,7275,80,7251,79,5303,78,6035,83,1,84,2980,85,14785,86,8116,87,1124,82.5
2026-04-18 12:42:20 AM,KXATPMATCH-26APR18ZVECOB-ZVE,82,3395,81,7275,80,7251,79,15853,78,6035,83,1,84,2980,85,14785,86,8116,87,1124,82.5
2026-04-18 12:42:36 AM,KXATPMATCH-26APR18ZVECOB-ZVE,82,3395,81,7275,80,7251,79,16853,78,6035,83,1,84,2980,85,14785,86,8116,87,1124,82.5
2026-04-18 12:44:20 AM,KXATPMATCH-26APR18ZVECOB-ZVE,82,3395,81,7275,80,7251,79,6303,78,6035,83,1,84,2980,85,14785,86,8116,87,1124,82.5
2026-04-18 12:44:45 AM,KXATPMATCH-26APR18ZVECOB-ZVE,82,3395,81,7275,80,7251,79,6303,78,6035,83,1,84,2965,85,14785,86,8116,87,1124,82.5
2026-04-18 12:45:11 AM,KXATPMATCH-26APR18ZVECOB-ZVE,82,3395,81,7275,80,7251,79,6303,78,6035,83,1,84,2980,85,14785,86,8116,87,1124,82.5
2026-04-18 12:45:11 AM,KXATPMATCH-26APR18ZVECOB-ZVE,82,3395,81,7275,80,7251,79,6303,78,6035,83,1,84,3015,85,14785,86,8116,87,1124,82.5
2026-04-18 12:45:26 AM,KXATPMATCH-26APR18ZVECOB-ZVE,82,3395,81,7275,80,7251,79,5303,78,6035,83,1,84,3015,85,14785,86,8116,87,1124,82.5
2026-04-18 12:46:44 AM,KXATPMATCH-26APR18ZVECOB-ZVE,82,3395,81,7275,80,7251,79,5303,78,6035,83,1,84,3016,85,14785,86,8116,87,1124,82.5
2026-04-18 12:46:44 AM,KXATPMATCH-26APR18ZVECOB-ZVE,82,3395,81,7275,80,7251,79,5303,78,6035,83,1,84,3015,85,14785,86,8116,87,1124,82.5
2026-04-18 12:47:13 AM,KXATPMATCH-26APR18ZVECOB-ZVE,82,3395,81,7275,80,7251,79,15403,78,6035,83,1,84,3015,85,14785,86,8116,87,1124,82.5
2026-04-18 12:47:20 AM,KXATPMATCH-26APR18ZVECOB-ZVE,82,3395,81,7275,80,7251,79,15403,78,6035,83,1,84,3000,85,14785,86,8116,87,1124,82.5
2026-04-18 12:47:51 AM,KXATPMATCH-26APR18ZVECOB-ZVE,82,3395,81,7275,80,7251,79,5303,78,6035,83,1,84,3000,85,14785,86,8116,87,1124,82.5
2026-04-18 12:47:51 AM,KXATPMATCH-26APR18ZVECOB-ZVE,82,3395,81,7275,80,7251,79,14853,78,6035,83,1,84,3000,85,14785,86,8116,87,1124,82.5
2026-04-18 12:47:59 AM,KXATPMATCH-26APR18ZVECOB-ZVE,82,3395,81,7275,80,7251,79,5303,78,6035,83,1,84,3000,85,14785,86,8116,87,1124,82.5
2026-04-18 12:48:00 AM,KXATPMATCH-26APR18ZVECOB-ZVE,82,3395,81,7275,80,7251,79,13853,78,6035,83,1,84,3000,85,14785,86,8116,87,1124,82.5
2026-04-18 12:48:00 AM,KXATPMATCH-26APR18ZVECOB-ZVE,82,3395,81,7275,80,7251,79,5303,78,6035,83,1,84,3000,85,14785,86,8116,87,1124,82.5
2026-04-18 12:48:30 AM,KXATPMATCH-26APR18ZVECOB-ZVE,82,3395,81,7275,80,7251,79,5303,78,6035,83,1,84,2970,85,14785,86,8116,87,1124,82.5
2026-04-18 12:48:40 AM,KXATPMATCH-26APR18ZVECOB-ZVE,82,3395,81,7275,80,7251,79,11853,78,6035,83,1,84,2970,85,14785,86,8116,87,1124,82.5
2026-04-18 12:48:41 AM,KXATPMATCH-26APR18ZVECOB-ZVE,82,3395,81,7275,80,7251,79,11853,78,6035,83,1,84,2985,85,14785,86,8116,87,1124,82.5
2026-04-18 12:50:46 AM,KXATPMATCH-26APR18ZVECOB-ZVE,82,3395,81,7275,80,7251,79,11853,78,6035,83,1,84,2970,85,14785,86,8116,87,1124,82.5
2026-04-18 12:51:25 AM,KXATPMATCH-26APR18ZVECOB-ZVE,82,3395,81,7275,80,7251,79,11853,78,6035,83,1,84,2965,85,14785,86,8116,87,1124,82.5
2026-04-18 12:51:31 AM,KXATPMATCH-26APR18ZVECOB-ZVE,82,3395,81,7275,80,7251,79,5303,78,6035,83,1,84,2965,85,14785,86,8116,87,1124,82.5
2026-04-18 12:52:26 AM,KXATPMATCH-26APR18ZVECOB-ZVE,82,3395,81,7275,80,7251,79,5303,78,6035,83,1,84,2918,85,14785,86,8116,87,1124,82.5
2026-04-18 12:52:27 AM,KXATPMATCH-26APR18ZVECOB-ZVE,82,3395,81,7275,80,7251,79,5303,78,6035,83,1,84,3839,85,14785,86,8116,87,1124,82.5
2026-04-18 12:52:38 AM,KXATPMATCH-26APR18ZVECOB-ZVE,82,3395,81,7275,80,7251,79,5303,78,6035,83,1,84,4808,85,14785,86,8116,87,1124,82.5
2026-04-18 12:52:51 AM,KXATPMATCH-26APR18ZVECOB-ZVE,82,3395,81,7275,80,7251,79,5303,78,6035,83,1,84,3839,85,14785,86,8116,87,1124,82.5
2026-04-18 12:52:51 AM,KXATPMATCH-26APR18ZVECOB-ZVE,82,3395,81,7275,80,7251,79,5303,78,6035,83,1,84,3751,85,14785,86,8116,87,1124,82.5
2026-04-18 12:52:51 AM,KXATPMATCH-26APR18ZVECOB-ZVE,82,3395,81,11421,80,7251,79,5303,78,6035,83,1,84,3751,85,14785,86,8116,87,1124,82.5
2026-04-18 12:52:52 AM,KXATPMATCH-26APR18ZVECOB-ZVE,82,3395,81,11421,80,3105,79,5303,78,6035,83,1,84,3751,85,14785,86,8116,87,1124,82.5
2026-04-18 12:53:18 AM,KXATPMATCH-26APR18ZVECOB-ZVE,82,3395,81,11421,80,3105,79,5303,78,6035,83,1,84,3752,85,14785,86,8116,87,1124,82.5
2026-04-18 12:53:20 AM,KXATPMATCH-26APR18ZVECOB-ZVE,82,3395,81,11421,80,3105,79,5303,78,6035,83,1,84,3751,85,14785,86,8116,87,1124,82.5
2026-04-18 12:53:49 AM,KXATPMATCH-26APR18ZVECOB-ZVE,82,3395,81,11421,80,3105,79,5303,78,6035,83,1,84,3766,85,14785,86,8116,87,1124,82.5
2026-04-18 12:54:16 AM,KXATPMATCH-26APR18ZVECOB-ZVE,82,3395,81,11421,80,3105,79,5303,78,6035,83,1,84,3801,85,14785,86,8116,87,1124,82.5
2026-04-18 12:54:16 AM,KXATPMATCH-26APR18ZVECOB-ZVE,82,3430,81,11421,80,3105,79,5303,78,6035,83,1,84,3801,85,14785,86,8116,87,1124,82.5
2026-04-18 12:55:45 AM,KXATPMATCH-26APR18ZVECOB-ZVE,82,3430,81,11421,80,3105,79,5303,78,6035,83,1,84,3802,85,14785,86,8116,87,1124,82.5
2026-04-18 12:55:46 AM,KXATPMATCH-26APR18ZVECOB-ZVE,82,3430,81,11421,80,3105,79,5303,78,6035,83,1,84,3801,85,14785,86,8116,87,1124,82.5
2026-04-18 12:55:48 AM,KXATPMATCH-26APR18ZVECOB-ZVE,82,3430,81,11421,80,3105,79,5303,78,6035,83,1,84,3786,85,14785,86,8116,87,1124,82.5
2026-04-18 12:56:36 AM,KXATPMATCH-26APR18ZVECOB-ZVE,82,3430,81,11421,80,3105,79,5303,78,6035,83,1,84,3601,85,14785,86,8116,87,1124,82.5
2026-04-18 12:56:36 AM,KXATPMATCH-26APR18ZVECOB-ZVE,82,3430,81,11421,80,3105,79,5303,78,6035,83,1,84,3566,85,14785,86,8116,87,1124,82.5
2026-04-18 12:56:36 AM,KXATPMATCH-26APR18ZVECOB-ZVE,82,3430,81,11421,80,3105,79,5303,78,6035,83,1,84,3748,85,14785,86,8116,87,1124,82.5
2026-04-18 12:56:38 AM,KXATPMATCH-26APR18ZVECOB-ZVE,82,3430,81,11421,80,3105,79,5303,78,6035,83,1,84,3432,85,14785,86,8116,87,1124,82.5
2026-04-18 12:56:38 AM,KXATPMATCH-26APR18ZVECOB-ZVE,82,3430,81,11421,80,3105,79,5303,78,6035,83,1,84,3410,85,14785,86,8116,87,1124,82.5
2026-04-18 12:56:38 AM,KXATPMATCH-26APR18ZVECOB-ZVE,82,3430,81,11421,80,3105,79,5303,78,6035,83,1,84,3168,85,14785,86,8116,87,1124,82.5
2026-04-18 12:56:38 AM,KXATPMATCH-26APR18ZVECOB-ZVE,82,3430,81,11421,80,3105,79,5303,78,6035,83,1,84,3203,85,14785,86,8116,87,1124,82.5
2026-04-18 12:56:38 AM,KXATPMATCH-26APR18ZVECOB-ZVE,82,3430,81,11421,80,3094,79,5303,78,6035,83,1,84,3203,85,14785,86,8116,87,1124,82.5
2026-04-18 12:56:38 AM,KXATPMATCH-26APR18ZVECOB-ZVE,82,3443,81,11421,80,3094,79,5303,78,6035,83,1,84,3203,85,14785,86,8116,87,1124,82.5
2026-04-18 12:56:38 AM,KXATPMATCH-26APR18ZVECOB-ZVE,82,3443,81,11421,80,3094,79,5303,78,6035,83,1,84,3217,85,14785,86,8116,87,1124,82.5
2026-04-18 12:56:38 AM,KXATPMATCH-26APR18ZVECOB-ZVE,82,3443,81,11421,80,3094,79,5303,78,6035,83,1,84,3182,85,14785,86,8116,87,1124,82.5
2026-04-18 12:56:38 AM,KXATPMATCH-26APR18ZVECOB-ZVE,82,3443,81,11421,80,3094,79,5303,78,6035,83,1,84,3394,85,14785,86,8116,87,1124,82.5
2026-04-18 12:56:41 AM,KXATPMATCH-26APR18ZVECOB-ZVE,82,3443,81,7275,80,3094,79,5303,78,6035,83,1,84,3394,85,14785,86,8116,87,1124,82.5
2026-04-18 12:56:41 AM,KXATPMATCH-26APR18ZVECOB-ZVE,82,3443,81,7275,80,3094,79,5303,78,6035,83,1,84,3429,85,14785,86,8116,87,1124,82.5
2026-04-18 12:56:41 AM,KXATPMATCH-26APR18ZVECOB-ZVE,82,3443,81,11421,80,3094,79,5303,78,6035,83,1,84,3429,85,14785,86,8116,87,1124,82.5
2026-04-18 12:56:41 AM,KXATPMATCH-26APR18ZVECOB-ZVE,82,3443,81,11421,80,3094,79,5263,78,6035,83,1,84,3429,85,14785,86,8116,87,1124,82.5
2026-04-18 12:56:41 AM,KXATPMATCH-26APR18ZVECOB-ZVE,82,3443,81,11421,80,3094,79,5263,78,1035,83,1,84,3429,85,14785,86,8116,87,1124,82.5
2026-04-18 12:56:42 AM,KXATPMATCH-26APR18ZVECOB-ZVE,82,3443,81,11421,80,8094,79,5263,78,1035,83,1,84,3429,85,14785,86,8116,87,1124,82.5
2026-04-18 12:56:42 AM,KXATPMATCH-26APR18ZVECOB-ZVE,82,3443,81,11421,80,8094,79,5303,78,1035,83,1,84,3429,85,14785,86,8116,87,1124,82.5
2026-04-18 12:56:42 AM,KXATPMATCH-26APR18ZVECOB-ZVE,82,3443,81,11421,80,3094,79,5303,78,1035,83,1,84,3429,85,14785,86,8116,87,1124,82.5
2026-04-18 12:58:10 AM,KXATPMATCH-26APR18ZVECOB-ZVE,82,3443,81,11421,80,3094,79,5303,78,1035,83,1,84,3255,85,14785,86,8116,87,1124,82.5
2026-04-18 12:58:10 AM,KXATPMATCH-26APR18ZVECOB-ZVE,82,3443,81,11421,80,3094,79,5303,78,6035,83,1,84,3255,85,14785,86,8116,87,1124,82.5
2026-04-18 12:58:10 AM,KXATPMATCH-26APR18ZVECOB-ZVE,82,3443,81,11421,80,3094,79,5303,78,6035,83,1,84,3220,85,14785,86,8116,87,1124,82.5
2026-04-18 12:59:21 AM,KXATPMATCH-26APR18ZVECOB-ZVE,82,3443,81,11421,80,3094,79,5303,78,6035,83,1,84,3221,85,14785,86,8116,87,1124,82.5
2026-04-18 12:59:21 AM,KXATPMATCH-26APR18ZVECOB-ZVE,82,3443,81,11421,80,3094,79,5303,78,6035,83,1,84,3256,85,14785,86,8116,87,1124,82.5
2026-04-18 12:59:21 AM,KXATPMATCH-26APR18ZVECOB-ZVE,82,3443,81,11421,80,3094,79,5303,78,6035,83,1,84,3255,85,14785,86,8116,87,1124,82.5
2026-04-18 01:00:15 AM,KXATPMATCH-26APR18ZVECOB-ZVE,82,3443,81,11421,80,3094,79,5303,78,6035,83,1,84,3255,85,12385,86,8116,87,1124,82.5
2026-04-18 01:00:15 AM,KXATPMATCH-26APR18ZVECOB-ZVE,82,3443,81,11421,80,3094,79,5303,78,6035,83,1,84,3255,85,12385,86,10516,87,1124,82.5
2026-04-18 01:00:15 AM,KXATPMATCH-26APR18ZVECOB-ZVE,82,3443,81,11421,80,3094,79,5303,78,6035,83,1,84,3255,85,11992,86,10516,87,1124,82.5
2026-04-18 01:00:15 AM,KXATPMATCH-26APR18ZVECOB-ZVE,82,3443,81,11421,80,3094,79,5303,78,6035,83,1,84,3255,85,11992,86,10318,87,1124,82.5
2026-04-18 01:00:15 AM,KXATPMATCH-26APR18ZVECOB-ZVE,82,3443,81,11421,80,3094,79,5303,78,6035,83,1,84,3073,85,11992,86,10318,87,1124,82.5
2026-04-18 01:00:15 AM,KXATPMATCH-26APR18ZVECOB-ZVE,82,3443,81,11421,80,3094,79,5303,78,6035,83,1,84,2861,85,11992,86,10318,87,1124,82.5
2026-04-18 01:00:15 AM,KXATPMATCH-26APR18ZVECOB-ZVE,82,3443,81,11421,80,3094,79,5653,78,6035,83,1,84,2861,85,11992,86,10318,87,1124,82.5
2026-04-18 01:00:16 AM,KXATPMATCH-26APR18ZVECOB-ZVE,82,3443,81,11421,80,3094,79,5653,78,6035,83,1,84,3255,85,11992,86,10318,87,1124,82.5
2026-04-18 01:00:16 AM,KXATPMATCH-26APR18ZVECOB-ZVE,82,3443,81,11421,80,3094,79,5653,78,6035,83,1,84,3255,85,12254,86,10318,87,1124,82.5
2026-04-18 01:00:16 AM,KXATPMATCH-26APR18ZVECOB-ZVE,82,3443,81,11421,80,3094,79,5653,78,6035,83,1,84,3255,85,12254,86,10450,87,1124,82.5
2026-04-18 01:00:41 AM,KXATPMATCH-26APR18ZVECOB-ZVE,82,3443,81,11421,80,7240,79,5653,78,6035,83,1,84,3255,85,12254,86,10450,87,1124,82.5
2026-04-18 01:00:41 AM,KXATPMATCH-26APR18ZVECOB-ZVE,82,3443,81,7275,80,7240,79,5653,78,6035,83,1,84,3255,85,12254,86,10450,87,1124,82.5
2026-04-18 01:00:41 AM,KXATPMATCH-26APR18ZVECOB-ZVE,82,3443,81,7275,80,7240,79,5653,78,6035,83,1,84,8255,85,12254,86,10450,87,1124,82.5
2026-04-18 01:00:41 AM,KXATPMATCH-26APR18ZVECOB-ZVE,82,3443,81,7275,80,7240,79,5653,78,6035,83,1,84,8255,85,12254,86,5450,87,1124,82.5
2026-04-18 01:00:41 AM,KXATPMATCH-26APR18ZVECOB-ZVE,82,3443,81,7275,80,7240,79,5653,78,6035,83,1,84,8255,85,12254,86,3050,87,1124,82.5
2026-04-18 01:00:41 AM,KXATPMATCH-26APR18ZVECOB-ZVE,82,3443,81,7275,80,7240,79,6753,78,6035,83,1,84,8255,85,12254,86,3050,87,1124,82.5
2026-04-18 01:00:41 AM,KXATPMATCH-26APR18ZVECOB-ZVE,82,3443,81,7275,80,7240,79,6753,78,6035,83,1,84,9121,85,12254,86,3050,87,1124,82.5
2026-04-18 01:00:41 AM,KXATPMATCH-26APR18ZVECOB-ZVE,82,3408,81,7275,80,7240,79,6753,78,6035,83,1,84,9121,85,12254,86,3050,87,1124,82.5
2026-04-18 01:00:41 AM,KXATPMATCH-26APR18ZVECOB-ZVE,82,3408,81,7310,80,7240,79,6753,78,6035,83,1,84,9121,85,12254,86,3050,87,1124,82.5
2026-04-18 01:00:41 AM,KXATPMATCH-26APR18ZVECOB-ZVE,82,3408,81,7310,80,7240,79,6753,78,6035,83,1,84,9121,85,14654,86,3050,87,1124,82.5
2026-04-18 01:00:49 AM,KXATPMATCH-26APR18ZVECOB-ZVE,82,3408,81,11456,80,7240,79,6753,78,6035,83,1,84,9121,85,14654,86,3050,87,1124,82.5
2026-04-18 01:00:50 AM,KXATPMATCH-26APR18ZVECOB-ZVE,82,3408,81,11456,80,3094,79,6753,78,6035,83,1,84,9121,85,14654,86,3050,87,1124,82.5
2026-04-18 01:00:50 AM,KXATPMATCH-26APR18ZVECOB-ZVE,82,3408,81,11421,80,3094,79,6753,78,6035,83,1,84,9121,85,14654,86,3050,87,1124,82.5
2026-04-18 01:00:50 AM,KXATPMATCH-26APR18ZVECOB-ZVE,82,3443,81,11421,80,3094,79,6753,78,6035,83,1,84,9121,85,14654,86,3050,87,1124,82.5
2026-04-18 01:00:59 AM,KXATPMATCH-26APR18ZVECOB-ZVE,83,1,82,3443,81,11421,80,3094,79,6753,83,1,84,9121,85,14654,86,3050,87,1124,83.0
2026-04-18 01:01:33 AM,KXATPMATCH-26APR18ZVECOB-ZVE,83,1,82,3443,81,11421,80,3094,79,5653,83,1,84,9121,85,14654,86,3050,87,1124,83.0
2026-04-18 01:01:35 AM,KXATPMATCH-26APR18ZVECOB-ZVE,83,2,82,3443,81,11421,80,3094,79,5653,83,1,84,9121,85,14654,86,3050,87,1124,83.0
2026-04-18 01:01:41 AM,KXATPMATCH-26APR18ZVECOB-ZVE,83,2,82,3444,81,11421,80,3094,79,5653,83,1,84,9121,85,14654,86,3050,87,1124,83.0
2026-04-18 01:01:46 AM,KXATPMATCH-26APR18ZVECOB-ZVE,83,2,82,3444,81,11421,80,3094,79,5653,83,1,84,9120,85,14654,86,3050,87,1124,83.0
2026-04-18 01:01:48 AM,KXATPMATCH-26APR18ZVECOB-ZVE,83,2,82,3444,81,11421,80,3094,79,5653,83,1,84,9121,85,14654,86,3050,87,1124,83.0
2026-04-18 01:01:48 AM,KXATPMATCH-26APR18ZVECOB-ZVE,83,2,82,3444,81,11421,80,3094,79,5653,83,1,84,9120,85,14654,86,3050,87,1124,83.0
2026-04-18 01:02:03 AM,KXATPMATCH-26APR18ZVECOB-ZVE,83,2,82,3444,81,11421,80,3094,79,5653,83,1,84,8944,85,14654,86,3050,87,1124,83.0
2026-04-18 01:02:03 AM,KXATPMATCH-26APR18ZVECOB-ZVE,83,2,82,3409,81,11421,80,3094,79,5653,83,1,84,8944,85,14654,86,3050,87,1124,83.0
2026-04-18 01:02:03 AM,KXATPMATCH-26APR18ZVECOB-ZVE,83,37,82,3409,81,11421,80,3094,79,5653,83,1,84,8944,85,14654,86,3050,87,1124,83.0
2026-04-18 01:02:03 AM,KXATPMATCH-26APR18ZVECOB-ZVE,83,37,82,3409,81,11421,80,3094,79,5653,83,1,84,8909,85,14654,86,3050,87,1124,83.0
2026-04-18 01:02:25 AM,KXATPMATCH-26APR18ZVECOB-ZVE,83,37,82,3409,81,11421,80,3094,79,5653,83,1,84,8906,85,14654,86,3050,87,1124,83.0
2026-04-18 01:02:25 AM,KXATPMATCH-26APR18ZVECOB-ZVE,83,746,82,3409,81,11421,80,3094,79,5653,83,1,84,8906,85,14654,86,3050,87,1124,83.0
2026-04-18 01:02:25 AM,KXATPMATCH-26APR18ZVECOB-ZVE,83,746,82,4057,81,11421,80,3094,79,5653,83,1,84,8906,85,14654,86,3050,87,1124,83.0
2026-04-18 01:02:25 AM,KXATPMATCH-26APR18ZVECOB-ZVE,83,746,82,4057,81,11421,80,3094,79,6753,83,1,84,8906,85,14654,86,3050,87,1124,83.0
2026-04-18 01:02:25 AM,KXATPMATCH-26APR18ZVECOB-ZVE,83,711,82,4057,81,11421,80,3094,79,6753,83,1,84,8906,85,14654,86,3050,87,1124,83.0
2026-04-18 01:02:25 AM,KXATPMATCH-26APR18ZVECOB-ZVE,83,711,82,4092,81,11421,80,3094,79,6753,83,1,84,8906,85,14654,86,3050,87,1124,83.0
2026-04-18 01:02:25 AM,KXATPMATCH-26APR18ZVECOB-ZVE,83,711,82,4092,81,11421,80,3094,79,6753,83,1,84,8941,85,14654,86,3050,87,1124,83.0
2026-04-18 01:02:30 AM,KXATPMATCH-26APR18ZVECOB-ZVE,83,711,82,4082,81,11421,80,3094,79,6753,83,1,84,8941,85,14654,86,3050,87,1124,83.0
2026-04-18 01:02:30 AM,KXATPMATCH-26APR18ZVECOB-ZVE,83,711,82,4072,81,11421,80,3094,79,6753,83,1,84,8941,85,14654,86,3050,87,1124,83.0
2026-04-18 01:03:09 AM,KXATPMATCH-26APR18ZVECOB-ZVE,83,711,82,4072,81,11421,80,3094,79,6403,83,1,84,8941,85,14654,86,3050,87,1124,83.0
2026-04-18 01:03:16 AM,KXATPMATCH-26APR18ZVECOB-ZVE,83,711,82,4072,81,11421,80,3094,79,6403,83,1,84,3941,85,14654,86,3050,87,1124,83.0
2026-04-18 01:03:16 AM,KXATPMATCH-26APR18ZVECOB-ZVE,83,711,82,4072,81,11421,80,3094,79,6403,83,1,84,3941,85,14654,86,8050,87,1124,83.0
2026-04-18 01:03:40 AM,KXATPMATCH-26APR18ZVECOB-ZVE,83,710,82,4072,81,11421,80,3094,79,6403,83,1,84,3941,85,14654,86,8050,87,1124,83.0
2026-04-18 01:03:46 AM,KXATPMATCH-26APR18ZVECOB-ZVE,83,710,82,4072,81,11421,80,3094,79,6403,83,1,84,3940,85,14654,86,8050,87,1124,83.0
2026-04-18 01:03:46 AM,KXATPMATCH-26APR18ZVECOB-ZVE,83,710,82,4072,81,11421,80,3094,79,6403,83,1,84,3905,85,14654,86,8050,87,1124,83.0
2026-04-18 01:03:46 AM,KXATPMATCH-26APR18ZVECOB-ZVE,83,710,82,4037,81,11421,80,3094,79,6403,83,1,84,3905,85,14654,86,8050,87,1124,83.0
2026-04-18 01:03:46 AM,KXATPMATCH-26APR18ZVECOB-ZVE,83,745,82,4037,81,11421,80,3094,79,6403,83,1,84,3905,85,14654,86,8050,87,1124,83.0
2026-04-18 01:03:47 AM,KXATPMATCH-26APR18ZVECOB-ZVE,83,710,82,4037,81,11421,80,3094,79,6403,83,1,84,3905,85,14654,86,8050,87,1124,83.0
2026-04-18 01:03:47 AM,KXATPMATCH-26APR18ZVECOB-ZVE,83,710,82,4072,81,11421,80,3094,79,6403,83,1,84,3905,85,14654,86,8050,87,1124,83.0
2026-04-18 01:03:47 AM,KXATPMATCH-26APR18ZVECOB-ZVE,83,710,82,4072,81,11421,80,3094,79,6403,83,1,84,3940,85,14654,86,8050,87,1124,83.0
2026-04-18 01:04:27 AM,KXATPMATCH-26APR18ZVECOB-ZVE,83,710,82,4072,81,10621,80,3094,79,6403,83,1,84,3940,85,14654,86,8050,87,1124,83.0
2026-04-18 01:04:27 AM,KXATPMATCH-26APR18ZVECOB-ZVE,83,710,82,3290,81,10621,80,3094,79,6403,83,1,84,3940,85,14654,86,8050,87,1124,83.0
2026-04-18 01:04:27 AM,KXATPMATCH-26APR18ZVECOB-ZVE,83,710,82,3290,81,10621,80,3094,79,6403,83,1,84,3940,85,13854,86,8050,87,1124,83.0
2026-04-18 01:04:27 AM,KXATPMATCH-26APR18ZVECOB-ZVE,83,710,82,3289,81,10621,80,3094,79,6403,83,1,84,3940,85,13854,86,8050,87,1124,83.0
2026-04-18 01:04:27 AM,KXATPMATCH-26APR18ZVECOB-ZVE,83,710,82,3289,81,10599,80,3094,79,6403,83,1,84,3940,85,13854,86,8050,87,1124,83.0
2026-04-18 01:04:27 AM,KXATPMATCH-26APR18ZVECOB-ZVE,83,710,82,3289,81,10599,80,3094,79,6403,83,1,84,3940,85,13854,86,8050,87,50,83.0
2026-04-18 01:04:27 AM,KXATPMATCH-26APR18ZVECOB-ZVE,83,710,82,3286,81,10599,80,3094,79,6403,83,1,84,3940,85,13854,86,8050,87,50,83.0
2026-04-18 01:04:27 AM,KXATPMATCH-26APR18ZVECOB-ZVE,83,710,82,3195,81,10599,80,3094,79,6403,83,1,84,3940,85,13854,86,8050,87,50,83.0
2026-04-18 01:04:27 AM,KXATPMATCH-26APR18ZVECOB-ZVE,83,710,82,3188,81,10599,80,3094,79,6403,83,1,84,3940,85,13854,86,8050,87,50,83.0
2026-04-18 01:04:27 AM,KXATPMATCH-26APR18ZVECOB-ZVE,83,710,82,2357,81,10599,80,3094,79,6403,83,1,84,3940,85,13854,86,8050,87,50,83.0
2026-04-18 01:04:27 AM,KXATPMATCH-26APR18ZVECOB-ZVE,83,710,82,2262,81,10599,80,3094,79,6403,83,1,84,3940,85,13854,86,8050,87,50,83.0
2026-04-18 01:04:27 AM,KXATPMATCH-26APR18ZVECOB-ZVE,83,710,82,2262,81,10599,80,3094,79,6403,83,1,84,5865,85,13854,86,8050,87,50,83.0
2026-04-18 01:04:27 AM,KXATPMATCH-26APR18ZVECOB-ZVE,83,710,82,2262,81,10599,80,3094,79,6403,83,1,84,6310,85,13854,86,8050,87,50,83.0
2026-04-18 01:04:27 AM,KXATPMATCH-26APR18ZVECOB-ZVE,83,710,82,2262,81,10599,80,3094,79,6403,83,1,84,6310,85,14151,86,8050,87,50,83.0
2026-04-18 01:04:27 AM,KXATPMATCH-26APR18ZVECOB-ZVE,83,710,82,2262,81,10599,80,3094,79,6403,83,1,84,6310,85,14151,86,8199,87,50,83.0
2026-04-18 01:04:29 AM,KXATPMATCH-26APR18ZVECOB-ZVE,83,710,82,2262,81,11399,80,3094,79,6403,83,1,84,6310,85,14151,86,8199,87,50,83.0
2026-04-18 01:04:29 AM,KXATPMATCH-26APR18ZVECOB-ZVE,83,710,82,2262,81,11399,80,3094,79,6403,83,1,84,7093,85,14151,86,8199,87,50,83.0
2026-04-18 01:04:29 AM,KXATPMATCH-26APR18ZVECOB-ZVE,83,710,82,2262,81,11399,80,3094,79,6403,83,1,84,7093,85,14951,86,8199,87,50,83.0
2026-04-18 01:04:38 AM,KXATPMATCH-26APR18ZVECOB-ZVE,83,710,82,2262,81,11399,80,3094,79,7403,83,1,84,7093,85,14951,86,8199,87,50,83.0
2026-04-18 01:04:46 AM,KXATPMATCH-26APR18ZVECOB-ZVE,83,710,82,2240,81,11399,80,3094,79,7403,83,1,84,7093,85,14951,86,8199,87,50,83.0
2026-04-18 01:04:46 AM,KXATPMATCH-26APR18ZVECOB-ZVE,83,710,82,2227,81,11399,80,3094,79,7403,83,1,84,7093,85,14951,86,8199,87,50,83.0
2026-04-18 01:04:46 AM,KXATPMATCH-26APR18ZVECOB-ZVE,83,710,82,2201,81,11399,80,3094,79,7403,83,1,84,7093,85,14951,86,8199,87,50,83.0
2026-04-18 01:04:46 AM,KXATPMATCH-26APR18ZVECOB-ZVE,83,710,82,2188,81,11399,80,3094,79,7403,83,1,84,7093,85,14951,86,8199,87,50,83.0
2026-04-18 01:04:46 AM,KXATPMATCH-26APR18ZVECOB-ZVE,83,710,82,2182,81,11399,80,3094,79,7403,83,1,84,7093,85,14951,86,8199,87,50,83.0
2026-04-18 01:04:46 AM,KXATPMATCH-26APR18ZVECOB-ZVE,83,710,82,2169,81,11399,80,3094,79,7403,83,1,84,7093,85,14951,86,8199,87,50,83.0
2026-04-18 01:04:46 AM,KXATPMATCH-26APR18ZVECOB-ZVE,83,710,82,2169,81,11393,80,3094,79,7403,83,1,84,7093,85,14951,86,8199,87,50,83.0
2026-04-18 01:04:46 AM,KXATPMATCH-26APR18ZVECOB-ZVE,83,710,82,2156,81,11393,80,3094,79,7403,83,1,84,7093,85,14951,86,8199,87,50,83.0
2026-04-18 01:04:46 AM,KXATPMATCH-26APR18ZVECOB-ZVE,83,710,82,2156,81,11393,80,3094,79,7403,83,1,84,7125,85,14951,86,8199,87,50,83.0
2026-04-18 01:04:46 AM,KXATPMATCH-26APR18ZVECOB-ZVE,83,710,82,2156,81,11393,80,3094,79,7403,83,1,84,7418,85,14951,86,8199,87,50,83.0
2026-04-18 01:04:46 AM,KXATPMATCH-26APR18ZVECOB-ZVE,83,710,82,2156,81,11393,80,3094,79,7403,83,1,84,7418,85,15147,86,8199,87,50,83.0
2026-04-18 01:04:46 AM,KXATPMATCH-26APR18ZVECOB-ZVE,83,710,82,2156,81,11393,80,3094,79,7403,83,1,84,7418,85,15147,86,8296,87,50,83.0
2026-04-18 01:05:04 AM,KXATPMATCH-26APR18ZVECOB-ZVE,83,710,82,2156,81,11393,80,3094,79,7403,83,1,84,7440,85,15147,86,8296,87,50,83.0
2026-04-18 01:05:04 AM,KXATPMATCH-26APR18ZVECOB-ZVE,83,710,82,2156,81,11382,80,3094,79,7403,83,1,84,7440,85,15147,86,8296,87,50,83.0
2026-04-18 01:05:04 AM,KXATPMATCH-26APR18ZVECOB-ZVE,83,710,82,2156,81,11382,80,3083,79,7403,83,1,84,7440,85,15147,86,8296,87,50,83.0
2026-04-18 01:05:12 AM,KXATPMATCH-26APR18ZVECOB-ZVE,83,710,82,2156,81,11382,80,3083,79,6303,83,1,84,7440,85,15147,86,8296,87,50,83.0
2026-04-18 01:05:22 AM,KXATPMATCH-26APR18ZVECOB-ZVE,83,710,82,2156,81,11382,80,3083,79,6303,83,1,84,7441,85,15147,86,8296,87,50,83.0
2026-04-18 01:05:23 AM,KXATPMATCH-26APR18ZVECOB-ZVE,83,710,82,2156,81,11382,80,3083,79,6303,83,1,84,7440,85,15147,86,8296,87,50,83.0
2026-04-18 01:05:25 AM,KXATPMATCH-26APR18ZVECOB-ZVE,83,710,82,2156,81,11382,80,3083,79,6303,83,1,84,7418,85,15147,86,8296,87,50,83.0
2026-04-18 01:05:25 AM,KXATPMATCH-26APR18ZVECOB-ZVE,83,710,82,2156,81,11382,80,3083,79,6303,83,1,84,7383,85,15147,86,8296,87,50,83.0
2026-04-18 01:05:25 AM,KXATPMATCH-26APR18ZVECOB-ZVE,83,710,82,2121,81,11382,80,3083,79,6303,83,1,84,7383,85,15147,86,8296,87,50,83.0
2026-04-18 01:05:25 AM,KXATPMATCH-26APR18ZVECOB-ZVE,83,745,82,2121,81,11382,80,3083,79,6303,83,1,84,7383,85,15147,86,8296,87,50,83.0
2026-04-18 01:05:25 AM,KXATPMATCH-26APR18ZVECOB-ZVE,83,710,82,2121,81,11382,80,3083,79,6303,83,1,84,7383,85,15147,86,8296,87,50,83.0
2026-04-18 01:05:25 AM,KXATPMATCH-26APR18ZVECOB-ZVE,83,710,82,2156,81,11382,80,3083,79,6303,83,1,84,7383,85,15147,86,8296,87,50,83.0
2026-04-18 01:05:26 AM,KXATPMATCH-26APR18ZVECOB-ZVE,83,710,82,2156,81,11382,80,3083,79,6303,83,1,84,7418,85,15147,86,8296,87,50,83.0
2026-04-18 01:05:38 AM,KXATPMATCH-26APR18ZVECOB-ZVE,83,710,82,2138,81,11382,80,3083,79,6303,83,1,84,7418,85,15147,86,8296,87,50,83.0
2026-04-18 01:05:38 AM,KXATPMATCH-26APR18ZVECOB-ZVE,83,711,82,2138,81,11382,80,3083,79,6303,83,1,84,7418,85,15147,86,8296,87,50,83.0
2026-04-18 01:05:59 AM,KXATPMATCH-26APR18ZVECOB-ZVE,83,711,82,2138,81,11382,80,3083,79,6303,83,1,84,7445,85,15147,86,8296,87,50,83.0
2026-04-18 01:07:29 AM,KXATPMATCH-26APR18ZVECOB-ZVE,83,711,82,2138,81,11382,80,3083,79,5303,83,1,84,7445,85,15147,86,8296,87,50,83.0
2026-04-18 01:07:32 AM,KXATPMATCH-26APR18ZVECOB-ZVE,83,711,82,2138,81,11382,80,3083,79,7303,83,1,84,7445,85,15147,86,8296,87,50,83.0
2026-04-18 01:07:32 AM,KXATPMATCH-26APR18ZVECOB-ZVE,83,711,82,2138,81,11382,80,3083,79,7303,83,1,84,7418,85,15147,86,8296,87,50,83.0
2026-04-18 01:07:36 AM,KXATPMATCH-26APR18ZVECOB-ZVE,83,711,82,2138,81,11382,80,3083,79,11553,83,1,84,7418,85,15147,86,8296,87,50,83.0
2026-04-18 01:07:41 AM,KXATPMATCH-26APR18ZVECOB-ZVE,83,711,82,2138,81,11382,80,3083,79,12553,83,1,84,7418,85,15147,86,8296,87,50,83.0
2026-04-18 01:07:51 AM,KXATPMATCH-26APR18ZVECOB-ZVE,83,711,82,2138,81,11382,80,3083,79,11553,83,1,84,7418,85,15147,86,8296,87,50,83.0
2026-04-18 01:08:03 AM,KXATPMATCH-26APR18ZVECOB-ZVE,83,711,82,2138,81,11382,80,3083,79,11553,83,1,84,7419,85,15147,86,8296,87,50,83.0
2026-04-18 01:08:03 AM,KXATPMATCH-26APR18ZVECOB-ZVE,83,711,82,2138,81,11382,80,3083,79,11553,83,1,84,7418,85,15147,86,8296,87,50,83.0
2026-04-18 01:08:27 AM,KXATPMATCH-26APR18ZVECOB-ZVE,83,711,82,2138,81,11382,80,3083,79,11553,83,1,84,7445,85,15147,86,8296,87,50,83.0
2026-04-18 01:08:35 AM,KXATPMATCH-26APR18ZVECOB-ZVE,83,711,82,2138,81,11382,80,3083,79,11513,83,1,84,7445,85,15147,86,8296,87,50,83.0
2026-04-18 01:08:35 AM,KXATPMATCH-26APR18ZVECOB-ZVE,83,711,82,2138,81,11382,80,8083,79,11513,83,1,84,7445,85,15147,86,8296,87,50,83.0
2026-04-18 01:08:35 AM,KXATPMATCH-26APR18ZVECOB-ZVE,83,711,82,2138,81,11382,80,8083,79,11513,83,1,84,6524,85,15147,86,8296,87,50,83.0
2026-04-18 01:08:35 AM,KXATPMATCH-26APR18ZVECOB-ZVE,83,711,82,2138,81,11382,80,8083,79,11513,83,1,84,5555,85,15147,86,8296,87,50,83.0
2026-04-18 01:08:36 AM,KXATPMATCH-26APR18ZVECOB-ZVE,83,711,82,2138,81,11382,80,8083,79,11513,83,1,84,5555,85,17484,86,8296,87,50,83.0
2026-04-18 01:08:37 AM,KXATPMATCH-26APR18ZVECOB-ZVE,83,711,82,2138,81,11382,80,8083,79,12113,83,1,84,5555,85,17484,86,8296,87,50,83.0
2026-04-18 01:08:39 AM,KXATPMATCH-26APR18ZVECOB-ZVE,83,711,82,2138,81,11382,80,8083,79,12153,83,1,84,5555,85,17484,86,8296,87,50,83.0
2026-04-18 01:08:39 AM,KXATPMATCH-26APR18ZVECOB-ZVE,83,711,82,2138,81,11382,80,3083,79,12153,83,1,84,5555,85,17484,86,8296,87,50,83.0
2026-04-18 01:08:40 AM,KXATPMATCH-26APR18ZVECOB-ZVE,83,711,82,2138,81,11382,80,3083,79,11553,83,1,84,5555,85,17484,86,8296,87,50,83.0
2026-04-18 01:08:41 AM,KXATPMATCH-26APR18ZVECOB-ZVE,83,711,82,2138,81,11382,80,3083,79,11553,83,1,84,5538,85,17484,86,8296,87,50,83.0
2026-04-18 01:08:41 AM,KXATPMATCH-26APR18ZVECOB-ZVE,83,711,82,2138,81,11382,80,3083,79,11553,83,1,84,5503,85,17484,86,8296,87,50,83.0
2026-04-18 01:08:41 AM,KXATPMATCH-26APR18ZVECOB-ZVE,83,711,82,2103,81,11382,80,3083,79,11553,83,1,84,5503,85,17484,86,8296,87,50,83.0
2026-04-18 01:08:41 AM,KXATPMATCH-26APR18ZVECOB-ZVE,83,746,82,2103,81,11382,80,3083,79,11553,83,1,84,5503,85,17484,86,8296,87,50,83.0
2026-04-18 01:08:42 AM,KXATPMATCH-26APR18ZVECOB-ZVE,83,711,82,2103,81,11382,80,3083,79,11553,83,1,84,5503,85,17484,86,8296,87,50,83.0
2026-04-18 01:08:42 AM,KXATPMATCH-26APR18ZVECOB-ZVE,83,711,82,2138,81,11382,80,3083,79,11553,83,1,84,5503,85,17484,86,8296,87,50,83.0
2026-04-18 01:08:44 AM,KXATPMATCH-26APR18ZVECOB-ZVE,83,711,82,2138,81,11382,80,3083,79,11553,83,1,84,7800,85,17484,86,8296,87,50,83.0
2026-04-18 01:08:44 AM,KXATPMATCH-26APR18ZVECOB-ZVE,83,711,82,2138,81,11382,80,3083,79,11553,83,1,84,7800,85,15147,86,8296,87,50,83.0
2026-04-18 01:08:48 AM,KXATPMATCH-26APR18ZVECOB-ZVE,83,711,82,2138,81,11382,80,3083,79,11553,83,1,84,7835,85,15147,86,8296,87,50,83.0
2026-04-18 01:09:23 AM,KXATPMATCH-26APR18ZVECOB-ZVE,83,711,82,2138,81,11382,80,3083,79,14053,83,1,84,7835,85,15147,86,8296,87,50,83.0
2026-04-18 01:10:21 AM,KXATPMATCH-26APR18ZVECOB-ZVE,83,711,82,2138,81,11382,80,3083,79,12053,83,1,84,7835,85,15147,86,8296,87,50,83.0
2026-04-18 01:10:33 AM,KXATPMATCH-26APR18ZVECOB-ZVE,83,711,82,2138,81,11382,80,3083,79,12053,83,1,84,7800,85,15147,86,8296,87,50,83.0
2026-04-18 01:10:33 AM,KXATPMATCH-26APR18ZVECOB-ZVE,83,711,82,2103,81,11382,80,3083,79,12053,83,1,84,7800,85,15147,86,8296,87,50,83.0
2026-04-18 01:10:33 AM,KXATPMATCH-26APR18ZVECOB-ZVE,83,711,82,2103,81,11382,80,3083,79,12053,83,1,84,7765,85,15147,86,8296,87,50,83.0
2026-04-18 01:10:34 AM,KXATPMATCH-26APR18ZVECOB-ZVE,83,711,82,2103,81,11382,80,3083,79,7803,83,1,84,7765,85,15147,86,8296,87,50,83.0
2026-04-18 01:10:50 AM,KXATPMATCH-26APR18ZVECOB-ZVE,83,711,82,2103,81,11382,80,3083,79,7803,83,1,84,7860,85,15147,86,8296,87,50,83.0
2026-04-18 01:10:50 AM,KXATPMATCH-26APR18ZVECOB-ZVE,83,711,82,2103,81,11335,80,3083,79,7803,83,1,84,7860,85,15147,86,8296,87,50,83.0
2026-04-18 01:10:50 AM,KXATPMATCH-26APR18ZVECOB-ZVE,83,711,82,2103,81,11335,80,3036,79,7803,83,1,84,7860,85,15147,86,8296,87,50,83.0
2026-04-18 01:10:56 AM,KXATPMATCH-26APR18ZVECOB-ZVE,83,711,82,2103,81,11335,80,3036,79,7803,83,1,84,7279,85,15147,86,8296,87,50,83.0
2026-04-18 01:11:05 AM,KXATPMATCH-26APR18ZVECOB-ZVE,83,711,82,2103,81,11335,80,3036,79,7803,83,1,84,10050,85,15147,86,8296,87,50,83.0
2026-04-18 01:11:05 AM,KXATPMATCH-26APR18ZVECOB-ZVE,83,711,82,2103,81,9146,80,3036,79,7803,83,1,84,10050,85,15147,86,8296,87,50,83.0
2026-04-18 01:11:05 AM,KXATPMATCH-26APR18ZVECOB-ZVE,83,711,82,2103,81,8995,80,3036,79,7803,83,1,84,10050,85,15147,86,8296,87,50,83.0
2026-04-18 01:11:07 AM,KXATPMATCH-26APR18ZVECOB-ZVE,83,711,82,2103,81,8995,80,2885,79,7803,83,1,84,10050,85,15147,86,8296,87,50,83.0
2026-04-18 01:11:07 AM,KXATPMATCH-26APR18ZVECOB-ZVE,83,711,82,2103,81,8995,80,1720,79,7803,83,1,84,10050,85,15147,86,8296,87,50,83.0
2026-04-18 01:11:07 AM,KXATPMATCH-26APR18ZVECOB-ZVE,83,711,82,2103,81,8995,80,1691,79,7803,83,1,84,10050,85,15147,86,8296,87,50,83.0
2026-04-18 01:11:07 AM,KXATPMATCH-26APR18ZVECOB-ZVE,83,711,82,2103,81,8995,80,1686,79,7803,83,1,84,10050,85,15147,86,8296,87,50,83.0
2026-04-18 01:11:07 AM,KXATPMATCH-26APR18ZVECOB-ZVE,83,711,82,2103,81,8995,80,1671,79,7803,83,1,84,10050,85,15147,86,8296,87,50,83.0
2026-04-18 01:11:07 AM,KXATPMATCH-26APR18ZVECOB-ZVE,83,711,82,2103,81,8995,80,1653,79,7803,83,1,84,10050,85,15147,86,8296,87,50,83.0
2026-04-18 01:11:07 AM,KXATPMATCH-26APR18ZVECOB-ZVE,83,711,82,2103,81,8995,80,1653,79,8758,83,1,84,10050,85,15147,86,8296,87,50,83.0
2026-04-18 01:11:11 AM,KXATPMATCH-26APR18ZVECOB-ZVE,83,711,82,2103,81,8995,80,1653,79,9554,83,1,84,10050,85,15147,86,8296,87,50,83.0
2026-04-18 01:11:20 AM,KXATPMATCH-26APR18ZVECOB-ZVE,83,711,82,2103,81,8195,80,1653,79,9554,83,1,84,10050,85,15147,86,8296,87,50,83.0
2026-04-18 01:11:20 AM,KXATPMATCH-26APR18ZVECOB-ZVE,83,711,82,2103,81,8195,80,1653,79,9554,83,1,84,9267,85,15147,86,8296,87,50,83.0
2026-04-18 01:11:20 AM,KXATPMATCH-26APR18ZVECOB-ZVE,83,711,82,2103,81,8195,80,1653,79,9554,83,1,84,9267,85,14347,86,8296,87,50,83.0
2026-04-18 01:11:20 AM,KXATPMATCH-26APR18ZVECOB-ZVE,83,711,82,2103,81,8195,80,1653,79,9554,83,1,84,11115,85,14347,86,8296,87,50,83.0
2026-04-18 01:11:21 AM,KXATPMATCH-26APR18ZVECOB-ZVE,83,711,82,2103,81,8195,80,2453,79,9554,83,1,84,11115,85,14347,86,8296,87,50,83.0
2026-04-18 01:11:21 AM,KXATPMATCH-26APR18ZVECOB-ZVE,83,711,82,2103,81,8195,80,2453,79,9554,83,1,84,11915,85,14347,86,8296,87,50,83.0
2026-04-18 01:11:21 AM,KXATPMATCH-26APR18ZVECOB-ZVE,83,711,82,2103,81,8195,80,2453,79,9554,83,1,84,12698,85,14347,86,8296,87,50,83.0
2026-04-18 01:11:21 AM,KXATPMATCH-26APR18ZVECOB-ZVE,83,711,82,2103,81,8195,80,2453,79,9554,83,1,84,11915,85,14347,86,8296,87,50,83.0
2026-04-18 01:11:21 AM,KXATPMATCH-26APR18ZVECOB-ZVE,83,711,82,2103,81,8195,80,2453,79,9554,83,1,84,12698,85,14347,86,8296,87,50,83.0
2026-04-18 01:12:06 AM,KXATPMATCH-26APR18ZVECOB-ZVE,83,711,82,2103,81,8194,80,2449,79,9554,84,12684,85,14347,86,8296,87,50,88,110,83.5
2026-04-18 01:12:07 AM,KXATPMATCH-26APR18ZVECOB-ZVE,83,711,82,2103,81,8194,80,2449,79,9554,84,11901,85,14347,86,8296,87,50,88,110,83.5
2026-04-18 01:12:07 AM,KXATPMATCH-26APR18ZVECOB-ZVE,83,711,82,2103,81,8194,80,2449,79,9554,84,12684,85,14347,86,8296,87,50,88,110,83.5
2026-04-18 01:12:12 AM,KXATPMATCH-26APR18ZVECOB-ZVE,83,711,82,2103,81,8194,80,2449,79,7054,84,12684,85,14347,86,8296,87,50,88,110,83.5
2026-04-18 01:12:26 AM,KXATPMATCH-26APR18ZVECOB-ZVE,83,711,82,2103,81,8194,80,2449,79,7554,84,12684,85,14347,86,8296,87,50,88,110,83.5
2026-04-18 01:12:34 AM,KXATPMATCH-26APR18ZVECOB-ZVE,83,711,82,2103,81,8194,80,2449,79,8554,84,12684,85,14347,86,8296,87,50,88,110,83.5
2026-04-18 01:12:53 AM,KXATPMATCH-26APR18ZVECOB-ZVE,83,711,82,2103,81,8194,80,2449,79,7554,84,12684,85,14347,86,8296,87,50,88,110,83.5
2026-04-18 01:12:57 AM,KXATPMATCH-26APR18ZVECOB-ZVE,83,711,82,2103,81,8194,80,2449,79,7554,84,11901,85,14347,86,8296,87,50,88,110,83.5
2026-04-18 01:12:57 AM,KXATPMATCH-26APR18ZVECOB-ZVE,83,711,82,2103,81,8194,80,2449,79,7554,84,12684,85,14347,86,8296,87,50,88,110,83.5
2026-04-18 01:13:02 AM,KXATPMATCH-26APR18ZVECOB-ZVE,83,711,82,2103,81,8194,80,2449,79,10554,84,12684,85,14347,86,8296,87,50,88,110,83.5
2026-04-18 01:13:34 AM,KXATPMATCH-26APR18ZVECOB-ZVE,83,711,82,2103,81,8194,80,2449,79,10554,84,12614,85,14347,86,8296,87,50,88,110,83.5
2026-04-18 01:13:34 AM,KXATPMATCH-26APR18ZVECOB-ZVE,83,711,82,2103,81,8194,80,2449,79,10554,84,14016,85,14347,86,8296,87,50,88,110,83.5
2026-04-18 01:13:34 AM,KXATPMATCH-26APR18ZVECOB-ZVE,83,759,82,2103,81,8194,80,2449,79,10554,84,14016,85,14347,86,8296,87,50,88,110,83.5
2026-04-18 01:13:37 AM,KXATPMATCH-26APR18ZVECOB-ZVE,83,759,82,2103,81,8194,80,2449,79,10554,84,13233,85,14347,86,8296,87,50,88,110,83.5
2026-04-18 01:13:37 AM,KXATPMATCH-26APR18ZVECOB-ZVE,83,759,82,2103,81,8194,80,2449,79,10554,84,14016,85,14347,86,8296,87,50,88,110,83.5
2026-04-18 01:13:56 AM,KXATPMATCH-26APR18ZVECOB-ZVE,83,759,82,2103,81,8194,80,2449,79,11554,84,14016,85,14347,86,8296,87,50,88,110,83.5
2026-04-18 01:14:10 AM,KXATPMATCH-26APR18ZVECOB-ZVE,83,759,82,2103,81,8194,80,2449,79,10554,84,14016,85,14347,86,8296,87,50,88,110,83.5
2026-04-18 01:14:24 AM,KXATPMATCH-26APR18ZVECOB-ZVE,83,759,82,2103,81,8194,80,2449,79,10554,84,13233,85,14347,86,8296,87,50,88,110,83.5
2026-04-18 01:14:24 AM,KXATPMATCH-26APR18ZVECOB-ZVE,83,759,82,2103,81,8194,80,2449,79,10554,84,14016,85,14347,86,8296,87,50,88,110,83.5
2026-04-18 01:14:38 AM,KXATPMATCH-26APR18ZVECOB-ZVE,83,759,82,2103,81,8194,80,2484,79,10554,84,14016,85,14347,86,8296,87,50,88,110,83.5
2026-04-18 01:14:38 AM,KXATPMATCH-26APR18ZVECOB-ZVE,83,759,82,2103,81,8194,80,2484,79,10554,84,14051,85,14347,86,8296,87,50,88,110,83.5
2026-04-18 01:15:00 AM,KXATPMATCH-26APR18ZVECOB-ZVE,83,759,82,2103,81,8194,80,2484,79,10554,84,13268,85,14347,86,8296,87,50,88,110,83.5
2026-04-18 01:15:00 AM,KXATPMATCH-26APR18ZVECOB-ZVE,83,759,82,2103,81,8194,80,2484,79,10554,84,14051,85,14347,86,8296,87,50,88,110,83.5
2026-04-18 01:15:20 AM,KXATPMATCH-26APR18ZVECOB-ZVE,83,759,82,2103,81,8194,80,2484,79,10054,84,14051,85,14347,86,8296,87,50,88,110,83.5
2026-04-18 01:15:51 AM,KXATPMATCH-26APR18ZVECOB-ZVE,83,759,82,2103,81,8194,80,2484,79,7054,84,14051,85,14347,86,8296,87,50,88,110,83.5
2026-04-18 01:16:03 AM,KXATPMATCH-26APR18ZVECOB-ZVE,83,759,82,2103,81,8194,80,2484,79,7054,84,14050,85,14347,86,8296,87,50,88,110,83.5
2026-04-18 01:16:03 AM,KXATPMATCH-26APR18ZVECOB-ZVE,83,759,82,2103,81,8194,80,2484,79,7054,84,14015,85,14347,86,8296,87,50,88,110,83.5
2026-04-18 01:16:03 AM,KXATPMATCH-26APR18ZVECOB-ZVE,83,759,82,2103,81,8194,80,2449,79,7054,84,14015,85,14347,86,8296,87,50,88,110,83.5
2026-04-18 01:16:03 AM,KXATPMATCH-26APR18ZVECOB-ZVE,83,794,82,2103,81,8194,80,2449,79,7054,84,14015,85,14347,86,8296,87,50,88,110,83.5
2026-04-18 01:16:03 AM,KXATPMATCH-26APR18ZVECOB-ZVE,83,759,82,2103,81,8194,80,2449,79,7054,84,14015,85,14347,86,8296,87,50,88,110,83.5
2026-04-18 01:16:04 AM,KXATPMATCH-26APR18ZVECOB-ZVE,83,759,82,2138,81,8194,80,2449,79,7054,84,14015,85,14347,86,8296,87,50,88,110,83.5
2026-04-18 01:16:04 AM,KXATPMATCH-26APR18ZVECOB-ZVE,83,759,82,2138,81,8194,80,2449,79,7054,84,14050,85,14347,86,8296,87,50,88,110,83.5
2026-04-18 01:16:06 AM,KXATPMATCH-26APR18ZVECOB-ZVE,83,759,82,2103,81,8194,80,2449,79,7054,84,14050,85,14347,86,8296,87,50,88,110,83.5
2026-04-18 01:16:06 AM,KXATPMATCH-26APR18ZVECOB-ZVE,83,759,82,2103,81,8194,80,2449,79,7054,84,13267,85,14347,86,8296,87,50,88,110,83.5
2026-04-18 01:16:06 AM,KXATPMATCH-26APR18ZVECOB-ZVE,83,759,82,2103,81,8194,80,2449,79,7054,84,14050,85,14347,86,8296,87,50,88,110,83.5
2026-04-18 01:16:07 AM,KXATPMATCH-26APR18ZVECOB-ZVE,83,759,82,2103,81,8194,80,2484,79,7054,84,14050,85,14347,86,8296,87,50,88,110,83.5
2026-04-18 01:16:20 AM,KXATPMATCH-26APR18ZVECOB-ZVE,83,759,82,2103,81,8194,80,2484,79,7054,84,13267,85,14347,86,8296,87,50,88,110,83.5
2026-04-18 01:16:20 AM,KXATPMATCH-26APR18ZVECOB-ZVE,83,759,82,2103,81,8194,80,2484,79,7054,84,14050,85,14347,86,8296,87,50,88,110,83.5
2026-04-18 01:16:33 AM,KXATPMATCH-26APR18ZVECOB-ZVE,83,759,82,2103,81,8194,80,2484,79,8054,84,14050,85,14347,86,8296,87,50,88,110,83.5
2026-04-18 01:16:40 AM,KXATPMATCH-26APR18ZVECOB-ZVE,83,759,82,2103,81,8194,80,2484,79,7054,84,14050,85,14347,86,8296,87,50,88,110,83.5
2026-04-18 01:16:54 AM,KXATPMATCH-26APR18ZVECOB-ZVE,83,759,82,2103,81,8194,80,2484,79,9054,84,14050,85,14347,86,8296,87,50,88,110,83.5
2026-04-18 01:17:19 AM,KXATPMATCH-26APR18ZVECOB-ZVE,83,759,82,2103,81,8194,80,2484,79,10054,84,14050,85,14347,86,8296,87,50,88,110,83.5
2026-04-18 01:17:29 AM,KXATPMATCH-26APR18ZVECOB-ZVE,83,759,82,2103,81,8194,80,2484,79,10054,84,14049,85,14347,86,8296,87,50,88,110,83.5
2026-04-18 01:17:33 AM,KXATPMATCH-26APR18ZVECOB-ZVE,83,759,82,2103,81,8194,80,2484,79,10054,84,14044,85,14347,86,8296,87,50,88,110,83.5
2026-04-18 01:17:33 AM,KXATPMATCH-26APR18ZVECOB-ZVE,83,759,82,2103,81,8194,80,2484,79,10054,84,14009,85,14347,86,8296,87,50,88,110,83.5
2026-04-18 01:17:33 AM,KXATPMATCH-26APR18ZVECOB-ZVE,83,759,82,2103,81,8194,80,2449,79,10054,84,14009,85,14347,86,8296,87,50,88,110,83.5
2026-04-18 01:17:33 AM,KXATPMATCH-26APR18ZVECOB-ZVE,83,794,82,2103,81,8194,80,2449,79,10054,84,14009,85,14347,86,8296,87,50,88,110,83.5
2026-04-18 01:17:33 AM,KXATPMATCH-26APR18ZVECOB-ZVE,83,794,82,2103,81,8194,80,2449,79,10054,84,14012,85,14347,86,8296,87,50,88,110,83.5
2026-04-18 01:17:33 AM,KXATPMATCH-26APR18ZVECOB-ZVE,83,759,82,2103,81,8194,80,2449,79,10054,84,14012,85,14347,86,8296,87,50,88,110,83.5
2026-04-18 01:17:33 AM,KXATPMATCH-26APR18ZVECOB-ZVE,83,759,82,2138,81,8194,80,2449,79,10054,84,14012,85,14347,86,8296,87,50,88,110,83.5
2026-04-18 01:17:34 AM,KXATPMATCH-26APR18ZVECOB-ZVE,83,759,82,2138,81,8194,80,2449,79,10054,84,14047,85,14347,86,8296,87,50,88,110,83.5
2026-04-18 01:17:35 AM,KXATPMATCH-26APR18ZVECOB-ZVE,83,759,82,2103,81,8194,80,2449,79,10054,84,14047,85,14347,86,8296,87,50,88,110,83.5
2026-04-18 01:17:35 AM,KXATPMATCH-26APR18ZVECOB-ZVE,83,759,82,2103,81,8194,80,2484,79,10054,84,14047,85,14347,86,8296,87,50,88,110,83.5
2026-04-18 01:17:36 AM,KXATPMATCH-26APR18ZVECOB-ZVE,83,759,82,2103,81,8194,80,2484,79,10054,84,13264,85,14347,86,8296,87,50,88,110,83.5
2026-04-18 01:17:36 AM,KXATPMATCH-26APR18ZVECOB-ZVE,83,759,82,2103,81,8194,80,2484,79,10054,84,14047,85,14347,86,8296,87,50,88,110,83.5
2026-04-18 01:18:15 AM,KXATPMATCH-26APR18ZVECOB-ZVE,83,759,82,2103,81,8194,80,2484,79,10022,84,14047,85,14347,86,8296,87,50,88,110,83.5
2026-04-18 01:18:15 AM,KXATPMATCH-26APR18ZVECOB-ZVE,83,759,82,2103,81,8194,80,2484,79,9982,84,14047,85,14347,86,8296,87,50,88,110,83.5
2026-04-18 01:18:27 AM,KXATPMATCH-26APR18ZVECOB-ZVE,83,759,82,2103,81,8194,80,2484,79,9982,84,14040,85,14347,86,8296,87,50,88,110,83.5
2026-04-18 01:18:27 AM,KXATPMATCH-26APR18ZVECOB-ZVE,83,759,82,2103,81,8194,80,2484,79,9982,84,14021,85,14347,86,8296,87,50,88,110,83.5
2026-04-18 01:18:27 AM,KXATPMATCH-26APR18ZVECOB-ZVE,83,759,82,2109,81,8194,80,2484,79,9982,84,14021,85,14347,86,8296,87,50,88,110,83.5
2026-04-18 01:18:27 AM,KXATPMATCH-26APR18ZVECOB-ZVE,83,759,82,2109,81,8194,80,2484,79,9982,84,14026,85,14347,86,8296,87,50,88,110,83.5
2026-04-18 01:18:27 AM,KXATPMATCH-26APR18ZVECOB-ZVE,83,759,82,2109,81,8194,80,2484,79,9982,84,13991,85,14347,86,8296,87,50,88,110,83.5
2026-04-18 01:18:27 AM,KXATPMATCH-26APR18ZVECOB-ZVE,83,759,82,2109,81,8194,80,2449,79,9982,84,13991,85,14347,86,8296,87,50,88,110,83.5
2026-04-18 01:18:29 AM,KXATPMATCH-26APR18ZVECOB-ZVE,83,759,82,2109,81,8194,80,2449,79,9982,84,14026,85,14347,86,8296,87,50,88,110,83.5
2026-04-18 01:18:29 AM,KXATPMATCH-26APR18ZVECOB-ZVE,83,759,82,2109,81,8194,80,2484,79,9982,84,14026,85,14347,86,8296,87,50,88,110,83.5
2026-04-18 01:18:30 AM,KXATPMATCH-26APR18ZVECOB-ZVE,83,759,82,2109,81,8194,80,2484,79,9982,84,13243,85,14347,86,8296,87,50,88,110,83.5
