ts_et,ticker,bid_1,bid_1_sz,bid_2,bid_2_sz,bid_3,bid_3_sz,bid_4,bid_4_sz,bid_5,bid_5_sz,ask_1,ask_1_sz,ask_2,ask_2_sz,ask_3,ask_3_sz,ask_4,ask_4_sz,ask_5,ask_5_sz,mid
2026-04-18 02:24:11 PM,KXATPCHALLENGERMATCH-26APR19TULKLO-KLO,7,8,6,116,5,202,4,823,3,540,93,8,94,15,95,33,96,543,97,82,50.0
2026-04-18 02:25:17 PM,KXATPCHALLENGERMATCH-26APR19TULKLO-KLO,7,8,6,116,5,202,4,823,3,540,93,8,94,365,95,33,96,543,97,82,50.0
2026-04-18 02:25:27 PM,KXATPCHALLENGERMATCH-26APR19TULKLO-KLO,7,8,6,116,5,202,4,823,3,540,93,8,94,365,95,33,96,543,97,84,50.0
2026-04-18 02:30:35 PM,KXATPCHALLENGERMATCH-26APR19TULKLO-KLO,8,8,7,8,6,116,5,202,4,823,93,8,94,365,95,33,96,543,97,84,50.5
2026-04-18 02:30:35 PM,KXATPCHALLENGERMATCH-26APR19TULKLO-KLO,8,8,7,8,6,116,5,202,4,823,92,8,93,8,94,365,95,33,96,543,50.0
2026-04-18 02:32:07 PM,KXATPCHALLENGERMATCH-26APR19TULKLO-KLO,9,8,8,8,7,8,6,116,5,202,92,8,93,8,94,365,95,33,96,543,50.5
2026-04-18 02:32:07 PM,KXATPCHALLENGERMATCH-26APR19TULKLO-KLO,9,8,8,8,7,8,6,116,5,202,91,8,92,8,93,8,94,365,95,33,50.0
2026-04-18 02:33:16 PM,KXATPCHALLENGERMATCH-26APR19TULKLO-KLO,10,8,9,8,8,8,7,8,6,116,91,8,92,8,93,8,94,365,95,33,50.5
2026-04-18 02:33:16 PM,KXATPCHALLENGERMATCH-26APR19TULKLO-KLO,10,8,9,8,8,8,7,8,6,116,90,8,91,8,92,8,93,8,94,365,50.0
2026-04-18 02:34:45 PM,KXATPCHALLENGERMATCH-26APR19TULKLO-KLO,11,8,10,8,9,8,8,8,7,8,90,8,91,8,92,8,93,8,94,365,50.5
2026-04-18 02:34:45 PM,KXATPCHALLENGERMATCH-26APR19TULKLO-KLO,11,8,10,8,9,8,8,8,7,8,89,8,90,8,91,8,92,8,93,8,50.0
2026-04-18 02:36:47 PM,KXATPCHALLENGERMATCH-26APR19TULKLO-KLO,12,8,11,8,10,8,9,8,8,8,89,8,90,8,91,8,92,8,93,8,50.5
2026-04-18 02:36:47 PM,KXATPCHALLENGERMATCH-26APR19TULKLO-KLO,12,8,11,8,10,8,9,8,8,8,88,8,89,8,90,8,91,8,92,8,50.0
2026-04-18 02:38:02 PM,KXATPCHALLENGERMATCH-26APR19TULKLO-KLO,13,8,12,8,11,8,10,8,9,8,88,8,89,8,90,8,91,8,92,8,50.5
2026-04-18 02:38:02 PM,KXATPCHALLENGERMATCH-26APR19TULKLO-KLO,13,8,12,8,11,8,10,8,9,8,87,8,88,8,89,8,90,8,91,8,50.0
2026-04-18 02:39:58 PM,KXATPCHALLENGERMATCH-26APR19TULKLO-KLO,14,8,13,8,12,8,11,8,10,8,87,8,88,8,89,8,90,8,91,8,50.5
2026-04-18 02:39:58 PM,KXATPCHALLENGERMATCH-26APR19TULKLO-KLO,14,8,13,8,12,8,11,8,10,8,86,8,87,8,88,8,89,8,90,8,50.0
2026-04-18 02:42:45 PM,KXATPCHALLENGERMATCH-26APR19TULKLO-KLO,15,8,14,8,13,8,12,8,11,8,86,8,87,8,88,8,89,8,90,8,50.5
2026-04-18 02:42:45 PM,KXATPCHALLENGERMATCH-26APR19TULKLO-KLO,15,8,14,8,13,8,12,8,11,8,85,8,86,8,87,8,88,8,89,8,50.0
2026-04-18 02:43:06 PM,KXATPCHALLENGERMATCH-26APR19TULKLO-KLO,15,8,14,8,13,8,12,8,6,116,85,8,86,8,87,8,88,8,89,8,50.0
2026-04-18 02:43:06 PM,KXATPCHALLENGERMATCH-26APR19TULKLO-KLO,15,8,14,8,13,8,6,116,5,194,85,8,86,8,87,8,88,8,89,8,50.0
2026-04-18 02:43:06 PM,KXATPCHALLENGERMATCH-26APR19TULKLO-KLO,15,8,14,8,6,116,5,194,4,823,85,8,86,8,87,8,88,8,89,8,50.0
2026-04-18 02:43:06 PM,KXATPCHALLENGERMATCH-26APR19TULKLO-KLO,15,8,6,116,5,194,4,823,3,540,85,8,86,8,87,8,88,8,89,8,50.0
2026-04-18 02:43:06 PM,KXATPCHALLENGERMATCH-26APR19TULKLO-KLO,6,116,5,194,4,823,3,540,2,900,85,8,86,8,87,8,88,8,89,8,45.5
2026-04-18 02:43:06 PM,KXATPCHALLENGERMATCH-26APR19TULKLO-KLO,6,116,5,194,4,823,3,540,2,900,85,8,86,8,87,8,88,8,94,365,45.5
2026-04-18 02:43:06 PM,KXATPCHALLENGERMATCH-26APR19TULKLO-KLO,6,116,5,194,4,823,3,540,2,900,85,8,86,8,87,8,94,365,95,26,45.5
2026-04-18 02:43:06 PM,KXATPCHALLENGERMATCH-26APR19TULKLO-KLO,6,116,5,194,4,823,3,540,2,900,85,8,86,8,94,365,95,26,96,543,45.5
2026-04-18 02:43:06 PM,KXATPCHALLENGERMATCH-26APR19TULKLO-KLO,6,116,5,194,4,823,3,540,2,900,85,8,94,365,95,26,96,543,97,84,45.5
2026-04-18 02:43:06 PM,KXATPCHALLENGERMATCH-26APR19TULKLO-KLO,6,116,5,194,4,823,3,540,2,900,94,365,95,26,96,543,97,84,98,123,50.0
2026-04-18 02:43:12 PM,KXATPCHALLENGERMATCH-26APR19TULKLO-KLO,16,1,6,116,5,194,4,823,3,540,94,365,95,26,96,543,97,84,98,123,55.0
2026-04-18 02:43:12 PM,KXATPCHALLENGERMATCH-26APR19TULKLO-KLO,16,1,6,116,5,194,4,823,3,540,84,1,94,365,95,26,96,543,97,84,50.0
2026-04-18 02:58:41 PM,KXATPCHALLENGERMATCH-26APR19TULKLO-KLO,16,1,6,116,5,194,4,823,3,540,94,365,95,26,96,543,97,84,98,2177,55.0
2026-04-18 02:58:41 PM,KXATPCHALLENGERMATCH-26APR19TULKLO-KLO,6,116,5,194,4,823,3,540,2,3100,94,365,95,26,96,543,97,84,98,2177,50.0
2026-04-18 02:59:10 PM,KXATPCHALLENGERMATCH-26APR19TULKLO-KLO,7,2,6,116,5,194,4,823,3,540,94,365,95,26,96,543,97,84,98,2177,50.5
2026-04-18 02:59:10 PM,KXATPCHALLENGERMATCH-26APR19TULKLO-KLO,7,2,6,116,5,194,4,823,3,540,93,2,94,365,95,26,96,543,97,84,50.0
2026-04-18 03:00:08 PM,KXATPCHALLENGERMATCH-26APR19TULKLO-KLO,7,2,6,216,5,194,4,823,3,540,93,2,94,365,95,26,96,543,97,84,50.0
2026-04-18 03:00:08 PM,KXATPCHALLENGERMATCH-26APR19TULKLO-KLO,7,2,6,216,5,194,4,823,3,540,93,2,94,865,95,26,96,543,97,84,50.0
2026-04-18 03:00:19 PM,KXATPCHALLENGERMATCH-26APR19TULKLO-KLO,7,2,6,116,5,194,4,823,3,540,93,2,94,865,95,26,96,543,97,84,50.0
2026-04-18 03:00:19 PM,KXATPCHALLENGERMATCH-26APR19TULKLO-KLO,7,2,6,116,5,194,4,823,3,540,93,2,94,365,95,26,96,543,97,84,50.0
2026-04-18 03:04:12 PM,KXATPCHALLENGERMATCH-26APR19TULKLO-KLO,7,2,6,116,5,194,4,823,3,540,93,2,94,365,95,26,96,543,97,84,50.0
2026-04-18 03:14:47 PM,KXATPCHALLENGERMATCH-26APR19TULKLO-KLO,7,2,6,116,5,194,4,823,3,540,94,365,95,26,96,543,97,84,98,2177,50.5
2026-04-18 03:14:47 PM,KXATPCHALLENGERMATCH-26APR19TULKLO-KLO,6,116,5,194,4,823,3,540,2,3100,94,365,95,26,96,543,97,84,98,2177,50.0
2026-04-18 03:14:51 PM,KXATPCHALLENGERMATCH-26APR19TULKLO-KLO,8,8,6,116,5,194,4,823,3,540,94,365,95,26,96,543,97,84,98,2177,51.0
2026-04-18 03:14:51 PM,KXATPCHALLENGERMATCH-26APR19TULKLO-KLO,8,8,6,116,5,194,4,823,3,540,92,8,94,365,95,26,96,543,97,84,50.0
2026-04-18 03:19:57 PM,KXATPCHALLENGERMATCH-26APR19TULKLO-KLO,9,3,8,8,6,116,5,194,4,823,92,8,94,365,95,26,96,543,97,84,50.5
2026-04-18 03:19:57 PM,KXATPCHALLENGERMATCH-26APR19TULKLO-KLO,9,3,8,8,6,116,5,194,4,823,91,3,92,8,94,365,95,26,96,543,50.0
2026-04-18 03:30:29 PM,KXATPCHALLENGERMATCH-26APR19TULKLO-KLO,9,3,8,8,6,116,5,194,4,823,91,3,94,365,95,26,96,543,97,84,50.0
2026-04-18 03:30:29 PM,KXATPCHALLENGERMATCH-26APR19TULKLO-KLO,9,3,6,116,5,194,4,823,3,540,91,3,94,365,95,26,96,543,97,84,50.0
2026-04-18 03:35:52 PM,KXATPCHALLENGERMATCH-26APR19TULKLO-KLO,9,3,6,116,5,194,4,823,3,540,94,365,95,26,96,543,97,84,98,2177,51.5
2026-04-18 03:35:52 PM,KXATPCHALLENGERMATCH-26APR19TULKLO-KLO,6,116,5,194,4,823,3,540,2,3100,94,365,95,26,96,543,97,84,98,2177,50.0
2026-04-18 03:36:00 PM,KXATPCHALLENGERMATCH-26APR19TULKLO-KLO,10,3,6,116,5,194,4,823,3,540,94,365,95,26,96,543,97,84,98,2177,52.0
2026-04-18 03:36:00 PM,KXATPCHALLENGERMATCH-26APR19TULKLO-KLO,10,3,6,116,5,194,4,823,3,540,90,3,94,365,95,26,96,543,97,84,50.0
2026-04-18 03:37:28 PM,KXATPCHALLENGERMATCH-26APR19TULKLO-KLO,10,3,6,116,5,194,4,823,3,540,90,3,94,365,95,26,96,543,97,84,50.0,1676,1021,0.621
2026-04-18 03:51:31 PM,KXATPCHALLENGERMATCH-26APR19TULKLO-KLO,10,3,6,116,5,194,4,823,3,540,94,365,95,26,96,543,97,84,98,2177,52.0,1676,3195,0.344
2026-04-18 03:51:31 PM,KXATPCHALLENGERMATCH-26APR19TULKLO-KLO,6,116,5,194,4,823,3,540,2,3100,94,365,95,26,96,543,97,84,98,2177,50.0,4773,3195,0.599
2026-04-18 03:51:38 PM,KXATPCHALLENGERMATCH-26APR19TULKLO-KLO,11,3,6,116,5,194,4,823,3,540,94,365,95,26,96,543,97,84,98,2177,52.5,1676,3195,0.344
2026-04-18 03:51:38 PM,KXATPCHALLENGERMATCH-26APR19TULKLO-KLO,11,3,6,116,5,194,4,823,3,540,89,3,94,365,95,26,96,543,97,84,50.0,1676,1021,0.621
2026-04-18 03:56:55 PM,KXATPCHALLENGERMATCH-26APR19TULKLO-KLO,11,3,6,116,5,194,4,823,3,540,89,3,94,365,95,26,96,543,97,84,50.0,1676,1021,0.621
2026-04-18 03:57:40 PM,KXATPCHALLENGERMATCH-26APR19TULKLO-KLO,11,3,6,116,5,194,4,823,3,540,89,3,94,365,95,26,96,543,97,84,50.0,1676,1021,0.621
2026-04-18 04:07:12 PM,KXATPCHALLENGERMATCH-26APR19TULKLO-KLO,11,3,6,116,5,194,4,823,3,540,94,365,95,26,96,543,97,84,98,2177,52.5,1676,3195,0.344
2026-04-18 04:07:12 PM,KXATPCHALLENGERMATCH-26APR19TULKLO-KLO,6,116,5,194,4,823,3,540,2,3100,94,365,95,26,96,543,97,84,98,2177,50.0,4773,3195,0.599
2026-04-18 04:07:12 PM,KXATPCHALLENGERMATCH-26APR19TULKLO-KLO,11,4,6,116,5,194,4,823,3,540,94,365,95,26,96,543,97,84,98,2177,52.5,1677,3195,0.344
2026-04-18 04:07:12 PM,KXATPCHALLENGERMATCH-26APR19TULKLO-KLO,11,4,7,37,6,116,5,194,4,823,94,365,95,26,96,543,97,84,98,2177,52.5,1174,3195,0.269
2026-04-18 04:07:12 PM,KXATPCHALLENGERMATCH-26APR19TULKLO-KLO,11,4,7,37,6,116,5,194,4,823,93,41,94,365,95,26,96,543,97,84,52.0,1174,1059,0.526
2026-04-18 04:07:12 PM,KXATPCHALLENGERMATCH-26APR19TULKLO-KLO,11,4,7,37,6,116,5,194,4,823,93,41,94,375,95,26,96,543,97,84,52.0,1174,1069,0.523
2026-04-18 04:07:13 PM,KXATPCHALLENGERMATCH-26APR19TULKLO-KLO,7,37,6,116,5,194,4,823,3,540,93,41,94,375,95,26,96,543,97,84,50.0,1710,1069,0.615
2026-04-18 04:07:14 PM,KXATPCHALLENGERMATCH-26APR19TULKLO-KLO,7,37,6,116,5,194,4,823,3,540,92,18,93,41,94,375,95,26,96,543,49.5,1710,1003,0.630
2026-04-18 04:07:14 PM,KXATPCHALLENGERMATCH-26APR19TULKLO-KLO,7,37,6,126,5,194,4,823,3,540,92,18,93,41,94,375,95,26,96,543,49.5,1720,1003,0.632
2026-04-18 04:07:14 PM,KXATPCHALLENGERMATCH-26APR19TULKLO-KLO,7,37,6,126,5,194,4,823,3,540,91,23,92,18,93,41,94,375,95,26,49.0,1720,483,0.781
2026-04-18 04:07:14 PM,KXATPCHALLENGERMATCH-26APR19TULKLO-KLO,7,37,6,126,5,194,4,823,3,540,91,23,92,18,93,41,94,365,95,26,49.0,1720,473,0.784
2026-04-18 04:07:14 PM,KXATPCHALLENGERMATCH-26APR19TULKLO-KLO,7,37,6,126,5,194,4,823,3,540,91,23,92,18,94,365,95,26,96,543,49.0,1720,975,0.638
2026-04-18 04:07:14 PM,KXATPCHALLENGERMATCH-26APR19TULKLO-KLO,7,37,6,126,5,194,4,823,3,540,91,23,94,365,95,26,96,543,97,84,49.0,1720,1041,0.623
2026-04-18 04:07:14 PM,KXATPCHALLENGERMATCH-26APR19TULKLO-KLO,7,37,6,126,5,194,4,823,3,540,91,23,93,41,94,365,95,26,96,543,49.0,1720,998,0.633
2026-04-18 04:07:14 PM,KXATPCHALLENGERMATCH-26APR19TULKLO-KLO,7,37,6,126,5,194,4,823,3,540,91,23,93,41,94,375,95,26,96,543,49.0,1720,1008,0.630
2026-04-18 04:07:14 PM,KXATPCHALLENGERMATCH-26APR19TULKLO-KLO,7,37,6,126,5,194,4,823,3,540,93,41,94,375,95,26,96,543,97,84,50.0,1720,1069,0.617
2026-04-18 04:07:14 PM,KXATPCHALLENGERMATCH-26APR19TULKLO-KLO,7,37,6,126,5,194,4,823,3,540,92,18,93,41,94,375,95,26,96,543,49.5,1720,1003,0.632
2026-04-18 04:07:15 PM,KXATPCHALLENGERMATCH-26APR19TULKLO-KLO,7,37,6,126,5,194,4,823,3,540,91,23,92,18,93,41,94,375,95,26,49.0,1720,483,0.781
2026-04-18 04:07:15 PM,KXATPCHALLENGERMATCH-26APR19TULKLO-KLO,7,37,6,126,5,194,4,823,3,540,91,23,92,18,93,41,94,365,95,26,49.0,1720,473,0.784
2026-04-18 04:07:15 PM,KXATPCHALLENGERMATCH-26APR19TULKLO-KLO,7,37,6,126,5,194,4,823,3,540,91,23,92,18,94,365,95,26,96,543,49.0,1720,975,0.638
2026-04-18 04:07:15 PM,KXATPCHALLENGERMATCH-26APR19TULKLO-KLO,7,37,6,126,5,194,4,823,3,540,91,23,94,365,95,26,96,543,97,84,49.0,1720,1041,0.623
2026-04-18 04:07:15 PM,KXATPCHALLENGERMATCH-26APR19TULKLO-KLO,7,37,6,126,5,194,4,823,3,540,91,23,93,41,94,365,95,26,96,543,49.0,1720,998,0.633
2026-04-18 04:07:15 PM,KXATPCHALLENGERMATCH-26APR19TULKLO-KLO,7,37,6,126,5,194,4,823,3,540,93,41,94,365,95,26,96,543,97,84,50.0,1720,1059,0.619
2026-04-18 04:07:15 PM,KXATPCHALLENGERMATCH-26APR19TULKLO-KLO,7,37,6,126,5,194,4,823,3,540,93,41,94,375,95,26,96,543,97,84,50.0,1720,1069,0.617
2026-04-18 04:07:15 PM,KXATPCHALLENGERMATCH-26APR19TULKLO-KLO,7,37,6,126,5,194,4,823,3,540,92,18,93,41,94,375,95,26,96,543,49.5,1720,1003,0.632
2026-04-18 04:07:16 PM,KXATPCHALLENGERMATCH-26APR19TULKLO-KLO,7,37,6,126,5,194,4,823,3,540,92,18,93,41,94,365,95,26,96,543,49.5,1720,993,0.634
2026-04-18 04:07:16 PM,KXATPCHALLENGERMATCH-26APR19TULKLO-KLO,7,37,6,126,5,194,4,823,3,540,91,23,92,18,93,41,94,365,95,26,49.0,1720,473,0.784
2026-04-18 04:07:16 PM,KXATPCHALLENGERMATCH-26APR19TULKLO-KLO,7,37,6,126,5,194,4,823,3,540,91,23,92,18,94,365,95,26,96,543,49.0,1720,975,0.638
2026-04-18 04:07:16 PM,KXATPCHALLENGERMATCH-26APR19TULKLO-KLO,7,37,6,126,5,194,4,823,3,540,91,23,94,365,95,26,96,543,97,84,49.0,1720,1041,0.623
2026-04-18 04:07:16 PM,KXATPCHALLENGERMATCH-26APR19TULKLO-KLO,7,37,6,126,5,194,4,823,3,540,94,365,95,26,96,543,97,84,98,2177,50.5,1720,3195,0.350
2026-04-18 04:07:16 PM,KXATPCHALLENGERMATCH-26APR19TULKLO-KLO,7,37,6,126,5,194,4,823,3,540,93,18,94,365,95,26,96,543,97,84,50.0,1720,1036,0.624
2026-04-18 04:07:16 PM,KXATPCHALLENGERMATCH-26APR19TULKLO-KLO,7,37,6,126,5,194,4,823,3,540,92,18,93,18,94,365,95,26,96,543,49.5,1720,970,0.639
2026-04-18 04:07:17 PM,KXATPCHALLENGERMATCH-26APR19TULKLO-KLO,7,37,6,126,5,194,4,823,3,540,91,23,92,18,93,18,94,365,95,26,49.0,1720,450,0.793
2026-04-18 04:07:19 PM,KXATPCHALLENGERMATCH-26APR19TULKLO-KLO,12,3,11,13,7,37,6,116,5,194,88,3,89,13,93,38,94,365,95,26,50.0,363,445,0.449
2026-04-18 04:11:30 PM,KXATPCHALLENGERMATCH-26APR19TULKLO-KLO,84,500,12,3,11,13,7,37,6,116,88,3,89,13,93,38,94,365,95,26,86.0,669,445,0.601
2026-04-18 04:11:30 PM,KXATPCHALLENGERMATCH-26APR19TULKLO-KLO,84,500,12,3,7,37,6,116,5,194,88,3,89,13,93,38,94,365,95,26,86.0,850,445,0.656
2026-04-18 04:11:30 PM,KXATPCHALLENGERMATCH-26APR19TULKLO-KLO,84,500,12,3,7,37,6,116,5,194,88,3,93,38,94,365,95,26,96,543,86.0,850,975,0.466
2026-04-18 04:11:30 PM,KXATPCHALLENGERMATCH-26APR19TULKLO-KLO,84,500,12,3,6,116,5,194,4,823,88,3,93,38,94,365,95,26,96,543,86.0,1636,975,0.627
2026-04-18 04:11:30 PM,KXATPCHALLENGERMATCH-26APR19TULKLO-KLO,84,500,12,3,6,116,5,194,4,823,88,3,93,28,94,365,95,26,96,543,86.0,1636,965,0.629
2026-04-18 04:11:30 PM,KXATPCHALLENGERMATCH-26APR19TULKLO-KLO,84,500,12,3,6,116,5,194,4,823,88,3,93,15,94,365,95,26,96,543,86.0,1636,952,0.632
2026-04-18 04:11:30 PM,KXATPCHALLENGERMATCH-26APR19TULKLO-KLO,84,500,12,3,6,116,5,194,4,823,88,3,94,365,95,26,96,543,97,84,86.0,1636,1021,0.616
2026-04-18 04:17:35 PM,KXATPCHALLENGERMATCH-26APR19TULKLO-KLO,12,3,6,116,5,194,4,823,3,540,88,3,94,365,95,26,96,543,97,84,50.0,1676,1021,0.621
2026-04-18 04:17:38 PM,KXATPCHALLENGERMATCH-26APR19TULKLO-KLO,85,500,12,3,6,116,5,194,4,823,88,3,94,365,95,26,96,543,97,84,86.5,1636,1021,0.616
2026-04-18 04:17:38 PM,KXATPCHALLENGERMATCH-26APR19TULKLO-KLO,85,500,12,3,7,161,6,116,5,194,88,3,94,365,95,26,96,543,97,84,86.5,974,1021,0.488
2026-04-18 04:17:38 PM,KXATPCHALLENGERMATCH-26APR19TULKLO-KLO,85,500,13,124,12,3,7,161,6,116,88,3,94,365,95,26,96,543,97,84,86.5,904,1021,0.470
2026-04-18 04:17:39 PM,KXATPCHALLENGERMATCH-26APR19TULKLO-KLO,85,507,13,124,12,3,7,161,6,116,88,3,94,365,95,26,96,543,97,84,86.5,911,1021,0.472
2026-04-18 04:17:39 PM,KXATPCHALLENGERMATCH-26APR19TULKLO-KLO,85,507,14,110,13,124,12,3,7,161,88,3,94,365,95,26,96,543,97,84,86.5,905,1021,0.470
2026-04-18 04:17:39 PM,KXATPCHALLENGERMATCH-26APR19TULKLO-KLO,85,507,14,110,13,124,12,3,7,161,88,10,94,365,95,26,96,543,97,84,86.5,905,1028,0.468
2026-04-18 04:19:08 PM,KXATPCHALLENGERMATCH-26APR19TULKLO-KLO,85,507,14,110,13,124,7,161,6,116,88,10,94,365,95,26,96,543,97,84,86.5,1018,1028,0.498
2026-04-18 04:19:08 PM,KXATPCHALLENGERMATCH-26APR19TULKLO-KLO,85,507,14,110,13,124,7,161,6,116,88,7,94,365,95,26,96,543,97,84,86.5,1018,1025,0.498
2026-04-18 04:19:08 PM,KXATPCHALLENGERMATCH-26APR19TULKLO-KLO,85,507,14,110,7,161,6,116,5,194,88,7,94,365,95,26,96,543,97,84,86.5,1088,1025,0.515
2026-04-18 04:19:08 PM,KXATPCHALLENGERMATCH-26APR19TULKLO-KLO,85,507,15,135,14,110,7,161,6,116,88,7,94,365,95,26,96,543,97,84,86.5,1029,1025,0.501
2026-04-18 04:19:08 PM,KXATPCHALLENGERMATCH-26APR19TULKLO-KLO,85,507,15,135,14,110,7,161,6,116,88,7,93,75,94,365,95,26,96,543,86.5,1029,1016,0.503
2026-04-18 04:19:08 PM,KXATPCHALLENGERMATCH-26APR19TULKLO-KLO,85,507,15,135,7,161,6,116,5,194,88,7,93,75,94,365,95,26,96,543,86.5,1113,1016,0.523
2026-04-18 04:19:08 PM,KXATPCHALLENGERMATCH-26APR19TULKLO-KLO,85,507,15,135,7,161,6,116,5,194,93,75,94,365,95,26,96,543,97,84,89.0,1113,1093,0.505
2026-04-18 04:19:08 PM,KXATPCHALLENGERMATCH-26APR19TULKLO-KLO,85,507,16,110,15,135,7,161,6,116,93,75,94,365,95,26,96,543,97,84,89.0,1029,1093,0.485
2026-04-18 04:19:08 PM,KXATPCHALLENGERMATCH-26APR19TULKLO-KLO,85,507,16,110,15,135,7,161,6,116,93,75,94,380,95,26,96,543,97,84,89.0,1029,1108,0.482
2026-04-18 04:19:09 PM,KXATPCHALLENGERMATCH-26APR19TULKLO-KLO,85,507,16,110,15,135,7,161,6,116,92,13,93,75,94,380,95,26,96,543,88.5,1029,1037,0.498
2026-04-18 04:19:09 PM,KXATPCHALLENGERMATCH-26APR19TULKLO-KLO,85,507,16,110,15,135,6,116,5,194,92,13,93,75,94,380,95,26,96,543,88.5,1062,1037,0.506
2026-04-18 04:19:09 PM,KXATPCHALLENGERMATCH-26APR19TULKLO-KLO,85,507,17,138,16,110,15,135,6,116,92,13,93,75,94,380,95,26,96,543,88.5,1006,1037,0.492
2026-04-18 04:19:09 PM,KXATPCHALLENGERMATCH-26APR19TULKLO-KLO,85,507,17,138,16,110,15,135,6,116,92,13,93,75,94,365,95,26,96,543,88.5,1006,1022,0.496
2026-04-18 04:19:09 PM,KXATPCHALLENGERMATCH-26APR19TULKLO-KLO,85,507,17,138,16,110,15,135,6,116,92,13,94,365,95,26,96,543,97,84,88.5,1006,1031,0.494
2026-04-18 04:19:09 PM,KXATPCHALLENGERMATCH-26APR19TULKLO-KLO,85,507,17,138,16,110,15,135,6,116,91,52,92,13,94,365,95,26,96,543,88.0,1006,999,0.502
2026-04-18 04:19:10 PM,KXATPCHALLENGERMATCH-26APR19TULKLO-KLO,85,507,17,138,15,135,6,116,5,194,91,52,92,13,94,365,95,26,96,543,88.0,1090,999,0.522
2026-04-18 04:19:10 PM,KXATPCHALLENGERMATCH-26APR19TULKLO-KLO,85,507,18,110,17,138,15,135,6,116,91,52,92,13,94,365,95,26,96,543,88.0,1006,999,0.502
2026-04-18 04:19:10 PM,KXATPCHALLENGERMATCH-26APR19TULKLO-KLO,85,507,18,110,17,138,15,135,6,116,91,52,94,365,95,26,96,543,97,84,88.0,1006,1070,0.485
2026-04-18 04:19:10 PM,KXATPCHALLENGERMATCH-26APR19TULKLO-KLO,85,507,18,110,17,138,15,135,6,116,90,13,91,52,94,365,95,26,96,543,87.5,1006,999,0.502
2026-04-18 04:19:10 PM,KXATPCHALLENGERMATCH-26APR19TULKLO-KLO,85,507,18,110,17,138,15,135,6,116,89,22,90,13,91,52,94,365,95,26,87.0,1006,478,0.678
2026-04-18 04:19:10 PM,KXATPCHALLENGERMATCH-26APR19TULKLO-KLO,85,507,18,110,17,138,15,135,6,116,89,22,90,13,94,365,95,26,96,543,87.0,1006,969,0.509
2026-04-18 04:19:10 PM,KXATPCHALLENGERMATCH-26APR19TULKLO-KLO,85,507,18,110,17,138,15,135,6,116,89,22,94,365,95,26,96,543,97,84,87.0,1006,1040,0.492
2026-04-18 04:19:11 PM,KXATPCHALLENGERMATCH-26APR19TULKLO-KLO,85,507,18,110,17,138,15,135,6,116,94,365,95,26,96,543,97,84,98,2184,89.5,1006,3202,0.239
2026-04-18 04:19:11 PM,KXATPCHALLENGERMATCH-26APR19TULKLO-KLO,85,507,18,110,17,138,15,135,6,116,89,22,94,365,95,26,96,543,97,84,87.0,1006,1040,0.492
2026-04-18 04:19:11 PM,KXATPCHALLENGERMATCH-26APR19TULKLO-KLO,85,507,18,110,17,138,15,135,6,116,89,22,93,82,94,365,95,26,96,543,87.0,1006,1038,0.492
2026-04-18 04:19:11 PM,KXATPCHALLENGERMATCH-26APR19TULKLO-KLO,85,507,18,110,17,138,15,135,6,116,93,82,94,365,95,26,96,543,97,84,89.0,1006,1100,0.478
2026-04-18 04:19:12 PM,KXATPCHALLENGERMATCH-26APR19TULKLO-KLO,85,507,18,110,17,138,15,135,6,116,92,13,93,82,94,365,95,26,96,543,88.5,1006,1029,0.494
2026-04-18 04:19:12 PM,KXATPCHALLENGERMATCH-26APR19TULKLO-KLO,85,507,18,110,17,138,15,135,6,116,92,13,94,365,95,26,96,543,97,84,88.5,1006,1031,0.494
2026-04-18 04:19:12 PM,KXATPCHALLENGERMATCH-26APR19TULKLO-KLO,85,507,18,110,17,138,15,135,6,116,91,52,92,13,94,365,95,26,96,543,88.0,1006,999,0.502
2026-04-18 04:19:12 PM,KXATPCHALLENGERMATCH-26APR19TULKLO-KLO,85,507,18,110,17,138,15,135,6,116,91,52,92,28,94,365,95,26,96,543,88.0,1006,1014,0.498
2026-04-18 04:19:12 PM,KXATPCHALLENGERMATCH-26APR19TULKLO-KLO,85,507,18,110,17,138,15,135,6,116,91,52,92,15,94,365,95,26,96,543,88.0,1006,1001,0.501
2026-04-18 04:19:12 PM,KXATPCHALLENGERMATCH-26APR19TULKLO-KLO,85,507,18,110,17,138,15,135,6,116,90,13,91,52,92,15,94,365,95,26,87.5,1006,471,0.681
2026-04-18 04:19:12 PM,KXATPCHALLENGERMATCH-26APR19TULKLO-KLO,85,507,18,110,17,138,15,135,6,116,90,13,91,52,92,15,93,82,94,365,87.5,1006,527,0.656
2026-04-18 04:19:12 PM,KXATPCHALLENGERMATCH-26APR19TULKLO-KLO,85,507,18,110,17,138,15,135,6,116,90,13,92,15,93,82,94,365,95,26,87.5,1006,501,0.668
2026-04-18 04:19:12 PM,KXATPCHALLENGERMATCH-26APR19TULKLO-KLO,85,507,18,110,17,138,15,135,6,116,90,13,93,82,94,365,95,26,96,543,87.5,1006,1029,0.494
2026-04-18 04:19:13 PM,KXATPCHALLENGERMATCH-26APR19TULKLO-KLO,85,507,18,110,17,138,15,135,6,116,89,22,90,13,93,82,94,365,95,26,87.0,1006,508,0.664
2026-04-18 04:19:13 PM,KXATPCHALLENGERMATCH-26APR19TULKLO-KLO,85,507,18,110,17,138,15,135,6,116,89,22,93,82,94,365,95,26,96,543,87.0,1006,1038,0.492
2026-04-18 04:19:13 PM,KXATPCHALLENGERMATCH-26APR19TULKLO-KLO,85,507,18,110,17,138,15,135,6,116,89,22,93,82,94,380,95,26,96,543,87.0,1006,1053,0.489
2026-04-18 04:19:13 PM,KXATPCHALLENGERMATCH-26APR19TULKLO-KLO,85,507,18,110,17,138,15,135,6,116,93,82,94,380,95,26,96,543,97,84,89.0,1006,1115,0.474
2026-04-18 04:19:13 PM,KXATPCHALLENGERMATCH-26APR19TULKLO-KLO,85,507,18,110,17,138,15,135,6,116,92,13,93,82,94,380,95,26,96,543,88.5,1006,1044,0.491
2026-04-18 04:19:14 PM,KXATPCHALLENGERMATCH-26APR19TULKLO-KLO,85,507,18,110,17,138,15,135,6,116,92,13,93,82,94,365,95,26,96,543,88.5,1006,1029,0.494
2026-04-18 04:19:14 PM,KXATPCHALLENGERMATCH-26APR19TULKLO-KLO,85,507,18,110,17,138,15,135,6,116,92,13,94,365,95,26,96,543,97,84,88.5,1006,1031,0.494
2026-04-18 04:19:14 PM,KXATPCHALLENGERMATCH-26APR19TULKLO-KLO,85,507,18,110,17,138,15,135,6,116,91,52,92,13,94,365,95,26,96,543,88.0,1006,999,0.502
2026-04-18 04:19:14 PM,KXATPCHALLENGERMATCH-26APR19TULKLO-KLO,85,507,18,110,17,138,15,135,6,116,91,52,92,28,94,365,95,26,96,543,88.0,1006,1014,0.498
2026-04-18 04:19:14 PM,KXATPCHALLENGERMATCH-26APR19TULKLO-KLO,85,507,18,110,17,138,15,135,6,116,91,52,92,15,94,365,95,26,96,543,88.0,1006,1001,0.501
2026-04-18 04:19:14 PM,KXATPCHALLENGERMATCH-26APR19TULKLO-KLO,85,507,18,110,17,138,15,135,6,116,90,13,91,52,92,15,94,365,95,26,87.5,1006,471,0.681
2026-04-18 04:19:14 PM,KXATPCHALLENGERMATCH-26APR19TULKLO-KLO,85,507,18,110,17,138,15,135,6,116,89,22,90,13,91,52,92,15,94,365,87.0,1006,467,0.683
2026-04-18 04:19:14 PM,KXATPCHALLENGERMATCH-26APR19TULKLO-KLO,85,507,18,110,17,138,15,135,6,116,89,22,90,13,92,15,94,365,95,26,87.0,1006,441,0.695
2026-04-18 04:19:14 PM,KXATPCHALLENGERMATCH-26APR19TULKLO-KLO,85,507,18,110,17,138,15,135,6,116,89,22,90,13,94,365,95,26,96,543,87.0,1006,969,0.509
2026-04-18 04:19:14 PM,KXATPCHALLENGERMATCH-26APR19TULKLO-KLO,85,507,18,110,17,138,15,135,6,116,89,22,90,13,93,60,94,365,95,26,87.0,1006,486,0.674
2026-04-18 04:19:15 PM,KXATPCHALLENGERMATCH-26APR19TULKLO-KLO,85,507,18,110,17,138,15,135,6,116,89,22,93,60,94,365,95,26,96,543,87.0,1006,1016,0.498
2026-04-18 04:19:15 PM,KXATPCHALLENGERMATCH-26APR19TULKLO-KLO,85,507,18,110,17,138,15,135,6,116,93,60,94,365,95,26,96,543,97,84,89.0,1006,1078,0.483
2026-04-18 04:19:15 PM,KXATPCHALLENGERMATCH-26APR19TULKLO-KLO,85,507,18,110,17,138,15,135,6,116,93,82,94,365,95,26,96,543,97,84,89.0,1006,1100,0.478
2026-04-18 04:19:15 PM,KXATPCHALLENGERMATCH-26APR19TULKLO-KLO,85,507,18,110,17,138,15,135,6,116,92,13,93,82,94,365,95,26,96,543,88.5,1006,1029,0.494
2026-04-18 04:19:15 PM,KXATPCHALLENGERMATCH-26APR19TULKLO-KLO,85,507,18,110,17,138,15,135,6,116,92,13,93,22,94,365,95,26,96,543,88.5,1006,969,0.509
2026-04-18 04:19:15 PM,KXATPCHALLENGERMATCH-26APR19TULKLO-KLO,85,507,18,110,17,138,15,135,6,116,92,13,94,365,95,26,96,543,97,84,88.5,1006,1031,0.494
2026-04-18 04:19:15 PM,KXATPCHALLENGERMATCH-26APR19TULKLO-KLO,85,507,18,110,17,138,15,135,6,116,91,52,92,13,94,365,95,26,96,543,88.0,1006,999,0.502
2026-04-18 04:19:16 PM,KXATPCHALLENGERMATCH-26APR19TULKLO-KLO,85,507,18,110,17,138,15,135,6,116,91,52,94,365,95,26,96,543,97,84,88.0,1006,1070,0.485
2026-04-18 04:19:16 PM,KXATPCHALLENGERMATCH-26APR19TULKLO-KLO,85,507,18,110,17,138,15,135,6,116,90,13,91,52,94,365,95,26,96,543,87.5,1006,999,0.502
2026-04-18 04:19:16 PM,KXATPCHALLENGERMATCH-26APR19TULKLO-KLO,85,507,18,110,17,138,15,135,6,116,90,13,91,52,93,30,94,365,95,26,87.5,1006,486,0.674
2026-04-18 04:19:16 PM,KXATPCHALLENGERMATCH-26APR19TULKLO-KLO,85,507,18,110,17,138,15,135,6,116,90,13,93,30,94,365,95,26,96,543,87.5,1006,977,0.507
2026-04-18 04:19:30 PM,KXATPCHALLENGERMATCH-26APR19TULKLO-KLO,85,507,18,110,17,138,6,116,5,194,90,13,93,30,94,365,95,26,96,543,87.5,1065,977,0.522
2026-04-18 04:19:30 PM,KXATPCHALLENGERMATCH-26APR19TULKLO-KLO,85,507,19,155,18,110,17,138,6,116,90,13,93,30,94,365,95,26,96,543,87.5,1026,977,0.512
2026-04-18 04:19:30 PM,KXATPCHALLENGERMATCH-26APR19TULKLO-KLO,85,507,19,155,18,110,17,138,6,116,89,22,90,13,93,30,94,365,95,26,87.0,1026,456,0.692
2026-04-18 04:19:30 PM,KXATPCHALLENGERMATCH-26APR19TULKLO-KLO,85,507,19,155,18,110,17,138,6,116,89,22,90,13,93,60,94,365,95,26,87.0,1026,486,0.679
2026-04-18 04:19:31 PM,KXATPCHALLENGERMATCH-26APR19TULKLO-KLO,85,507,19,155,18,110,17,138,6,116,89,22,93,60,94,365,95,26,96,543,87.0,1026,1016,0.502
2026-04-18 04:19:31 PM,KXATPCHALLENGERMATCH-26APR19TULKLO-KLO,85,507,19,155,17,138,6,116,5,194,89,22,93,60,94,365,95,26,96,543,87.0,1110,1016,0.522
2026-04-18 04:19:31 PM,KXATPCHALLENGERMATCH-26APR19TULKLO-KLO,85,507,19,155,17,138,6,116,5,194,93,60,94,365,95,26,96,543,97,84,89.0,1110,1078,0.507
2026-04-18 04:19:31 PM,KXATPCHALLENGERMATCH-26APR19TULKLO-KLO,85,507,20,110,19,155,17,138,6,116,93,60,94,365,95,26,96,543,97,84,89.0,1026,1078,0.488
2026-04-18 04:19:31 PM,KXATPCHALLENGERMATCH-26APR19TULKLO-KLO,85,507,20,110,19,155,17,138,6,116,93,82,94,365,95,26,96,543,97,84,89.0,1026,1100,0.483
2026-04-18 04:19:31 PM,KXATPCHALLENGERMATCH-26APR19TULKLO-KLO,85,507,20,110,19,155,17,138,6,116,93,82,94,380,95,26,96,543,97,84,89.0,1026,1115,0.479
2026-04-18 04:19:31 PM,KXATPCHALLENGERMATCH-26APR19TULKLO-KLO,85,507,20,110,19,155,17,138,6,116,92,13,93,82,94,380,95,26,96,543,88.5,1026,1044,0.496
2026-04-18 04:19:31 PM,KXATPCHALLENGERMATCH-26APR19TULKLO-KLO,85,507,20,110,19,155,17,138,6,116,91,52,92,13,93,82,94,380,95,26,88.0,1026,553,0.650
2026-04-18 04:19:31 PM,KXATPCHALLENGERMATCH-26APR19TULKLO-KLO,85,507,20,110,19,155,17,138,6,116,91,52,92,13,93,82,94,365,95,26,88.0,1026,538,0.656
2026-04-18 04:19:31 PM,KXATPCHALLENGERMATCH-26APR19TULKLO-KLO,85,507,20,110,19,155,17,138,6,116,91,52,92,13,93,52,94,365,95,26,88.0,1026,508,0.669
2026-04-18 04:19:31 PM,KXATPCHALLENGERMATCH-26APR19TULKLO-KLO,85,507,20,110,19,155,17,138,6,116,91,52,92,13,93,22,94,365,95,26,88.0,1026,478,0.682
2026-04-18 04:19:32 PM,KXATPCHALLENGERMATCH-26APR19TULKLO-KLO,85,507,20,110,19,155,17,138,6,116,91,52,93,22,94,365,95,26,96,543,88.0,1026,1008,0.504
2026-04-18 04:19:32 PM,KXATPCHALLENGERMATCH-26APR19TULKLO-KLO,85,507,20,110,19,155,17,138,6,116,90,13,91,52,93,22,94,365,95,26,87.5,1026,478,0.682
2026-04-18 04:19:32 PM,KXATPCHALLENGERMATCH-26APR19TULKLO-KLO,85,507,20,110,19,155,17,138,6,116,89,22,90,13,91,52,93,22,94,365,87.0,1026,474,0.684
2026-04-18 04:19:32 PM,KXATPCHALLENGERMATCH-26APR19TULKLO-KLO,85,507,20,110,19,155,17,138,6,116,89,22,90,13,91,52,93,60,94,365,87.0,1026,512,0.667
2026-04-18 04:19:32 PM,KXATPCHALLENGERMATCH-26APR19TULKLO-KLO,85,507,20,110,19,155,17,138,6,116,89,22,90,13,93,60,94,365,95,26,87.0,1026,486,0.679
2026-04-18 04:19:32 PM,KXATPCHALLENGERMATCH-26APR19TULKLO-KLO,85,507,20,110,19,155,17,138,6,116,89,22,93,60,94,365,95,26,96,543,87.0,1026,1016,0.502
2026-04-18 04:19:32 PM,KXATPCHALLENGERMATCH-26APR19TULKLO-KLO,85,507,20,110,19,155,17,138,6,116,93,60,94,365,95,26,96,543,97,84,89.0,1026,1078,0.488
2026-04-18 04:19:32 PM,KXATPCHALLENGERMATCH-26APR19TULKLO-KLO,85,507,20,110,19,155,17,138,6,116,93,82,94,365,95,26,96,543,97,84,89.0,1026,1100,0.483
2026-04-18 04:19:33 PM,KXATPCHALLENGERMATCH-26APR19TULKLO-KLO,85,507,20,110,19,155,17,138,6,116,92,13,93,82,94,365,95,26,96,543,88.5,1026,1029,0.499
2026-04-18 04:19:33 PM,KXATPCHALLENGERMATCH-26APR19TULKLO-KLO,85,507,20,110,19,155,17,138,6,116,92,13,93,60,94,365,95,26,96,543,88.5,1026,1007,0.505
2026-04-18 04:19:33 PM,KXATPCHALLENGERMATCH-26APR19TULKLO-KLO,85,507,20,110,19,155,17,138,6,116,92,13,93,22,94,365,95,26,96,543,88.5,1026,969,0.514
2026-04-18 04:19:33 PM,KXATPCHALLENGERMATCH-26APR19TULKLO-KLO,85,507,20,110,19,155,17,138,6,116,92,13,94,365,95,26,96,543,97,84,88.5,1026,1031,0.499
2026-04-18 04:19:33 PM,KXATPCHALLENGERMATCH-26APR19TULKLO-KLO,85,507,20,110,19,155,17,138,6,116,91,52,92,13,94,365,95,26,96,543,88.0,1026,999,0.507
2026-04-18 04:19:33 PM,KXATPCHALLENGERMATCH-26APR19TULKLO-KLO,85,507,20,110,19,155,17,138,6,116,91,52,92,28,94,365,95,26,96,543,88.0,1026,1014,0.503
2026-04-18 04:19:33 PM,KXATPCHALLENGERMATCH-26APR19TULKLO-KLO,85,507,20,110,19,155,17,138,6,116,91,52,92,15,94,365,95,26,96,543,88.0,1026,1001,0.506
2026-04-18 04:19:33 PM,KXATPCHALLENGERMATCH-26APR19TULKLO-KLO,85,507,20,110,19,155,17,138,6,116,90,13,91,52,92,15,94,365,95,26,87.5,1026,471,0.685
2026-04-18 04:19:33 PM,KXATPCHALLENGERMATCH-26APR19TULKLO-KLO,85,507,20,110,19,155,17,138,6,116,90,13,92,15,94,365,95,26,96,543,87.5,1026,962,0.516
2026-04-18 04:19:33 PM,KXATPCHALLENGERMATCH-26APR19TULKLO-KLO,85,507,20,110,19,155,17,138,6,116,90,13,94,365,95,26,96,543,97,84,87.5,1026,1031,0.499
2026-04-18 04:19:33 PM,KXATPCHALLENGERMATCH-26APR19TULKLO-KLO,85,507,20,110,19,155,17,138,6,116,89,22,90,13,94,365,95,26,96,543,87.0,1026,969,0.514
2026-04-18 04:19:33 PM,KXATPCHALLENGERMATCH-26APR19TULKLO-KLO,85,507,20,110,19,155,17,138,6,116,89,22,90,13,93,60,94,365,95,26,87.0,1026,486,0.679
2026-04-18 04:19:34 PM,KXATPCHALLENGERMATCH-26APR19TULKLO-KLO,85,507,20,110,19,155,17,138,6,116,89,22,93,60,94,365,95,26,96,543,87.0,1026,1016,0.502
2026-04-18 04:19:34 PM,KXATPCHALLENGERMATCH-26APR19TULKLO-KLO,85,507,20,110,19,155,17,138,6,116,93,60,94,365,95,26,96,543,97,84,89.0,1026,1078,0.488
2026-04-18 04:19:34 PM,KXATPCHALLENGERMATCH-26APR19TULKLO-KLO,85,507,20,110,19,155,17,138,6,116,93,82,94,365,95,26,96,543,97,84,89.0,1026,1100,0.483
2026-04-18 04:19:34 PM,KXATPCHALLENGERMATCH-26APR19TULKLO-KLO,85,507,20,110,19,155,17,138,6,116,92,13,93,82,94,365,95,26,96,543,88.5,1026,1029,0.499
2026-04-18 04:19:34 PM,KXATPCHALLENGERMATCH-26APR19TULKLO-KLO,85,507,20,110,19,155,17,138,6,116,91,52,92,13,93,82,94,365,95,26,88.0,1026,538,0.656
2026-04-18 04:19:34 PM,KXATPCHALLENGERMATCH-26APR19TULKLO-KLO,85,507,20,110,19,155,17,138,6,116,91,52,92,13,93,22,94,365,95,26,88.0,1026,478,0.682
2026-04-18 04:19:35 PM,KXATPCHALLENGERMATCH-26APR19TULKLO-KLO,85,507,20,110,19,155,17,138,6,116,91,52,93,22,94,365,95,26,96,543,88.0,1026,1008,0.504
2026-04-18 04:19:35 PM,KXATPCHALLENGERMATCH-26APR19TULKLO-KLO,85,507,20,110,19,155,17,138,6,116,90,13,91,52,93,22,94,365,95,26,87.5,1026,478,0.682
2026-04-18 04:19:35 PM,KXATPCHALLENGERMATCH-26APR19TULKLO-KLO,85,507,20,110,19,155,17,138,6,116,89,22,90,13,91,52,93,22,94,365,87.0,1026,474,0.684
2026-04-18 04:19:35 PM,KXATPCHALLENGERMATCH-26APR19TULKLO-KLO,85,507,20,110,19,155,17,138,6,116,89,22,90,13,93,22,94,365,95,26,87.0,1026,448,0.696
2026-04-18 04:19:35 PM,KXATPCHALLENGERMATCH-26APR19TULKLO-KLO,85,507,20,110,19,155,17,138,6,116,89,22,93,22,94,365,95,26,96,543,87.0,1026,978,0.512
2026-04-18 04:19:35 PM,KXATPCHALLENGERMATCH-26APR19TULKLO-KLO,85,507,20,110,19,155,6,116,5,194,89,22,93,22,94,365,95,26,96,543,87.0,1082,978,0.525
2026-04-18 04:19:35 PM,KXATPCHALLENGERMATCH-26APR19TULKLO-KLO,85,507,21,115,20,110,19,155,6,116,89,22,93,22,94,365,95,26,96,543,87.0,1003,978,0.506
2026-04-18 04:19:35 PM,KXATPCHALLENGERMATCH-26APR19TULKLO-KLO,85,507,21,115,19,155,6,116,5,194,89,22,93,22,94,365,95,26,96,543,87.0,1087,978,0.526
2026-04-18 04:19:35 PM,KXATPCHALLENGERMATCH-26APR19TULKLO-KLO,85,507,21,115,19,155,6,116,5,194,93,22,94,365,95,26,96,543,97,84,89.0,1087,1040,0.511
2026-04-18 04:19:35 PM,KXATPCHALLENGERMATCH-26APR19TULKLO-KLO,85,507,22,110,21,115,19,155,6,116,93,22,94,365,95,26,96,543,97,84,89.0,1003,1040,0.491
2026-04-18 04:19:35 PM,KXATPCHALLENGERMATCH-26APR19TULKLO-KLO,85,507,22,110,21,115,19,155,6,116,93,82,94,365,95,26,96,543,97,84,89.0,1003,1100,0.477
2026-04-18 04:19:35 PM,KXATPCHALLENGERMATCH-26APR19TULKLO-KLO,85,507,22,110,21,115,19,155,6,116,93,82,94,380,95,26,96,543,97,84,89.0,1003,1115,0.474
2026-04-18 04:19:36 PM,KXATPCHALLENGERMATCH-26APR19TULKLO-KLO,85,507,22,110,21,115,19,155,6,116,92,13,93,82,94,380,95,26,96,543,88.5,1003,1044,0.490
2026-04-18 04:19:36 PM,KXATPCHALLENGERMATCH-26APR19TULKLO-KLO,85,507,22,110,21,115,19,155,6,116,91,52,92,13,93,82,94,380,95,26,88.0,1003,553,0.645
2026-04-18 04:19:36 PM,KXATPCHALLENGERMATCH-26APR19TULKLO-KLO,85,507,22,110,21,115,19,155,6,116,91,52,92,13,93,82,94,365,95,26,88.0,1003,538,0.651
2026-04-18 04:19:36 PM,KXATPCHALLENGERMATCH-26APR19TULKLO-KLO,85,507,22,110,21,115,19,155,6,116,91,52,92,13,93,60,94,365,95,26,88.0,1003,516,0.660
2026-04-18 04:19:36 PM,KXATPCHALLENGERMATCH-26APR19TULKLO-KLO,85,507,22,110,21,115,19,155,6,116,91,52,92,13,94,365,95,26,96,543,88.0,1003,999,0.501
2026-04-18 04:19:36 PM,KXATPCHALLENGERMATCH-26APR19TULKLO-KLO,85,507,22,110,21,115,19,155,6,116,91,52,94,365,95,26,96,543,97,84,88.0,1003,1070,0.484
2026-04-18 04:19:36 PM,KXATPCHALLENGERMATCH-26APR19TULKLO-KLO,85,507,22,110,21,115,19,155,6,116,90,13,91,52,94,365,95,26,96,543,87.5,1003,999,0.501
2026-04-18 04:19:36 PM,KXATPCHALLENGERMATCH-26APR19TULKLO-KLO,85,507,22,110,21,115,19,155,6,116,89,22,90,13,91,52,94,365,95,26,87.0,1003,478,0.677
2026-04-18 04:19:36 PM,KXATPCHALLENGERMATCH-26APR19TULKLO-KLO,85,507,22,110,21,115,19,155,6,116,89,22,90,13,91,52,93,60,94,365,87.0,1003,512,0.662
2026-04-18 04:19:36 PM,KXATPCHALLENGERMATCH-26APR19TULKLO-KLO,85,507,22,110,21,115,19,155,6,116,89,22,90,13,93,60,94,365,95,26,87.0,1003,486,0.674
2026-04-18 04:19:37 PM,KXATPCHALLENGERMATCH-26APR19TULKLO-KLO,85,507,22,110,21,115,19,155,6,116,89,22,93,60,94,365,95,26,96,543,87.0,1003,1016,0.497
2026-04-18 04:19:37 PM,KXATPCHALLENGERMATCH-26APR19TULKLO-KLO,85,507,22,110,21,115,19,155,6,116,93,60,94,365,95,26,96,543,97,84,89.0,1003,1078,0.482
2026-04-18 04:19:37 PM,KXATPCHALLENGERMATCH-26APR19TULKLO-KLO,85,507,22,110,21,115,19,155,6,116,93,82,94,365,95,26,96,543,97,84,89.0,1003,1100,0.477
2026-04-18 04:19:37 PM,KXATPCHALLENGERMATCH-26APR19TULKLO-KLO,85,507,22,110,21,115,19,155,6,116,93,82,94,380,95,26,96,543,97,84,89.0,1003,1115,0.474
2026-04-18 04:19:37 PM,KXATPCHALLENGERMATCH-26APR19TULKLO-KLO,85,507,22,110,21,115,19,155,6,116,92,13,93,82,94,380,95,26,96,543,88.5,1003,1044,0.490
2026-04-18 04:19:37 PM,KXATPCHALLENGERMATCH-26APR19TULKLO-KLO,85,507,22,110,21,115,19,155,6,116,92,13,93,82,94,365,95,26,96,543,88.5,1003,1029,0.494
2026-04-18 04:19:37 PM,KXATPCHALLENGERMATCH-26APR19TULKLO-KLO,85,507,22,110,21,115,19,155,6,116,92,13,93,22,94,365,95,26,96,543,88.5,1003,969,0.509
2026-04-18 04:19:37 PM,KXATPCHALLENGERMATCH-26APR19TULKLO-KLO,85,507,22,110,21,115,19,155,6,116,91,52,92,13,93,22,94,365,95,26,88.0,1003,478,0.677
2026-04-18 04:19:38 PM,KXATPCHALLENGERMATCH-26APR19TULKLO-KLO,85,507,22,110,21,115,19,155,6,116,91,52,93,22,94,365,95,26,96,543,88.0,1003,1008,0.499
2026-04-18 04:19:38 PM,KXATPCHALLENGERMATCH-26APR19TULKLO-KLO,85,507,22,110,21,115,19,155,6,116,90,13,91,52,93,22,94,365,95,26,87.5,1003,478,0.677
2026-04-18 04:19:38 PM,KXATPCHALLENGERMATCH-26APR19TULKLO-KLO,85,507,22,110,21,115,19,155,6,116,89,22,90,13,91,52,93,22,94,365,87.0,1003,474,0.679
2026-04-18 04:19:38 PM,KXATPCHALLENGERMATCH-26APR19TULKLO-KLO,85,507,22,110,21,115,19,155,6,116,89,22,90,13,93,22,94,365,95,26,87.0,1003,448,0.691
2026-04-18 04:19:38 PM,KXATPCHALLENGERMATCH-26APR19TULKLO-KLO,85,507,22,110,21,115,19,155,6,116,89,22,93,22,94,365,95,26,96,543,87.0,1003,978,0.506
2026-04-18 04:19:38 PM,KXATPCHALLENGERMATCH-26APR19TULKLO-KLO,85,507,22,110,21,115,19,155,6,116,89,22,93,82,94,365,95,26,96,543,87.0,1003,1038,0.491
2026-04-18 04:19:38 PM,KXATPCHALLENGERMATCH-26APR19TULKLO-KLO,85,507,22,110,21,115,19,155,6,116,89,22,93,82,94,380,95,26,96,543,87.0,1003,1053,0.488
2026-04-18 04:19:38 PM,KXATPCHALLENGERMATCH-26APR19TULKLO-KLO,85,507,22,110,21,115,19,155,6,116,93,82,94,380,95,26,96,543,97,84,89.0,1003,1115,0.474
2026-04-18 04:19:39 PM,KXATPCHALLENGERMATCH-26APR19TULKLO-KLO,85,507,22,110,21,115,19,155,6,116,92,13,93,82,94,380,95,26,96,543,88.5,1003,1044,0.490
2026-04-18 04:19:39 PM,KXATPCHALLENGERMATCH-26APR19TULKLO-KLO,85,507,22,110,21,115,19,155,6,116,92,13,93,82,94,365,95,26,96,543,88.5,1003,1029,0.494
2026-04-18 04:19:39 PM,KXATPCHALLENGERMATCH-26APR19TULKLO-KLO,85,507,22,110,21,115,19,155,6,116,92,13,93,60,94,365,95,26,96,543,88.5,1003,1007,0.499
2026-04-18 04:19:39 PM,KXATPCHALLENGERMATCH-26APR19TULKLO-KLO,85,507,22,110,21,115,19,155,6,116,92,13,94,365,95,26,96,543,97,84,88.5,1003,1031,0.493
2026-04-18 04:19:39 PM,KXATPCHALLENGERMATCH-26APR19TULKLO-KLO,85,507,22,110,21,115,19,155,6,116,91,52,92,13,94,365,95,26,96,543,88.0,1003,999,0.501
2026-04-18 04:19:39 PM,KXATPCHALLENGERMATCH-26APR19TULKLO-KLO,85,507,22,110,21,115,19,155,6,116,91,52,94,365,95,26,96,543,97,84,88.0,1003,1070,0.484
2026-04-18 04:19:39 PM,KXATPCHALLENGERMATCH-26APR19TULKLO-KLO,85,507,22,110,21,115,19,155,6,116,90,13,91,52,94,365,95,26,96,543,87.5,1003,999,0.501
2026-04-18 04:19:40 PM,KXATPCHALLENGERMATCH-26APR19TULKLO-KLO,85,507,22,110,21,115,19,155,6,116,90,13,91,52,93,30,94,365,95,26,87.5,1003,486,0.674
2026-04-18 04:19:40 PM,KXATPCHALLENGERMATCH-26APR19TULKLO-KLO,85,507,22,110,21,115,19,155,6,116,90,13,93,30,94,365,95,26,96,543,87.5,1003,977,0.507
2026-04-18 04:19:40 PM,KXATPCHALLENGERMATCH-26APR19TULKLO-KLO,85,507,22,110,21,115,19,155,6,116,89,22,90,13,93,30,94,365,95,26,87.0,1003,456,0.687
2026-04-18 04:19:40 PM,KXATPCHALLENGERMATCH-26APR19TULKLO-KLO,85,507,22,110,21,115,19,155,6,116,89,22,93,30,94,365,95,26,96,543,87.0,1003,986,0.504
2026-04-18 04:19:41 PM,KXATPCHALLENGERMATCH-26APR19TULKLO-KLO,85,507,22,110,21,115,19,155,6,116,89,22,93,82,94,365,95,26,96,543,87.0,1003,1038,0.491
2026-04-18 04:19:41 PM,KXATPCHALLENGERMATCH-26APR19TULKLO-KLO,85,507,22,110,21,115,19,155,6,116,89,22,93,82,94,380,95,26,96,543,87.0,1003,1053,0.488
2026-04-18 04:19:41 PM,KXATPCHALLENGERMATCH-26APR19TULKLO-KLO,85,507,22,110,21,115,19,155,6,116,93,82,94,380,95,26,96,543,97,84,89.0,1003,1115,0.474
2026-04-18 04:19:41 PM,KXATPCHALLENGERMATCH-26APR19TULKLO-KLO,85,507,22,110,21,115,19,155,6,116,92,13,93,82,94,380,95,26,96,543,88.5,1003,1044,0.490
2026-04-18 04:19:41 PM,KXATPCHALLENGERMATCH-26APR19TULKLO-KLO,85,507,22,110,21,115,19,155,6,116,92,13,93,82,94,365,95,26,96,543,88.5,1003,1029,0.494
2026-04-18 04:19:41 PM,KXATPCHALLENGERMATCH-26APR19TULKLO-KLO,85,507,22,110,21,115,19,155,6,116,92,13,93,52,94,365,95,26,96,543,88.5,1003,999,0.501
2026-04-18 04:19:41 PM,KXATPCHALLENGERMATCH-26APR19TULKLO-KLO,85,507,22,110,21,115,19,155,6,116,91,52,92,13,93,52,94,365,95,26,88.0,1003,508,0.664
2026-04-18 04:19:41 PM,KXATPCHALLENGERMATCH-26APR19TULKLO-KLO,85,507,22,110,21,115,19,155,6,116,91,52,92,13,94,365,95,26,96,543,88.0,1003,999,0.501
2026-04-18 04:19:41 PM,KXATPCHALLENGERMATCH-26APR19TULKLO-KLO,85,507,22,110,21,115,19,155,6,116,91,52,94,365,95,26,96,543,97,84,88.0,1003,1070,0.484
2026-04-18 04:19:41 PM,KXATPCHALLENGERMATCH-26APR19TULKLO-KLO,85,507,22,110,21,115,19,155,6,116,90,13,91,52,94,365,95,26,96,543,87.5,1003,999,0.501
2026-04-18 04:19:42 PM,KXATPCHALLENGERMATCH-26APR19TULKLO-KLO,85,507,22,110,21,115,19,155,6,116,90,13,94,365,95,26,96,543,97,84,87.5,1003,1031,0.493
2026-04-18 04:19:42 PM,KXATPCHALLENGERMATCH-26APR19TULKLO-KLO,85,507,22,110,21,115,19,155,6,116,89,22,90,13,94,365,95,26,96,543,87.0,1003,969,0.509
2026-04-18 04:19:42 PM,KXATPCHALLENGERMATCH-26APR19TULKLO-KLO,85,507,22,110,21,115,19,155,6,116,89,22,90,13,93,60,94,365,95,26,87.0,1003,486,0.674
2026-04-18 04:19:42 PM,KXATPCHALLENGERMATCH-26APR19TULKLO-KLO,85,507,22,110,21,115,19,155,6,116,89,22,93,60,94,365,95,26,96,543,87.0,1003,1016,0.497
2026-04-18 04:19:42 PM,KXATPCHALLENGERMATCH-26APR19TULKLO-KLO,85,507,22,110,21,115,19,155,6,116,89,22,93,82,94,365,95,26,96,543,87.0,1003,1038,0.491
2026-04-18 04:19:42 PM,KXATPCHALLENGERMATCH-26APR19TULKLO-KLO,85,507,22,110,21,115,19,155,6,116,93,82,94,365,95,26,96,543,97,84,89.0,1003,1100,0.477
2026-04-18 04:19:42 PM,KXATPCHALLENGERMATCH-26APR19TULKLO-KLO,85,507,22,110,21,115,19,155,6,116,92,13,93,82,94,365,95,26,96,543,88.5,1003,1029,0.494
2026-04-18 04:19:43 PM,KXATPCHALLENGERMATCH-26APR19TULKLO-KLO,85,507,22,110,21,115,19,155,6,116,91,52,92,13,93,82,94,365,95,26,88.0,1003,538,0.651
2026-04-18 04:19:43 PM,KXATPCHALLENGERMATCH-26APR19TULKLO-KLO,85,507,22,110,21,115,19,155,6,116,91,52,92,13,93,22,94,365,95,26,88.0,1003,478,0.677
2026-04-18 04:19:43 PM,KXATPCHALLENGERMATCH-26APR19TULKLO-KLO,85,507,22,110,21,115,19,155,6,116,91,52,93,22,94,365,95,26,96,543,88.0,1003,1008,0.499
2026-04-18 04:19:43 PM,KXATPCHALLENGERMATCH-26APR19TULKLO-KLO,85,507,22,110,21,115,19,155,6,116,90,13,91,52,93,22,94,365,95,26,87.5,1003,478,0.677
2026-04-18 04:19:43 PM,KXATPCHALLENGERMATCH-26APR19TULKLO-KLO,85,507,22,110,21,115,19,155,6,116,90,13,91,52,93,30,94,365,95,26,87.5,1003,486,0.674
2026-04-18 04:19:43 PM,KXATPCHALLENGERMATCH-26APR19TULKLO-KLO,85,507,22,110,21,115,19,155,6,116,90,13,93,30,94,365,95,26,96,543,87.5,1003,977,0.507
2026-04-18 04:19:44 PM,KXATPCHALLENGERMATCH-26APR19TULKLO-KLO,85,507,22,110,21,115,19,155,6,116,89,22,90,13,93,30,94,365,95,26,87.0,1003,456,0.687
2026-04-18 04:19:44 PM,KXATPCHALLENGERMATCH-26APR19TULKLO-KLO,85,507,22,110,21,115,19,155,6,116,89,22,90,13,93,60,94,365,95,26,87.0,1003,486,0.674
2026-04-18 04:19:44 PM,KXATPCHALLENGERMATCH-26APR19TULKLO-KLO,85,507,22,110,21,115,19,155,6,116,89,22,93,60,94,365,95,26,96,543,87.0,1003,1016,0.497
2026-04-18 04:19:44 PM,KXATPCHALLENGERMATCH-26APR19TULKLO-KLO,85,507,22,110,21,115,19,155,6,116,93,60,94,365,95,26,96,543,97,84,89.0,1003,1078,0.482
2026-04-18 04:19:44 PM,KXATPCHALLENGERMATCH-26APR19TULKLO-KLO,85,507,22,110,21,115,19,155,6,116,93,82,94,365,95,26,96,543,97,84,89.0,1003,1100,0.477
2026-04-18 04:19:44 PM,KXATPCHALLENGERMATCH-26APR19TULKLO-KLO,85,507,22,110,21,115,19,155,6,116,93,82,94,380,95,26,96,543,97,84,89.0,1003,1115,0.474
2026-04-18 04:19:44 PM,KXATPCHALLENGERMATCH-26APR19TULKLO-KLO,85,507,22,110,21,115,19,155,6,116,92,13,93,82,94,380,95,26,96,543,88.5,1003,1044,0.490
2026-04-18 04:19:45 PM,KXATPCHALLENGERMATCH-26APR19TULKLO-KLO,85,507,22,110,21,115,19,155,6,116,91,52,92,13,93,82,94,380,95,26,88.0,1003,553,0.645
2026-04-18 04:19:45 PM,KXATPCHALLENGERMATCH-26APR19TULKLO-KLO,85,507,22,110,21,115,19,155,6,116,91,52,92,13,93,82,94,365,95,26,88.0,1003,538,0.651
2026-04-18 04:19:45 PM,KXATPCHALLENGERMATCH-26APR19TULKLO-KLO,85,507,22,110,21,115,19,155,6,116,91,52,92,13,93,60,94,365,95,26,88.0,1003,516,0.660
2026-04-18 04:19:45 PM,KXATPCHALLENGERMATCH-26APR19TULKLO-KLO,85,507,22,110,21,115,19,155,6,116,91,52,92,13,93,52,94,365,95,26,88.0,1003,508,0.664
2026-04-18 04:19:45 PM,KXATPCHALLENGERMATCH-26APR19TULKLO-KLO,85,507,22,110,21,115,19,155,6,116,91,52,92,13,93,22,94,365,95,26,88.0,1003,478,0.677
2026-04-18 04:19:45 PM,KXATPCHALLENGERMATCH-26APR19TULKLO-KLO,85,507,22,110,21,115,19,155,6,116,91,52,93,22,94,365,95,26,96,543,88.0,1003,1008,0.499
2026-04-18 04:19:45 PM,KXATPCHALLENGERMATCH-26APR19TULKLO-KLO,85,507,22,110,21,115,19,155,6,116,90,13,91,52,93,22,94,365,95,26,87.5,1003,478,0.677
2026-04-18 04:19:45 PM,KXATPCHALLENGERMATCH-26APR19TULKLO-KLO,85,507,22,110,21,115,19,155,6,116,89,22,90,13,91,52,93,22,94,365,87.0,1003,474,0.679
2026-04-18 04:19:45 PM,KXATPCHALLENGERMATCH-26APR19TULKLO-KLO,85,507,22,110,21,115,19,155,6,116,89,22,90,13,93,22,94,365,95,26,87.0,1003,448,0.691
2026-04-18 04:19:45 PM,KXATPCHALLENGERMATCH-26APR19TULKLO-KLO,85,507,22,110,21,115,19,155,6,116,89,22,90,13,93,60,94,365,95,26,87.0,1003,486,0.674
2026-04-18 04:19:45 PM,KXATPCHALLENGERMATCH-26APR19TULKLO-KLO,85,507,22,110,21,115,19,155,6,116,89,22,93,60,94,365,95,26,96,543,87.0,1003,1016,0.497
2026-04-18 04:19:46 PM,KXATPCHALLENGERMATCH-26APR19TULKLO-KLO,85,507,22,110,21,115,19,155,6,116,89,22,93,82,94,365,95,26,96,543,87.0,1003,1038,0.491
2026-04-18 04:19:46 PM,KXATPCHALLENGERMATCH-26APR19TULKLO-KLO,85,507,22,110,21,115,19,155,6,116,89,22,93,82,94,380,95,26,96,543,87.0,1003,1053,0.488
2026-04-18 04:19:46 PM,KXATPCHALLENGERMATCH-26APR19TULKLO-KLO,85,507,22,110,21,115,19,155,6,116,93,82,94,380,95,26,96,543,97,84,89.0,1003,1115,0.474
2026-04-18 04:19:46 PM,KXATPCHALLENGERMATCH-26APR19TULKLO-KLO,85,507,22,110,21,115,19,155,6,116,92,13,93,82,94,380,95,26,96,543,88.5,1003,1044,0.490
2026-04-18 04:19:46 PM,KXATPCHALLENGERMATCH-26APR19TULKLO-KLO,85,507,22,110,21,115,19,155,6,116,91,52,92,13,93,82,94,380,95,26,88.0,1003,553,0.645
2026-04-18 04:19:46 PM,KXATPCHALLENGERMATCH-26APR19TULKLO-KLO,85,507,22,110,21,115,19,155,6,116,91,52,92,13,93,82,94,365,95,26,88.0,1003,538,0.651
2026-04-18 04:19:46 PM,KXATPCHALLENGERMATCH-26APR19TULKLO-KLO,85,507,22,110,21,115,19,155,6,116,91,52,92,13,93,60,94,365,95,26,88.0,1003,516,0.660
2026-04-18 04:19:46 PM,KXATPCHALLENGERMATCH-26APR19TULKLO-KLO,85,507,22,110,21,115,19,155,6,116,91,52,92,13,93,22,94,365,95,26,88.0,1003,478,0.677
2026-04-18 04:19:46 PM,KXATPCHALLENGERMATCH-26APR19TULKLO-KLO,85,507,22,110,21,115,19,155,6,116,91,52,93,22,94,365,95,26,96,543,88.0,1003,1008,0.499
2026-04-18 04:19:46 PM,KXATPCHALLENGERMATCH-26APR19TULKLO-KLO,85,507,22,110,21,115,19,155,6,116,90,13,91,52,93,22,94,365,95,26,87.5,1003,478,0.677
2026-04-18 04:19:47 PM,KXATPCHALLENGERMATCH-26APR19TULKLO-KLO,85,507,22,110,21,115,19,155,6,116,90,13,93,22,94,365,95,26,96,543,87.5,1003,969,0.509
2026-04-18 04:19:47 PM,KXATPCHALLENGERMATCH-26APR19TULKLO-KLO,85,507,22,110,21,115,19,155,6,116,89,22,90,13,93,22,94,365,95,26,87.0,1003,448,0.691
2026-04-18 04:19:47 PM,KXATPCHALLENGERMATCH-26APR19TULKLO-KLO,85,507,22,110,21,115,19,155,6,116,89,22,93,22,94,365,95,26,96,543,87.0,1003,978,0.506
2026-04-18 04:19:47 PM,KXATPCHALLENGERMATCH-26APR19TULKLO-KLO,85,507,22,110,21,115,19,155,6,116,93,22,94,365,95,26,96,543,97,84,89.0,1003,1040,0.491
2026-04-18 04:19:47 PM,KXATPCHALLENGERMATCH-26APR19TULKLO-KLO,85,507,22,110,21,115,19,155,6,116,93,82,94,365,95,26,96,543,97,84,89.0,1003,1100,0.477
2026-04-18 04:19:47 PM,KXATPCHALLENGERMATCH-26APR19TULKLO-KLO,85,507,22,110,21,115,19,155,6,116,93,82,94,380,95,26,96,543,97,84,89.0,1003,1115,0.474
2026-04-18 04:19:47 PM,KXATPCHALLENGERMATCH-26APR19TULKLO-KLO,85,507,22,110,21,115,19,155,6,116,92,13,93,82,94,380,95,26,96,543,88.5,1003,1044,0.490
2026-04-18 04:19:48 PM,KXATPCHALLENGERMATCH-26APR19TULKLO-KLO,85,507,22,110,21,115,19,155,6,116,92,13,93,82,94,365,95,26,96,543,88.5,1003,1029,0.494
2026-04-18 04:19:48 PM,KXATPCHALLENGERMATCH-26APR19TULKLO-KLO,85,507,22,110,21,115,19,155,6,116,92,13,93,60,94,365,95,26,96,543,88.5,1003,1007,0.499
2026-04-18 04:19:48 PM,KXATPCHALLENGERMATCH-26APR19TULKLO-KLO,85,507,22,110,21,115,19,155,6,116,91,52,92,13,93,60,94,365,95,26,88.0,1003,516,0.660
2026-04-18 04:19:48 PM,KXATPCHALLENGERMATCH-26APR19TULKLO-KLO,85,507,22,110,21,115,19,155,6,116,91,52,92,13,94,365,95,26,96,543,88.0,1003,999,0.501
2026-04-18 04:19:48 PM,KXATPCHALLENGERMATCH-26APR19TULKLO-KLO,85,507,22,110,21,115,19,155,6,116,91,52,94,365,95,26,96,543,97,84,88.0,1003,1070,0.484
2026-04-18 04:19:48 PM,KXATPCHALLENGERMATCH-26APR19TULKLO-KLO,85,507,22,110,21,115,19,155,6,116,90,13,91,52,94,365,95,26,96,543,87.5,1003,999,0.501
2026-04-18 04:19:48 PM,KXATPCHALLENGERMATCH-26APR19TULKLO-KLO,85,507,22,110,21,115,19,155,6,116,90,13,94,365,95,26,96,543,97,84,87.5,1003,1031,0.493
2026-04-18 04:19:48 PM,KXATPCHALLENGERMATCH-26APR19TULKLO-KLO,85,507,22,110,21,115,19,155,6,116,89,22,90,13,94,365,95,26,96,543,87.0,1003,969,0.509
2026-04-18 04:19:48 PM,KXATPCHALLENGERMATCH-26APR19TULKLO-KLO,85,507,22,110,21,115,19,155,6,116,89,22,90,13,93,60,94,365,95,26,87.0,1003,486,0.674
2026-04-18 04:19:48 PM,KXATPCHALLENGERMATCH-26APR19TULKLO-KLO,85,507,22,110,21,115,19,155,6,116,89,22,93,60,94,365,95,26,96,543,87.0,1003,1016,0.497
2026-04-18 04:19:49 PM,KXATPCHALLENGERMATCH-26APR19TULKLO-KLO,85,507,22,110,21,115,19,155,6,116,93,60,94,365,95,26,96,543,97,84,89.0,1003,1078,0.482
2026-04-18 04:19:49 PM,KXATPCHALLENGERMATCH-26APR19TULKLO-KLO,85,507,22,110,21,115,19,155,6,116,93,82,94,365,95,26,96,543,97,84,89.0,1003,1100,0.477
2026-04-18 04:19:49 PM,KXATPCHALLENGERMATCH-26APR19TULKLO-KLO,85,507,22,110,21,115,19,155,6,116,93,82,94,380,95,26,96,543,97,84,89.0,1003,1115,0.474
2026-04-18 04:19:50 PM,KXATPCHALLENGERMATCH-26APR19TULKLO-KLO,85,507,22,110,21,115,19,155,6,116,92,13,93,82,94,380,95,26,96,543,88.5,1003,1044,0.490
2026-04-18 04:19:50 PM,KXATPCHALLENGERMATCH-26APR19TULKLO-KLO,85,507,22,110,21,115,19,155,6,116,91,52,92,13,93,82,94,380,95,26,88.0,1003,553,0.645
2026-04-18 04:19:50 PM,KXATPCHALLENGERMATCH-26APR19TULKLO-KLO,85,507,22,110,21,115,19,155,6,116,91,52,92,13,93,82,94,365,95,26,88.0,1003,538,0.651
2026-04-18 04:19:50 PM,KXATPCHALLENGERMATCH-26APR19TULKLO-KLO,85,507,22,110,21,115,19,155,6,116,91,52,92,13,93,22,94,365,95,26,88.0,1003,478,0.677
2026-04-18 04:19:50 PM,KXATPCHALLENGERMATCH-26APR19TULKLO-KLO,85,507,22,110,21,115,19,155,6,116,91,52,93,22,94,365,95,26,96,543,88.0,1003,1008,0.499
2026-04-18 04:19:50 PM,KXATPCHALLENGERMATCH-26APR19TULKLO-KLO,85,507,22,110,21,115,19,155,6,116,90,13,91,52,93,22,94,365,95,26,87.5,1003,478,0.677
2026-04-18 04:19:51 PM,KXATPCHALLENGERMATCH-26APR19TULKLO-KLO,85,507,22,110,21,115,19,155,6,116,89,22,90,13,91,52,93,22,94,365,87.0,1003,474,0.679
2026-04-18 04:19:51 PM,KXATPCHALLENGERMATCH-26APR19TULKLO-KLO,85,507,22,110,21,115,19,155,6,116,89,22,90,13,91,52,93,60,94,365,87.0,1003,512,0.662
2026-04-18 04:19:51 PM,KXATPCHALLENGERMATCH-26APR19TULKLO-KLO,85,507,22,110,21,115,19,155,6,116,89,22,90,13,93,60,94,365,95,26,87.0,1003,486,0.674
2026-04-18 04:19:51 PM,KXATPCHALLENGERMATCH-26APR19TULKLO-KLO,85,507,22,110,21,115,19,155,6,116,89,22,93,60,94,365,95,26,96,543,87.0,1003,1016,0.497
2026-04-18 04:19:51 PM,KXATPCHALLENGERMATCH-26APR19TULKLO-KLO,85,507,22,110,21,115,19,155,6,116,93,60,94,365,95,26,96,543,97,84,89.0,1003,1078,0.482
2026-04-18 04:19:51 PM,KXATPCHALLENGERMATCH-26APR19TULKLO-KLO,85,507,22,110,21,115,19,155,6,116,93,82,94,365,95,26,96,543,97,84,89.0,1003,1100,0.477
2026-04-18 04:19:51 PM,KXATPCHALLENGERMATCH-26APR19TULKLO-KLO,85,507,22,110,21,115,19,155,6,116,93,82,94,380,95,26,96,543,97,84,89.0,1003,1115,0.474
2026-04-18 04:19:52 PM,KXATPCHALLENGERMATCH-26APR19TULKLO-KLO,85,507,22,110,21,115,19,155,6,116,92,13,93,82,94,380,95,26,96,543,88.5,1003,1044,0.490
2026-04-18 04:19:52 PM,KXATPCHALLENGERMATCH-26APR19TULKLO-KLO,85,507,22,110,21,115,19,155,6,116,91,52,92,13,93,82,94,380,95,26,88.0,1003,553,0.645
2026-04-18 04:19:52 PM,KXATPCHALLENGERMATCH-26APR19TULKLO-KLO,85,507,22,110,21,115,19,155,6,116,91,52,92,13,93,82,94,365,95,26,88.0,1003,538,0.651
2026-04-18 04:19:52 PM,KXATPCHALLENGERMATCH-26APR19TULKLO-KLO,85,507,22,110,21,115,19,155,6,116,91,52,92,13,93,60,94,365,95,26,88.0,1003,516,0.660
2026-04-18 04:19:52 PM,KXATPCHALLENGERMATCH-26APR19TULKLO-KLO,85,507,22,110,21,115,19,155,6,116,91,52,92,13,93,22,94,365,95,26,88.0,1003,478,0.677
2026-04-18 04:19:52 PM,KXATPCHALLENGERMATCH-26APR19TULKLO-KLO,85,507,22,110,21,115,19,155,6,116,91,52,93,22,94,365,95,26,96,543,88.0,1003,1008,0.499
2026-04-18 04:19:52 PM,KXATPCHALLENGERMATCH-26APR19TULKLO-KLO,85,507,22,110,21,115,19,155,6,116,90,13,91,52,93,22,94,365,95,26,87.5,1003,478,0.677
2026-04-18 04:19:53 PM,KXATPCHALLENGERMATCH-26APR19TULKLO-KLO,85,507,22,110,21,115,19,155,6,116,89,22,90,13,91,52,93,22,94,365,87.0,1003,474,0.679
2026-04-18 04:19:53 PM,KXATPCHALLENGERMATCH-26APR19TULKLO-KLO,85,507,22,110,21,115,19,155,6,116,89,22,90,13,91,52,93,60,94,365,87.0,1003,512,0.662
2026-04-18 04:19:53 PM,KXATPCHALLENGERMATCH-26APR19TULKLO-KLO,85,507,22,110,21,115,19,155,6,116,89,22,90,13,93,60,94,365,95,26,87.0,1003,486,0.674
2026-04-18 04:19:53 PM,KXATPCHALLENGERMATCH-26APR19TULKLO-KLO,85,507,22,110,21,115,19,155,6,116,89,22,93,60,94,365,95,26,96,543,87.0,1003,1016,0.497
2026-04-18 04:19:53 PM,KXATPCHALLENGERMATCH-26APR19TULKLO-KLO,85,507,22,110,21,115,19,155,6,116,93,60,94,365,95,26,96,543,97,84,89.0,1003,1078,0.482
2026-04-18 04:19:53 PM,KXATPCHALLENGERMATCH-26APR19TULKLO-KLO,85,507,22,110,21,115,19,155,6,116,93,82,94,365,95,26,96,543,97,84,89.0,1003,1100,0.477
2026-04-18 04:19:54 PM,KXATPCHALLENGERMATCH-26APR19TULKLO-KLO,85,507,22,110,21,115,19,155,6,116,92,13,93,82,94,365,95,26,96,543,88.5,1003,1029,0.494
2026-04-18 04:19:54 PM,KXATPCHALLENGERMATCH-26APR19TULKLO-KLO,85,507,22,110,21,115,19,155,6,116,92,13,93,60,94,365,95,26,96,543,88.5,1003,1007,0.499
2026-04-18 04:19:54 PM,KXATPCHALLENGERMATCH-26APR19TULKLO-KLO,85,507,22,110,21,115,19,155,6,116,92,13,93,22,94,365,95,26,96,543,88.5,1003,969,0.509
2026-04-18 04:19:54 PM,KXATPCHALLENGERMATCH-26APR19TULKLO-KLO,85,507,22,110,21,115,19,155,6,116,91,52,92,13,93,22,94,365,95,26,88.0,1003,478,0.677
2026-04-18 04:19:54 PM,KXATPCHALLENGERMATCH-26APR19TULKLO-KLO,85,507,22,110,21,115,6,116,5,194,91,52,92,13,93,22,94,365,95,26,88.0,1042,478,0.686
2026-04-18 04:19:54 PM,KXATPCHALLENGERMATCH-26APR19TULKLO-KLO,85,507,23,174,22,110,21,115,6,116,91,52,92,13,93,22,94,365,95,26,88.0,1022,478,0.681
2026-04-18 04:19:55 PM,KXATPCHALLENGERMATCH-26APR19TULKLO-KLO,85,507,23,174,22,110,21,115,6,116,91,52,93,22,94,365,95,26,96,543,88.0,1022,1008,0.503
2026-04-18 04:19:55 PM,KXATPCHALLENGERMATCH-26APR19TULKLO-KLO,85,507,23,174,22,110,21,115,6,116,90,13,91,52,93,22,94,365,95,26,87.5,1022,478,0.681
2026-04-18 04:19:55 PM,KXATPCHALLENGERMATCH-26APR19TULKLO-KLO,85,507,23,174,21,115,6,116,5,194,90,13,91,52,93,22,94,365,95,26,87.5,1106,478,0.698
2026-04-18 04:19:55 PM,KXATPCHALLENGERMATCH-26APR19TULKLO-KLO,85,507,24,110,23,174,21,115,6,116,90,13,91,52,93,22,94,365,95,26,87.5,1022,478,0.681
2026-04-18 04:19:55 PM,KXATPCHALLENGERMATCH-26APR19TULKLO-KLO,85,507,24,110,23,174,21,115,6,116,90,13,93,22,94,365,95,26,96,543,87.5,1022,969,0.513
2026-04-18 04:19:55 PM,KXATPCHALLENGERMATCH-26APR19TULKLO-KLO,85,507,24,110,23,174,21,115,6,116,89,22,90,13,93,22,94,365,95,26,87.0,1022,448,0.695
2026-04-18 04:19:55 PM,KXATPCHALLENGERMATCH-26APR19TULKLO-KLO,85,507,24,110,23,174,21,115,6,116,89,22,90,13,93,60,94,365,95,26,87.0,1022,486,0.678
2026-04-18 04:19:56 PM,KXATPCHALLENGERMATCH-26APR19TULKLO-KLO,85,507,24,110,23,174,21,115,6,116,89,22,93,60,94,365,95,26,96,543,87.0,1022,1016,0.501
2026-04-18 04:19:56 PM,KXATPCHALLENGERMATCH-26APR19TULKLO-KLO,85,507,24,110,23,174,21,115,6,116,89,22,93,82,94,365,95,26,96,543,87.0,1022,1038,0.496
2026-04-18 04:19:56 PM,KXATPCHALLENGERMATCH-26APR19TULKLO-KLO,85,507,24,110,23,174,21,115,6,116,93,82,94,365,95,26,96,543,97,84,89.0,1022,1100,0.482
2026-04-18 04:19:56 PM,KXATPCHALLENGERMATCH-26APR19TULKLO-KLO,85,507,24,110,23,174,21,115,6,116,93,82,94,380,95,26,96,543,97,84,89.0,1022,1115,0.478
2026-04-18 04:19:56 PM,KXATPCHALLENGERMATCH-26APR19TULKLO-KLO,85,507,24,110,23,174,21,115,6,116,92,13,93,82,94,380,95,26,96,543,88.5,1022,1044,0.495
2026-04-18 04:19:56 PM,KXATPCHALLENGERMATCH-26APR19TULKLO-KLO,85,507,24,110,23,174,21,115,6,116,92,13,93,82,94,365,95,26,96,543,88.5,1022,1029,0.498
2026-04-18 04:19:56 PM,KXATPCHALLENGERMATCH-26APR19TULKLO-KLO,85,507,24,110,23,174,21,115,6,116,92,13,93,60,94,365,95,26,96,543,88.5,1022,1007,0.504
2026-04-18 04:19:56 PM,KXATPCHALLENGERMATCH-26APR19TULKLO-KLO,85,507,24,110,23,174,21,115,6,116,92,13,93,22,94,365,95,26,96,543,88.5,1022,969,0.513
2026-04-18 04:19:56 PM,KXATPCHALLENGERMATCH-26APR19TULKLO-KLO,85,507,24,110,23,174,21,115,6,116,92,13,94,365,95,26,96,543,97,84,88.5,1022,1031,0.498
2026-04-18 04:19:56 PM,KXATPCHALLENGERMATCH-26APR19TULKLO-KLO,85,507,24,110,23,174,21,115,6,116,91,52,92,13,94,365,95,26,96,543,88.0,1022,999,0.506
2026-04-18 04:19:56 PM,KXATPCHALLENGERMATCH-26APR19TULKLO-KLO,85,507,24,110,23,174,21,115,6,116,91,52,92,28,94,365,95,26,96,543,88.0,1022,1014,0.502
2026-04-18 04:19:57 PM,KXATPCHALLENGERMATCH-26APR19TULKLO-KLO,85,507,24,110,23,174,21,115,6,116,91,52,92,13,94,365,95,26,96,543,88.0,1022,999,0.506
2026-04-18 04:19:57 PM,KXATPCHALLENGERMATCH-26APR19TULKLO-KLO,85,507,24,110,23,174,21,115,6,116,91,52,94,365,95,26,96,543,97,84,88.0,1022,1070,0.489
2026-04-18 04:19:57 PM,KXATPCHALLENGERMATCH-26APR19TULKLO-KLO,85,507,24,110,23,174,21,115,6,116,90,13,91,52,94,365,95,26,96,543,87.5,1022,999,0.506
2026-04-18 04:19:58 PM,KXATPCHALLENGERMATCH-26APR19TULKLO-KLO,85,507,24,110,23,174,21,115,6,116,90,13,91,52,93,30,94,365,95,26,87.5,1022,486,0.678
2026-04-18 04:19:58 PM,KXATPCHALLENGERMATCH-26APR19TULKLO-KLO,85,507,24,110,23,174,21,115,6,116,90,13,93,30,94,365,95,26,96,543,87.5,1022,977,0.511
2026-04-18 04:20:00 PM,KXATPCHALLENGERMATCH-26APR19TULKLO-KLO,85,507,24,110,23,174,6,116,5,194,90,13,93,30,94,365,95,26,96,543,87.5,1101,977,0.530
2026-04-18 04:20:00 PM,KXATPCHALLENGERMATCH-26APR19TULKLO-KLO,85,507,25,114,24,110,23,174,6,116,90,13,93,30,94,365,95,26,96,543,87.5,1021,977,0.511
2026-04-18 04:20:00 PM,KXATPCHALLENGERMATCH-26APR19TULKLO-KLO,85,507,25,114,24,110,23,174,6,116,89,22,90,13,93,30,94,365,95,26,87.0,1021,456,0.691
2026-04-18 04:20:00 PM,KXATPCHALLENGERMATCH-26APR19TULKLO-KLO,85,507,25,114,24,110,23,174,6,116,89,22,90,13,93,60,94,365,95,26,87.0,1021,486,0.678
2026-04-18 04:20:00 PM,KXATPCHALLENGERMATCH-26APR19TULKLO-KLO,85,507,25,114,24,110,23,174,6,116,89,22,93,60,94,365,95,26,96,543,87.0,1021,1016,0.501
2026-04-18 04:20:00 PM,KXATPCHALLENGERMATCH-26APR19TULKLO-KLO,85,507,26,110,25,114,24,110,23,174,89,22,93,60,94,365,95,26,96,543,87.0,1015,1016,0.500
2026-04-18 04:20:00 PM,KXATPCHALLENGERMATCH-26APR19TULKLO-KLO,85,507,26,110,25,114,24,110,23,174,89,22,93,82,94,365,95,26,96,543,87.0,1015,1038,0.494
2026-04-18 04:20:00 PM,KXATPCHALLENGERMATCH-26APR19TULKLO-KLO,85,507,26,110,25,114,24,110,23,174,89,22,93,82,94,380,95,26,96,543,87.0,1015,1053,0.491
2026-04-18 04:20:00 PM,KXATPCHALLENGERMATCH-26APR19TULKLO-KLO,85,507,26,110,25,114,23,174,6,116,89,22,93,82,94,380,95,26,96,543,87.0,1021,1053,0.492
2026-04-18 04:20:00 PM,KXATPCHALLENGERMATCH-26APR19TULKLO-KLO,85,507,26,110,25,114,23,174,6,116,93,82,94,380,95,26,96,543,97,84,89.0,1021,1115,0.478
2026-04-18 04:20:00 PM,KXATPCHALLENGERMATCH-26APR19TULKLO-KLO,85,507,26,110,25,114,23,174,6,116,92,13,93,82,94,380,95,26,96,543,88.5,1021,1044,0.494
2026-04-18 04:20:01 PM,KXATPCHALLENGERMATCH-26APR19TULKLO-KLO,85,507,26,110,25,114,23,174,6,116,92,13,93,82,94,365,95,26,96,543,88.5,1021,1029,0.498
2026-04-18 04:20:01 PM,KXATPCHALLENGERMATCH-26APR19TULKLO-KLO,85,507,26,110,25,114,23,174,6,116,92,13,93,52,94,365,95,26,96,543,88.5,1021,999,0.505
2026-04-18 04:20:01 PM,KXATPCHALLENGERMATCH-26APR19TULKLO-KLO,85,507,26,110,25,114,23,174,6,116,92,13,93,22,94,365,95,26,96,543,88.5,1021,969,0.513
2026-04-18 04:20:01 PM,KXATPCHALLENGERMATCH-26APR19TULKLO-KLO,85,507,26,110,25,114,23,174,6,116,91,52,92,13,93,22,94,365,95,26,88.0,1021,478,0.681
2026-04-18 04:20:01 PM,KXATPCHALLENGERMATCH-26APR19TULKLO-KLO,85,507,26,110,25,114,23,174,6,116,91,52,92,13,94,365,95,26,96,543,88.0,1021,999,0.505
2026-04-18 04:20:01 PM,KXATPCHALLENGERMATCH-26APR19TULKLO-KLO,85,507,26,110,25,114,23,174,6,116,91,52,94,365,95,26,96,543,97,84,88.0,1021,1070,0.488
2026-04-18 04:20:01 PM,KXATPCHALLENGERMATCH-26APR19TULKLO-KLO,85,507,26,110,25,114,23,174,6,116,90,13,91,52,94,365,95,26,96,543,87.5,1021,999,0.505
2026-04-18 04:20:01 PM,KXATPCHALLENGERMATCH-26APR19TULKLO-KLO,85,507,26,110,25,114,23,174,6,116,90,13,91,52,93,30,94,365,95,26,87.5,1021,486,0.678
2026-04-18 04:20:01 PM,KXATPCHALLENGERMATCH-26APR19TULKLO-KLO,85,507,26,110,25,114,23,174,6,116,90,13,93,30,94,365,95,26,96,543,87.5,1021,977,0.511
2026-04-18 04:20:02 PM,KXATPCHALLENGERMATCH-26APR19TULKLO-KLO,85,507,26,110,25,114,23,174,6,116,89,22,90,13,93,30,94,365,95,26,87.0,1021,456,0.691
2026-04-18 04:20:02 PM,KXATPCHALLENGERMATCH-26APR19TULKLO-KLO,85,507,26,110,25,114,23,174,6,116,89,22,90,28,93,30,94,365,95,26,87.0,1021,471,0.684
2026-04-18 04:20:02 PM,KXATPCHALLENGERMATCH-26APR19TULKLO-KLO,85,507,26,110,25,114,23,174,6,116,89,22,90,15,93,30,94,365,95,26,87.0,1021,458,0.690
2026-04-18 04:20:02 PM,KXATPCHALLENGERMATCH-26APR19TULKLO-KLO,85,507,26,110,25,114,23,174,6,116,89,22,90,15,93,82,94,365,95,26,87.0,1021,510,0.667
2026-04-18 04:20:02 PM,KXATPCHALLENGERMATCH-26APR19TULKLO-KLO,85,507,26,110,25,114,23,174,6,116,90,15,93,82,94,365,95,26,96,543,87.5,1021,1031,0.498
2026-04-18 04:20:02 PM,KXATPCHALLENGERMATCH-26APR19TULKLO-KLO,85,507,26,110,25,114,23,174,6,116,93,82,94,365,95,26,96,543,97,84,89.0,1021,1100,0.481
2026-04-18 04:20:02 PM,KXATPCHALLENGERMATCH-26APR19TULKLO-KLO,85,507,26,110,25,114,23,174,6,116,93,82,94,380,95,26,96,543,97,84,89.0,1021,1115,0.478
2026-04-18 04:20:02 PM,KXATPCHALLENGERMATCH-26APR19TULKLO-KLO,85,507,26,110,25,114,23,174,6,116,92,13,93,82,94,380,95,26,96,543,88.5,1021,1044,0.494
2026-04-18 04:20:03 PM,KXATPCHALLENGERMATCH-26APR19TULKLO-KLO,85,507,26,110,25,114,23,174,6,116,91,52,92,13,93,82,94,380,95,26,88.0,1021,553,0.649
2026-04-18 04:20:03 PM,KXATPCHALLENGERMATCH-26APR19TULKLO-KLO,85,507,26,110,25,114,23,174,6,116,91,52,92,13,93,82,94,365,95,26,88.0,1021,538,0.655
2026-04-18 04:20:03 PM,KXATPCHALLENGERMATCH-26APR19TULKLO-KLO,85,507,26,110,25,114,23,174,6,116,91,52,92,13,93,52,94,365,95,26,88.0,1021,508,0.668
2026-04-18 04:20:03 PM,KXATPCHALLENGERMATCH-26APR19TULKLO-KLO,85,507,26,110,25,114,23,174,6,116,91,52,92,13,94,365,95,26,96,543,88.0,1021,999,0.505
2026-04-18 04:20:03 PM,KXATPCHALLENGERMATCH-26APR19TULKLO-KLO,85,507,26,110,25,114,23,174,6,116,91,52,94,365,95,26,96,543,97,84,88.0,1021,1070,0.488
2026-04-18 04:20:03 PM,KXATPCHALLENGERMATCH-26APR19TULKLO-KLO,85,507,26,110,25,114,23,174,6,116,90,13,91,52,94,365,95,26,96,543,87.5,1021,999,0.505
2026-04-18 04:20:03 PM,KXATPCHALLENGERMATCH-26APR19TULKLO-KLO,85,507,26,110,25,114,23,174,6,116,89,22,90,13,91,52,94,365,95,26,87.0,1021,478,0.681
2026-04-18 04:20:03 PM,KXATPCHALLENGERMATCH-26APR19TULKLO-KLO,85,507,26,110,25,114,23,174,6,116,89,22,90,13,91,52,93,60,94,365,87.0,1021,512,0.666
2026-04-18 04:20:03 PM,KXATPCHALLENGERMATCH-26APR19TULKLO-KLO,85,507,26,110,25,114,23,174,6,116,89,22,90,13,93,60,94,365,95,26,87.0,1021,486,0.678
2026-04-18 04:20:03 PM,KXATPCHALLENGERMATCH-26APR19TULKLO-KLO,85,507,26,110,25,114,23,174,6,116,89,22,93,60,94,365,95,26,96,543,87.0,1021,1016,0.501
2026-04-18 04:20:04 PM,KXATPCHALLENGERMATCH-26APR19TULKLO-KLO,85,507,26,110,25,114,23,174,6,116,89,22,93,82,94,365,95,26,96,543,87.0,1021,1038,0.496
2026-04-18 04:20:04 PM,KXATPCHALLENGERMATCH-26APR19TULKLO-KLO,85,507,26,110,25,114,23,174,6,116,93,82,94,365,95,26,96,543,97,84,89.0,1021,1100,0.481
2026-04-18 04:20:04 PM,KXATPCHALLENGERMATCH-26APR19TULKLO-KLO,85,507,26,110,25,114,23,174,6,116,92,13,93,82,94,365,95,26,96,543,88.5,1021,1029,0.498
2026-04-18 04:20:04 PM,KXATPCHALLENGERMATCH-26APR19TULKLO-KLO,85,507,26,110,25,114,23,174,6,116,92,13,93,22,94,365,95,26,96,543,88.5,1021,969,0.513
2026-04-18 04:20:04 PM,KXATPCHALLENGERMATCH-26APR19TULKLO-KLO,85,507,26,110,25,114,23,174,6,116,91,52,92,13,93,22,94,365,95,26,88.0,1021,478,0.681
2026-04-18 04:20:04 PM,KXATPCHALLENGERMATCH-26APR19TULKLO-KLO,85,507,26,110,25,114,23,174,6,116,91,52,92,13,94,365,95,26,96,543,88.0,1021,999,0.505
2026-04-18 04:20:04 PM,KXATPCHALLENGERMATCH-26APR19TULKLO-KLO,85,507,26,110,25,114,23,174,6,116,91,52,92,28,94,365,95,26,96,543,88.0,1021,1014,0.502
2026-04-18 04:20:04 PM,KXATPCHALLENGERMATCH-26APR19TULKLO-KLO,85,507,26,110,25,114,23,174,6,116,91,52,92,15,94,365,95,26,96,543,88.0,1021,1001,0.505
2026-04-18 04:20:04 PM,KXATPCHALLENGERMATCH-26APR19TULKLO-KLO,85,507,26,110,25,114,23,174,6,116,90,13,91,52,92,15,94,365,95,26,87.5,1021,471,0.684
2026-04-18 04:20:05 PM,KXATPCHALLENGERMATCH-26APR19TULKLO-KLO,85,507,26,110,25,114,23,174,6,116,90,13,92,15,94,365,95,26,96,543,87.5,1021,962,0.515
2026-04-18 04:20:05 PM,KXATPCHALLENGERMATCH-26APR19TULKLO-KLO,85,507,26,110,25,114,23,174,6,116,90,13,94,365,95,26,96,543,97,84,87.5,1021,1031,0.498
2026-04-18 04:20:05 PM,KXATPCHALLENGERMATCH-26APR19TULKLO-KLO,85,507,26,110,25,114,23,174,6,116,90,13,93,30,94,365,95,26,96,543,87.5,1021,977,0.511
2026-04-18 04:20:05 PM,KXATPCHALLENGERMATCH-26APR19TULKLO-KLO,85,507,26,110,25,114,23,174,6,116,89,22,90,13,93,30,94,365,95,26,87.0,1021,456,0.691
2026-04-18 04:20:05 PM,KXATPCHALLENGERMATCH-26APR19TULKLO-KLO,85,507,26,110,25,114,23,174,6,116,89,22,90,13,91,30,93,30,94,365,87.0,1021,460,0.689
2026-04-18 04:20:05 PM,KXATPCHALLENGERMATCH-26APR19TULKLO-KLO,85,507,26,110,25,114,23,174,6,116,89,22,91,30,93,30,94,365,95,26,87.0,1021,473,0.683
2026-04-18 04:20:06 PM,KXATPCHALLENGERMATCH-26APR19TULKLO-KLO,85,507,26,110,25,114,23,174,6,116,89,22,91,30,93,82,94,365,95,26,87.0,1021,525,0.660
2026-04-18 04:20:06 PM,KXATPCHALLENGERMATCH-26APR19TULKLO-KLO,85,507,26,110,25,114,23,174,6,116,89,22,91,30,93,82,94,380,95,26,87.0,1021,540,0.654
2026-04-18 04:20:06 PM,KXATPCHALLENGERMATCH-26APR19TULKLO-KLO,85,507,26,110,25,114,23,174,6,116,91,30,93,82,94,380,95,26,96,543,88.0,1021,1061,0.490
2026-04-18 04:20:06 PM,KXATPCHALLENGERMATCH-26APR19TULKLO-KLO,85,507,26,110,25,114,23,174,6,116,93,82,94,380,95,26,96,543,97,84,89.0,1021,1115,0.478
2026-04-18 04:20:06 PM,KXATPCHALLENGERMATCH-26APR19TULKLO-KLO,85,507,26,110,25,114,23,174,6,116,92,13,93,82,94,380,95,26,96,543,88.5,1021,1044,0.494
2026-04-18 04:20:06 PM,KXATPCHALLENGERMATCH-26APR19TULKLO-KLO,85,507,26,110,25,114,23,174,6,116,92,13,93,82,94,365,95,26,96,543,88.5,1021,1029,0.498
2026-04-18 04:20:06 PM,KXATPCHALLENGERMATCH-26APR19TULKLO-KLO,85,507,26,110,25,114,23,174,6,116,92,13,93,52,94,365,95,26,96,543,88.5,1021,999,0.505
2026-04-18 04:20:06 PM,KXATPCHALLENGERMATCH-26APR19TULKLO-KLO,85,507,26,110,25,114,23,174,6,116,92,13,94,365,95,26,96,543,97,84,88.5,1021,1031,0.498
2026-04-18 04:20:06 PM,KXATPCHALLENGERMATCH-26APR19TULKLO-KLO,85,507,26,110,25,114,23,174,6,116,91,52,92,13,94,365,95,26,96,543,88.0,1021,999,0.505
2026-04-18 04:20:06 PM,KXATPCHALLENGERMATCH-26APR19TULKLO-KLO,85,507,26,110,25,114,23,174,6,116,91,52,94,365,95,26,96,543,97,84,88.0,1021,1070,0.488
2026-04-18 04:20:06 PM,KXATPCHALLENGERMATCH-26APR19TULKLO-KLO,85,507,26,110,25,114,23,174,6,116,90,13,91,52,94,365,95,26,96,543,87.5,1021,999,0.505
2026-04-18 04:20:07 PM,KXATPCHALLENGERMATCH-26APR19TULKLO-KLO,85,507,26,110,25,114,23,174,6,116,90,13,91,52,93,30,94,365,95,26,87.5,1021,486,0.678
2026-04-18 04:20:07 PM,KXATPCHALLENGERMATCH-26APR19TULKLO-KLO,85,507,26,110,25,114,23,174,6,116,90,13,93,30,94,365,95,26,96,543,87.5,1021,977,0.511
2026-04-18 04:20:07 PM,KXATPCHALLENGERMATCH-26APR19TULKLO-KLO,85,507,26,110,25,114,23,174,6,116,89,22,90,13,93,30,94,365,95,26,87.0,1021,456,0.691
2026-04-18 04:20:07 PM,KXATPCHALLENGERMATCH-26APR19TULKLO-KLO,85,507,26,110,25,114,23,174,6,116,89,22,90,13,93,60,94,365,95,26,87.0,1021,486,0.678
2026-04-18 04:20:07 PM,KXATPCHALLENGERMATCH-26APR19TULKLO-KLO,85,507,26,110,25,114,23,174,6,116,89,22,93,60,94,365,95,26,96,543,87.0,1021,1016,0.501
2026-04-18 04:20:08 PM,KXATPCHALLENGERMATCH-26APR19TULKLO-KLO,85,507,26,110,25,114,23,174,6,116,93,60,94,365,95,26,96,543,97,84,89.0,1021,1078,0.486
2026-04-18 04:20:08 PM,KXATPCHALLENGERMATCH-26APR19TULKLO-KLO,85,507,26,110,25,114,23,174,6,116,93,82,94,365,95,26,96,543,97,84,89.0,1021,1100,0.481
2026-04-18 04:20:08 PM,KXATPCHALLENGERMATCH-26APR19TULKLO-KLO,85,507,26,110,25,114,23,174,6,116,92,13,93,82,94,365,95,26,96,543,88.5,1021,1029,0.498
2026-04-18 04:20:08 PM,KXATPCHALLENGERMATCH-26APR19TULKLO-KLO,85,507,26,110,25,114,23,174,6,116,92,13,93,52,94,365,95,26,96,543,88.5,1021,999,0.505
2026-04-18 04:20:08 PM,KXATPCHALLENGERMATCH-26APR19TULKLO-KLO,85,507,26,110,25,114,23,174,6,116,92,13,93,22,94,365,95,26,96,543,88.5,1021,969,0.513
2026-04-18 04:20:08 PM,KXATPCHALLENGERMATCH-26APR19TULKLO-KLO,85,507,26,110,25,114,23,174,6,116,92,13,94,365,95,26,96,543,97,84,88.5,1021,1031,0.498
2026-04-18 04:20:08 PM,KXATPCHALLENGERMATCH-26APR19TULKLO-KLO,85,507,26,110,25,114,23,174,6,116,91,52,92,13,94,365,95,26,96,543,88.0,1021,999,0.505
2026-04-18 04:20:08 PM,KXATPCHALLENGERMATCH-26APR19TULKLO-KLO,85,507,26,110,25,114,23,174,6,116,91,52,92,28,94,365,95,26,96,543,88.0,1021,1014,0.502
2026-04-18 04:20:08 PM,KXATPCHALLENGERMATCH-26APR19TULKLO-KLO,85,507,26,110,25,114,23,174,6,116,91,52,92,15,94,365,95,26,96,543,88.0,1021,1001,0.505
2026-04-18 04:20:08 PM,KXATPCHALLENGERMATCH-26APR19TULKLO-KLO,85,507,26,110,25,114,23,174,6,116,90,13,91,52,92,15,94,365,95,26,87.5,1021,471,0.684
2026-04-18 04:20:09 PM,KXATPCHALLENGERMATCH-26APR19TULKLO-KLO,85,500,26,110,25,114,23,174,6,116,90,13,91,52,92,15,94,365,95,26,87.5,1014,471,0.683
2026-04-18 04:20:09 PM,KXATPCHALLENGERMATCH-26APR19TULKLO-KLO,85,500,25,114,23,174,6,116,5,194,90,13,91,52,92,15,94,365,95,26,87.5,1098,471,0.700
2026-04-18 04:20:09 PM,KXATPCHALLENGERMATCH-26APR19TULKLO-KLO,85,500,25,114,23,174,6,116,5,194,90,13,92,15,94,365,95,26,96,543,87.5,1098,962,0.533
2026-04-18 04:20:09 PM,KXATPCHALLENGERMATCH-26APR19TULKLO-KLO,85,500,25,114,23,174,6,116,5,194,90,13,94,365,95,26,96,543,97,84,87.5,1098,1031,0.516
2026-04-18 04:20:09 PM,KXATPCHALLENGERMATCH-26APR19TULKLO-KLO,85,507,25,114,23,174,6,116,5,194,90,13,94,365,95,26,96,543,97,84,87.5,1105,1031,0.517
2026-04-18 04:20:09 PM,KXATPCHALLENGERMATCH-26APR19TULKLO-KLO,85,507,27,110,25,114,23,174,6,116,90,13,94,365,95,26,96,543,97,84,87.5,1021,1031,0.498
2026-04-18 04:20:09 PM,KXATPCHALLENGERMATCH-26APR19TULKLO-KLO,85,507,27,110,25,114,23,174,6,116,89,22,90,13,94,365,95,26,96,543,87.0,1021,969,0.513
2026-04-18 04:20:09 PM,KXATPCHALLENGERMATCH-26APR19TULKLO-KLO,85,507,27,110,25,114,23,174,6,116,89,22,90,28,94,365,95,26,96,543,87.0,1021,984,0.509
2026-04-18 04:20:09 PM,KXATPCHALLENGERMATCH-26APR19TULKLO-KLO,85,507,27,110,25,114,23,174,6,116,89,22,90,29,94,365,95,26,96,543,87.0,1021,985,0.509
2026-04-18 04:20:09 PM,KXATPCHALLENGERMATCH-26APR19TULKLO-KLO,85,507,27,110,25,114,23,174,6,116,89,22,90,15,94,365,95,26,96,543,87.0,1021,971,0.513
2026-04-18 04:20:09 PM,KXATPCHALLENGERMATCH-26APR19TULKLO-KLO,85,507,25,114,23,174,6,116,5,194,89,22,90,15,94,365,95,26,96,543,87.0,1105,971,0.532
2026-04-18 04:20:09 PM,KXATPCHALLENGERMATCH-26APR19TULKLO-KLO,85,507,25,114,23,174,6,116,5,194,90,15,94,365,95,26,96,543,97,84,87.5,1105,1033,0.517
2026-04-18 04:20:09 PM,KXATPCHALLENGERMATCH-26APR19TULKLO-KLO,85,507,25,114,23,174,6,116,5,194,94,365,95,26,96,543,97,84,98,2184,89.5,1105,3202,0.257
2026-04-18 04:20:09 PM,KXATPCHALLENGERMATCH-26APR19TULKLO-KLO,85,507,28,110,25,114,23,174,6,116,94,365,95,26,96,543,97,84,98,2184,89.5,1021,3202,0.242
2026-04-18 04:20:09 PM,KXATPCHALLENGERMATCH-26APR19TULKLO-KLO,85,507,28,110,25,114,23,174,6,116,89,22,94,365,95,26,96,543,97,84,87.0,1021,1040,0.495
2026-04-18 04:20:10 PM,KXATPCHALLENGERMATCH-26APR19TULKLO-KLO,85,507,28,110,26,110,25,114,23,174,89,22,94,365,95,26,96,543,97,84,87.0,1015,1040,0.494
2026-04-18 04:20:10 PM,KXATPCHALLENGERMATCH-26APR19TULKLO-KLO,85,507,26,110,25,114,23,174,6,116,89,22,94,365,95,26,96,543,97,84,87.0,1021,1040,0.495
2026-04-18 04:20:10 PM,KXATPCHALLENGERMATCH-26APR19TULKLO-KLO,85,507,26,110,25,114,23,174,6,116,94,365,95,26,96,543,97,84,98,2184,89.5,1021,3202,0.242
2026-04-18 04:20:10 PM,KXATPCHALLENGERMATCH-26APR19TULKLO-KLO,85,507,29,110,26,110,25,114,23,174,94,365,95,26,96,543,97,84,98,2184,89.5,1015,3202,0.241
2026-04-18 04:20:10 PM,KXATPCHALLENGERMATCH-26APR19TULKLO-KLO,85,507,29,110,26,110,25,114,23,174,89,22,94,365,95,26,96,543,97,84,87.0,1015,1040,0.494
2026-04-18 04:20:10 PM,KXATPCHALLENGERMATCH-26APR19TULKLO-KLO,85,507,29,110,26,110,25,114,23,174,89,22,93,60,94,365,95,26,96,543,87.0,1015,1016,0.500
2026-04-18 04:20:11 PM,KXATPCHALLENGERMATCH-26APR19TULKLO-KLO,85,507,26,110,25,114,23,174,6,116,89,22,93,60,94,365,95,26,96,543,87.0,1021,1016,0.501
2026-04-18 04:20:11 PM,KXATPCHALLENGERMATCH-26APR19TULKLO-KLO,85,507,26,110,25,114,23,174,6,116,93,60,94,365,95,26,96,543,97,84,89.0,1021,1078,0.486
2026-04-18 04:20:11 PM,KXATPCHALLENGERMATCH-26APR19TULKLO-KLO,85,507,25,114,23,174,6,116,5,194,93,60,94,365,95,26,96,543,97,84,89.0,1105,1078,0.506
2026-04-18 04:20:11 PM,KXATPCHALLENGERMATCH-26APR19TULKLO-KLO,85,507,30,110,25,114,23,174,6,116,93,60,94,365,95,26,96,543,97,84,89.0,1021,1078,0.486
2026-04-18 04:20:11 PM,KXATPCHALLENGERMATCH-26APR19TULKLO-KLO,85,507,30,110,25,114,23,174,6,116,89,22,93,60,94,365,95,26,96,543,87.0,1021,1016,0.501
2026-04-18 04:20:11 PM,KXATPCHALLENGERMATCH-26APR19TULKLO-KLO,85,507,30,110,26,110,25,114,23,174,89,22,93,60,94,365,95,26,96,543,87.0,1015,1016,0.500
2026-04-18 04:20:11 PM,KXATPCHALLENGERMATCH-26APR19TULKLO-KLO,85,507,26,110,25,114,23,174,6,116,89,22,93,60,94,365,95,26,96,543,87.0,1021,1016,0.501
2026-04-18 04:20:11 PM,KXATPCHALLENGERMATCH-26APR19TULKLO-KLO,85,507,26,110,25,114,23,174,6,116,89,22,93,82,94,365,95,26,96,543,87.0,1021,1038,0.496
2026-04-18 04:20:11 PM,KXATPCHALLENGERMATCH-26APR19TULKLO-KLO,85,507,26,110,25,114,23,174,6,116,93,82,94,365,95,26,96,543,97,84,89.0,1021,1100,0.481
2026-04-18 04:20:12 PM,KXATPCHALLENGERMATCH-26APR19TULKLO-KLO,85,507,26,110,25,114,23,174,6,116,93,82,94,380,95,26,96,543,97,84,89.0,1021,1115,0.478
2026-04-18 04:20:12 PM,KXATPCHALLENGERMATCH-26APR19TULKLO-KLO,85,507,26,110,25,114,23,174,6,116,92,18,93,82,94,380,95,26,96,543,88.5,1021,1049,0.493
2026-04-18 04:20:12 PM,KXATPCHALLENGERMATCH-26APR19TULKLO-KLO,85,507,26,110,25,114,23,174,6,116,92,18,93,82,94,365,95,26,96,543,88.5,1021,1034,0.497
2026-04-18 04:20:12 PM,KXATPCHALLENGERMATCH-26APR19TULKLO-KLO,85,507,26,110,25,114,23,174,6,116,92,18,93,22,94,365,95,26,96,543,88.5,1021,974,0.512
2026-04-18 04:20:13 PM,KXATPCHALLENGERMATCH-26APR19TULKLO-KLO,85,500,26,110,25,114,23,174,6,116,92,18,93,22,94,365,95,26,96,543,88.5,1014,974,0.510
2026-04-18 04:20:13 PM,KXATPCHALLENGERMATCH-26APR19TULKLO-KLO,85,500,25,114,23,174,6,116,5,194,92,18,93,22,94,365,95,26,96,543,88.5,1098,974,0.530
2026-04-18 04:20:13 PM,KXATPCHALLENGERMATCH-26APR19TULKLO-KLO,85,500,25,114,23,174,6,116,5,194,92,18,94,365,95,26,96,543,97,84,88.5,1098,1036,0.515
2026-04-18 04:20:13 PM,KXATPCHALLENGERMATCH-26APR19TULKLO-KLO,85,500,25,114,23,174,6,116,5,194,92,4,94,365,95,26,96,543,97,84,88.5,1098,1022,0.518
2026-04-18 04:21:21 PM,KXATPCHALLENGERMATCH-26APR19TULKLO-KLO,85,500,25,114,23,174,7,1897,6,116,92,4,94,365,95,26,96,543,97,84,88.5,2801,1022,0.733
2026-04-18 04:21:21 PM,KXATPCHALLENGERMATCH-26APR19TULKLO-KLO,85,500,23,174,7,1897,6,116,5,194,92,4,94,365,95,26,96,543,97,84,88.5,2881,1022,0.738
2026-04-18 04:21:21 PM,KXATPCHALLENGERMATCH-26APR19TULKLO-KLO,85,500,7,1897,6,116,5,194,4,823,92,4,94,365,95,26,96,543,97,84,88.5,3530,1022,0.775
2026-04-18 04:21:21 PM,KXATPCHALLENGERMATCH-26APR19TULKLO-KLO,85,500,7,1897,6,292,5,194,4,823,92,4,94,365,95,26,96,543,97,84,88.5,3706,1022,0.784
2026-04-18 04:21:21 PM,KXATPCHALLENGERMATCH-26APR19TULKLO-KLO,85,507,7,1897,6,292,5,194,4,823,92,4,94,365,95,26,96,543,97,84,88.5,3713,1022,0.784
2026-04-18 04:21:21 PM,KXATPCHALLENGERMATCH-26APR19TULKLO-KLO,85,507,26,110,7,1897,6,292,5,194,92,4,94,365,95,26,96,543,97,84,88.5,3000,1022,0.746
2026-04-18 04:21:22 PM,KXATPCHALLENGERMATCH-26APR19TULKLO-KLO,85,507,7,1897,6,292,5,194,4,823,92,4,94,365,95,26,96,543,97,84,88.5,3713,1022,0.784
2026-04-18 04:21:47 PM,KXATPCHALLENGERMATCH-26APR19TULKLO-KLO,85,507,7,1897,6,292,5,194,4,823,92,26,94,365,95,26,96,543,97,84,88.5,3713,1044,0.781
2026-04-18 04:21:47 PM,KXATPCHALLENGERMATCH-26APR19TULKLO-KLO,85,507,8,110,7,1897,6,292,5,194,92,26,94,365,95,26,96,543,97,84,88.5,3000,1044,0.742
2026-04-18 04:21:47 PM,KXATPCHALLENGERMATCH-26APR19TULKLO-KLO,85,507,8,110,7,1897,6,292,5,194,92,27,94,365,95,26,96,543,97,84,88.5,3000,1045,0.742
2026-04-18 04:21:47 PM,KXATPCHALLENGERMATCH-26APR19TULKLO-KLO,85,507,8,110,7,1897,6,116,5,194,92,27,94,365,95,26,96,543,97,84,88.5,2824,1045,0.730
2026-04-18 04:21:47 PM,KXATPCHALLENGERMATCH-26APR19TULKLO-KLO,85,507,8,257,7,1897,6,116,5,194,92,27,94,365,95,26,96,543,97,84,88.5,2971,1045,0.740
2026-04-18 04:21:47 PM,KXATPCHALLENGERMATCH-26APR19TULKLO-KLO,85,507,8,257,7,2016,6,116,5,194,92,27,94,365,95,26,96,543,97,84,88.5,3090,1045,0.747
2026-04-18 04:21:47 PM,KXATPCHALLENGERMATCH-26APR19TULKLO-KLO,85,507,8,257,7,2016,6,116,5,194,91,38,92,27,94,365,95,26,96,543,88.0,3090,999,0.756
2026-04-18 04:21:47 PM,KXATPCHALLENGERMATCH-26APR19TULKLO-KLO,85,507,8,257,7,2016,6,116,5,194,91,38,92,27,93,30,94,365,95,26,88.0,3090,486,0.864
2026-04-18 04:21:48 PM,KXATPCHALLENGERMATCH-26APR19TULKLO-KLO,85,507,8,257,7,2016,6,116,5,194,91,38,93,30,94,365,95,26,96,543,88.0,3090,1002,0.755
2026-04-18 04:21:48 PM,KXATPCHALLENGERMATCH-26APR19TULKLO-KLO,85,507,8,147,7,2016,6,116,5,194,91,38,93,30,94,365,95,26,96,543,88.0,2980,1002,0.748
2026-04-18 04:21:48 PM,KXATPCHALLENGERMATCH-26APR19TULKLO-KLO,85,507,8,147,7,2016,6,116,5,194,93,30,94,365,95,26,96,543,97,84,89.0,2980,1048,0.740
2026-04-18 04:21:48 PM,KXATPCHALLENGERMATCH-26APR19TULKLO-KLO,85,507,8,147,7,2016,6,116,5,194,92,27,93,30,94,365,95,26,96,543,88.5,2980,991,0.750
2026-04-18 04:21:48 PM,KXATPCHALLENGERMATCH-26APR19TULKLO-KLO,85,507,8,147,7,2016,6,116,5,194,92,5,93,30,94,365,95,26,96,543,88.5,2980,969,0.755
2026-04-18 04:21:48 PM,KXATPCHALLENGERMATCH-26APR19TULKLO-KLO,85,507,9,110,8,147,7,2016,6,116,92,5,93,30,94,365,95,26,96,543,88.5,2896,969,0.749
2026-04-18 04:21:48 PM,KXATPCHALLENGERMATCH-26APR19TULKLO-KLO,85,507,9,110,8,147,7,2016,6,116,91,38,92,5,93,30,94,365,95,26,88.0,2896,464,0.862
2026-04-18 04:21:48 PM,KXATPCHALLENGERMATCH-26APR19TULKLO-KLO,85,507,9,110,8,147,7,2016,6,116,91,38,92,22,93,30,94,365,95,26,88.0,2896,481,0.858
2026-04-18 04:21:49 PM,KXATPCHALLENGERMATCH-26APR19TULKLO-KLO,85,507,9,110,8,147,7,2016,6,116,91,38,93,30,94,365,95,26,96,543,88.0,2896,1002,0.743
2026-04-18 04:21:49 PM,KXATPCHALLENGERMATCH-26APR19TULKLO-KLO,85,507,9,110,8,147,7,2016,6,116,93,30,94,365,95,26,96,543,97,84,89.0,2896,1048,0.734
2026-04-18 04:21:49 PM,KXATPCHALLENGERMATCH-26APR19TULKLO-KLO,85,507,9,110,8,147,7,2016,6,116,90,22,93,30,94,365,95,26,96,543,87.5,2896,986,0.746
2026-04-18 04:21:49 PM,KXATPCHALLENGERMATCH-26APR19TULKLO-KLO,85,507,9,110,8,147,7,2016,6,116,90,22,92,27,93,30,94,365,95,26,87.5,2896,470,0.860
2026-04-18 04:21:49 PM,KXATPCHALLENGERMATCH-26APR19TULKLO-KLO,85,507,9,110,8,147,7,2016,6,116,90,22,93,30,94,365,95,26,96,543,87.5,2896,986,0.746
2026-04-18 04:21:49 PM,KXATPCHALLENGERMATCH-26APR19TULKLO-KLO,85,507,9,110,8,147,7,2016,6,116,93,30,94,365,95,26,96,543,97,84,89.0,2896,1048,0.734
2026-04-18 04:21:49 PM,KXATPCHALLENGERMATCH-26APR19TULKLO-KLO,85,507,9,110,8,147,7,2016,6,116,89,7,93,30,94,365,95,26,96,543,87.0,2896,971,0.749
2026-04-18 04:21:49 PM,KXATPCHALLENGERMATCH-26APR19TULKLO-KLO,85,507,9,110,8,147,7,2016,6,116,89,7,93,61,94,365,95,26,96,543,87.0,2896,1002,0.743
2026-04-18 04:21:50 PM,KXATPCHALLENGERMATCH-26APR19TULKLO-KLO,85,507,9,110,8,147,7,2016,6,116,93,61,94,365,95,26,96,543,97,84,89.0,2896,1079,0.729
2026-04-18 04:21:50 PM,KXATPCHALLENGERMATCH-26APR19TULKLO-KLO,85,507,9,110,8,147,7,2016,6,116,93,61,94,380,95,26,96,543,97,84,89.0,2896,1094,0.726
2026-04-18 04:21:50 PM,KXATPCHALLENGERMATCH-26APR19TULKLO-KLO,85,507,9,110,8,147,7,2016,6,116,92,27,93,61,94,380,95,26,96,543,88.5,2896,1037,0.736
2026-04-18 04:21:50 PM,KXATPCHALLENGERMATCH-26APR19TULKLO-KLO,85,507,9,110,8,147,7,2016,6,116,92,9,93,61,94,380,95,26,96,543,88.5,2896,1019,0.740
2026-04-18 04:21:50 PM,KXATPCHALLENGERMATCH-26APR19TULKLO-KLO,85,507,9,110,8,147,7,2016,6,116,92,9,93,61,94,365,95,26,96,543,88.5,2896,1004,0.743
2026-04-18 04:21:50 PM,KXATPCHALLENGERMATCH-26APR19TULKLO-KLO,85,507,9,110,8,147,7,2016,6,116,92,9,93,31,94,365,95,26,96,543,88.5,2896,974,0.748
2026-04-18 04:21:50 PM,KXATPCHALLENGERMATCH-26APR19TULKLO-KLO,85,507,9,110,8,147,7,2016,6,116,92,9,94,365,95,26,96,543,97,84,88.5,2896,1027,0.738
2026-04-18 04:21:50 PM,KXATPCHALLENGERMATCH-26APR19TULKLO-KLO,85,507,9,110,8,147,7,2016,6,116,91,38,92,9,94,365,95,26,96,543,88.0,2896,981,0.747
2026-04-18 04:21:51 PM,KXATPCHALLENGERMATCH-26APR19TULKLO-KLO,85,507,9,110,8,147,7,2016,6,116,91,38,94,365,95,26,96,543,97,84,88.0,2896,1056,0.733
2026-04-18 04:21:51 PM,KXATPCHALLENGERMATCH-26APR19TULKLO-KLO,85,507,9,110,8,147,7,2016,6,116,94,365,95,26,96,543,97,84,98,2306,89.5,2896,3324,0.466
2026-04-18 04:21:51 PM,KXATPCHALLENGERMATCH-26APR19TULKLO-KLO,85,507,9,110,8,147,7,2016,6,116,93,27,94,365,95,26,96,543,97,84,89.0,2896,1045,0.735
2026-04-18 04:21:51 PM,KXATPCHALLENGERMATCH-26APR19TULKLO-KLO,85,507,9,110,8,147,7,2016,6,116,93,9,94,365,95,26,96,543,97,84,89.0,2896,1027,0.738
2026-04-18 04:21:51 PM,KXATPCHALLENGERMATCH-26APR19TULKLO-KLO,85,507,9,110,8,147,7,2016,6,116,92,53,93,9,94,365,95,26,96,543,88.5,2896,996,0.744
2026-04-18 04:21:51 PM,KXATPCHALLENGERMATCH-26APR19TULKLO-KLO,85,507,9,110,8,147,7,2016,6,116,92,53,93,24,94,365,95,26,96,543,88.5,2896,1011,0.741
2026-04-18 04:21:52 PM,KXATPCHALLENGERMATCH-26APR19TULKLO-KLO,85,507,9,110,8,147,7,2016,6,116,92,53,93,15,94,365,95,26,96,543,88.5,2896,1002,0.743
2026-04-18 04:21:52 PM,KXATPCHALLENGERMATCH-26APR19TULKLO-KLO,85,507,9,110,8,147,7,2016,6,116,91,9,92,53,93,15,94,365,95,26,88.0,2896,468,0.861
2026-04-18 04:21:52 PM,KXATPCHALLENGERMATCH-26APR19TULKLO-KLO,85,507,9,110,8,147,7,2016,6,116,91,5,92,53,93,15,94,365,95,26,88.0,2896,464,0.862
2026-04-18 04:21:52 PM,KXATPCHALLENGERMATCH-26APR19TULKLO-KLO,85,507,9,110,8,147,7,2016,6,116,92,53,93,15,94,365,95,26,96,543,88.5,2896,1002,0.743
2026-04-18 04:21:52 PM,KXATPCHALLENGERMATCH-26APR19TULKLO-KLO,85,507,9,110,8,147,7,2016,6,116,90,22,92,53,93,15,94,365,95,26,87.5,2896,481,0.858
2026-04-18 04:21:52 PM,KXATPCHALLENGERMATCH-26APR19TULKLO-KLO,85,507,9,110,8,147,7,2016,6,116,90,22,93,15,94,365,95,26,96,543,87.5,2896,971,0.749
2026-04-18 04:21:52 PM,KXATPCHALLENGERMATCH-26APR19TULKLO-KLO,85,507,9,110,8,147,7,2016,6,116,93,15,94,365,95,26,96,543,97,84,89.0,2896,1033,0.737
2026-04-18 04:21:52 PM,KXATPCHALLENGERMATCH-26APR19TULKLO-KLO,85,507,9,110,8,147,7,2016,6,116,89,7,93,15,94,365,95,26,96,543,87.0,2896,956,0.752
2026-04-18 04:21:52 PM,KXATPCHALLENGERMATCH-26APR19TULKLO-KLO,85,507,9,110,8,147,7,2016,6,116,89,7,93,61,94,365,95,26,96,543,87.0,2896,1002,0.743
2026-04-18 04:21:53 PM,KXATPCHALLENGERMATCH-26APR19TULKLO-KLO,85,507,9,110,8,147,7,2016,6,116,93,61,94,365,95,26,96,543,97,84,89.0,2896,1079,0.729
2026-04-18 04:21:54 PM,KXATPCHALLENGERMATCH-26APR19TULKLO-KLO,85,507,9,110,8,147,7,2016,6,116,92,19,93,61,94,365,95,26,96,543,88.5,2896,1014,0.741
2026-04-18 04:21:54 PM,KXATPCHALLENGERMATCH-26APR19TULKLO-KLO,85,507,9,110,8,147,7,2016,6,116,91,38,92,19,93,61,94,365,95,26,88.0,2896,509,0.851
2026-04-18 04:21:54 PM,KXATPCHALLENGERMATCH-26APR19TULKLO-KLO,85,507,9,110,8,147,7,2016,6,116,91,38,92,19,93,46,94,365,95,26,88.0,2896,494,0.854
2026-04-18 04:21:54 PM,KXATPCHALLENGERMATCH-26APR19TULKLO-KLO,85,507,9,110,8,147,7,2016,6,116,91,38,92,19,94,365,95,26,96,543,88.0,2896,991,0.745
2026-04-18 04:21:54 PM,KXATPCHALLENGERMATCH-26APR19TULKLO-KLO,85,507,9,110,8,147,7,2016,6,116,91,38,94,365,95,26,96,543,97,84,88.0,2896,1056,0.733
2026-04-18 04:21:55 PM,KXATPCHALLENGERMATCH-26APR19TULKLO-KLO,85,507,9,110,8,147,7,2016,6,116,91,38,93,68,94,365,95,26,96,543,88.0,2896,1040,0.736
2026-04-18 04:21:55 PM,KXATPCHALLENGERMATCH-26APR19TULKLO-KLO,85,507,9,110,8,147,7,2016,6,116,91,38,93,68,94,380,95,26,96,543,88.0,2896,1055,0.733
2026-04-18 04:21:55 PM,KXATPCHALLENGERMATCH-26APR19TULKLO-KLO,85,507,9,110,8,147,7,2016,6,116,93,68,94,380,95,26,96,543,97,84,89.0,2896,1101,0.725
2026-04-18 04:21:55 PM,KXATPCHALLENGERMATCH-26APR19TULKLO-KLO,85,507,9,110,8,147,7,2016,6,116,92,7,93,68,94,380,95,26,96,543,88.5,2896,1024,0.739
2026-04-18 04:21:55 PM,KXATPCHALLENGERMATCH-26APR19TULKLO-KLO,85,507,9,110,8,147,7,2016,6,116,92,27,93,68,94,380,95,26,96,543,88.5,2896,1044,0.735
2026-04-18 04:21:55 PM,KXATPCHALLENGERMATCH-26APR19TULKLO-KLO,85,507,9,110,8,147,7,2016,6,116,91,38,92,27,93,68,94,380,95,26,88.0,2896,539,0.843
2026-04-18 04:21:55 PM,KXATPCHALLENGERMATCH-26APR19TULKLO-KLO,85,507,9,110,8,147,7,2016,6,116,91,38,92,27,93,68,94,365,95,26,88.0,2896,524,0.847
2026-04-18 04:21:55 PM,KXATPCHALLENGERMATCH-26APR19TULKLO-KLO,85,507,9,110,8,147,7,2016,6,116,91,38,92,27,94,365,95,26,96,543,88.0,2896,999,0.744
2026-04-18 04:21:55 PM,KXATPCHALLENGERMATCH-26APR19TULKLO-KLO,85,507,9,110,8,147,7,2016,6,116,91,38,94,365,95,26,96,543,97,84,88.0,2896,1056,0.733
2026-04-18 04:21:56 PM,KXATPCHALLENGERMATCH-26APR19TULKLO-KLO,85,507,9,110,8,147,7,2016,6,116,91,38,93,68,94,365,95,26,96,543,88.0,2896,1040,0.736
2026-04-18 04:21:56 PM,KXATPCHALLENGERMATCH-26APR19TULKLO-KLO,85,507,9,110,8,147,7,2016,6,116,91,38,93,68,94,380,95,26,96,543,88.0,2896,1055,0.733
2026-04-18 04:21:56 PM,KXATPCHALLENGERMATCH-26APR19TULKLO-KLO,85,507,9,110,8,147,7,2016,6,116,93,68,94,380,95,26,96,543,97,84,89.0,2896,1101,0.725
2026-04-18 04:21:56 PM,KXATPCHALLENGERMATCH-26APR19TULKLO-KLO,85,507,9,110,8,147,7,2016,6,116,92,9,93,68,94,380,95,26,96,543,88.5,2896,1026,0.738
2026-04-18 04:21:56 PM,KXATPCHALLENGERMATCH-26APR19TULKLO-KLO,85,507,9,110,8,147,7,2016,6,116,92,5,93,68,94,380,95,26,96,543,88.5,2896,1022,0.739
2026-04-18 04:21:56 PM,KXATPCHALLENGERMATCH-26APR19TULKLO-KLO,85,507,9,110,8,147,7,2016,6,116,91,38,92,5,93,68,94,380,95,26,88.0,2896,517,0.849
2026-04-18 04:21:56 PM,KXATPCHALLENGERMATCH-26APR19TULKLO-KLO,85,507,9,110,8,147,7,2016,6,116,91,38,92,5,93,68,94,365,95,26,88.0,2896,502,0.852
2026-04-18 04:21:56 PM,KXATPCHALLENGERMATCH-26APR19TULKLO-KLO,85,507,9,110,8,147,7,2016,6,116,91,38,92,5,94,365,95,26,96,543,88.0,2896,977,0.748
2026-04-18 04:21:56 PM,KXATPCHALLENGERMATCH-26APR19TULKLO-KLO,85,507,9,110,8,147,7,2016,6,116,91,38,92,27,94,365,95,26,96,543,88.0,2896,999,0.744
2026-04-18 04:21:56 PM,KXATPCHALLENGERMATCH-26APR19TULKLO-KLO,85,507,9,110,8,147,7,2016,6,116,91,38,94,365,95,26,96,543,97,84,88.0,2896,1056,0.733
2026-04-18 04:21:57 PM,KXATPCHALLENGERMATCH-26APR19TULKLO-KLO,85,507,9,110,8,147,7,2016,6,116,94,365,95,26,96,543,97,84,98,2306,89.5,2896,3324,0.466
2026-04-18 04:21:57 PM,KXATPCHALLENGERMATCH-26APR19TULKLO-KLO,85,507,9,110,8,147,7,2016,6,116,93,68,94,365,95,26,96,543,97,84,89.0,2896,1086,0.727
2026-04-18 04:21:57 PM,KXATPCHALLENGERMATCH-26APR19TULKLO-KLO,85,507,9,110,8,147,7,2016,6,116,93,68,94,380,95,26,96,543,97,84,89.0,2896,1101,0.725
2026-04-18 04:21:57 PM,KXATPCHALLENGERMATCH-26APR19TULKLO-KLO,85,507,9,110,8,147,7,2016,6,116,92,9,93,68,94,380,95,26,96,543,88.5,2896,1026,0.738
2026-04-18 04:21:57 PM,KXATPCHALLENGERMATCH-26APR19TULKLO-KLO,85,507,9,110,8,147,7,2016,6,116,92,27,93,68,94,380,95,26,96,543,88.5,2896,1044,0.735
2026-04-18 04:21:57 PM,KXATPCHALLENGERMATCH-26APR19TULKLO-KLO,85,507,9,110,8,147,7,2016,6,116,93,68,94,380,95,26,96,543,97,84,89.0,2896,1101,0.725
2026-04-18 04:21:57 PM,KXATPCHALLENGERMATCH-26APR19TULKLO-KLO,85,507,9,110,8,147,7,2016,6,116,91,27,93,68,94,380,95,26,96,543,88.0,2896,1044,0.735
2026-04-18 04:21:57 PM,KXATPCHALLENGERMATCH-26APR19TULKLO-KLO,85,507,9,110,8,147,7,2016,6,116,90,22,91,27,93,68,94,380,95,26,87.5,2896,523,0.847
2026-04-18 04:21:57 PM,KXATPCHALLENGERMATCH-26APR19TULKLO-KLO,85,507,9,110,8,147,7,2016,6,116,90,22,91,27,93,68,94,365,95,26,87.5,2896,508,0.851
2026-04-18 04:21:57 PM,KXATPCHALLENGERMATCH-26APR19TULKLO-KLO,85,507,9,110,8,147,7,2016,6,116,90,22,93,68,94,365,95,26,96,543,87.5,2896,1024,0.739
2026-04-18 04:21:58 PM,KXATPCHALLENGERMATCH-26APR19TULKLO-KLO,85,507,9,110,8,147,7,2016,6,116,93,68,94,365,95,26,96,543,97,84,89.0,2896,1086,0.727
2026-04-18 04:21:58 PM,KXATPCHALLENGERMATCH-26APR19TULKLO-KLO,85,507,9,110,8,147,7,2016,6,116,92,7,93,68,94,365,95,26,96,543,88.5,2896,1009,0.742
2026-04-18 04:21:58 PM,KXATPCHALLENGERMATCH-26APR19TULKLO-KLO,85,507,9,110,8,147,7,2016,6,116,92,7,94,365,95,26,96,543,97,84,88.5,2896,1025,0.739
2026-04-18 04:21:58 PM,KXATPCHALLENGERMATCH-26APR19TULKLO-KLO,85,507,9,110,8,147,7,2016,6,116,91,38,92,7,94,365,95,26,96,543,88.0,2896,979,0.747
2026-04-18 04:21:58 PM,KXATPCHALLENGERMATCH-26APR19TULKLO-KLO,85,507,9,110,8,147,7,2016,6,116,91,38,92,4,94,365,95,26,96,543,88.0,2896,976,0.748
2026-04-18 04:21:58 PM,KXATPCHALLENGERMATCH-26APR19TULKLO-KLO,85,507,9,110,8,147,7,2016,6,116,91,38,94,365,95,26,96,543,97,84,88.0,2896,1056,0.733
2026-04-18 04:21:59 PM,KXATPCHALLENGERMATCH-26APR19TULKLO-KLO,85,507,9,110,8,147,7,2016,6,116,91,38,93,30,94,365,95,26,96,543,88.0,2896,1002,0.743
2026-04-18 04:21:59 PM,KXATPCHALLENGERMATCH-26APR19TULKLO-KLO,85,507,9,110,8,147,7,2016,6,116,93,30,94,365,95,26,96,543,97,84,89.0,2896,1048,0.734
2026-04-18 04:21:59 PM,KXATPCHALLENGERMATCH-26APR19TULKLO-KLO,85,507,9,110,8,147,7,2016,6,116,92,4,93,30,94,365,95,26,96,543,88.5,2896,968,0.749
2026-04-18 04:21:59 PM,KXATPCHALLENGERMATCH-26APR19TULKLO-KLO,85,507,9,110,8,147,7,2016,6,116,92,4,93,68,94,365,95,26,96,543,88.5,2896,1006,0.742
2026-04-18 04:22:00 PM,KXATPCHALLENGERMATCH-26APR19TULKLO-KLO,85,507,9,110,8,147,7,2016,6,116,91,38,92,4,93,68,94,365,95,26,88.0,2896,501,0.853
2026-04-18 04:22:00 PM,KXATPCHALLENGERMATCH-26APR19TULKLO-KLO,85,507,9,110,8,147,7,2016,6,116,91,38,92,4,93,38,94,365,95,26,88.0,2896,471,0.860
2026-04-18 04:22:00 PM,KXATPCHALLENGERMATCH-26APR19TULKLO-KLO,85,507,9,110,8,147,7,2016,6,116,91,38,93,38,94,365,95,26,96,543,88.0,2896,1010,0.741
2026-04-18 04:22:00 PM,KXATPCHALLENGERMATCH-26APR19TULKLO-KLO,85,507,9,110,8,147,7,2016,6,116,91,38,93,68,94,365,95,26,96,543,88.0,2896,1040,0.736
2026-04-18 04:22:00 PM,KXATPCHALLENGERMATCH-26APR19TULKLO-KLO,85,507,9,110,8,147,7,2016,6,116,91,38,93,68,94,380,95,26,96,543,88.0,2896,1055,0.733
2026-04-18 04:22:00 PM,KXATPCHALLENGERMATCH-26APR19TULKLO-KLO,85,507,9,110,8,147,7,2016,6,116,93,68,94,380,95,26,96,543,97,84,89.0,2896,1101,0.725
2026-04-18 04:22:00 PM,KXATPCHALLENGERMATCH-26APR19TULKLO-KLO,85,507,9,110,8,147,7,2016,6,116,92,4,93,68,94,380,95,26,96,543,88.5,2896,1021,0.739
2026-04-18 04:22:01 PM,KXATPCHALLENGERMATCH-26APR19TULKLO-KLO,85,507,9,110,8,147,7,2016,6,116,92,4,93,68,94,365,95,26,96,543,88.5,2896,1006,0.742
2026-04-18 04:22:01 PM,KXATPCHALLENGERMATCH-26APR19TULKLO-KLO,85,507,9,110,8,147,7,2016,6,116,92,4,93,30,94,365,95,26,96,543,88.5,2896,968,0.749
2026-04-18 04:22:01 PM,KXATPCHALLENGERMATCH-26APR19TULKLO-KLO,85,507,9,110,8,147,7,2016,6,116,92,4,94,365,95,26,96,543,97,84,88.5,2896,1022,0.739
2026-04-18 04:28:06 PM,KXATPCHALLENGERMATCH-26APR19TULKLO-KLO,85,507,9,110,8,147,7,119,6,116,92,4,94,365,95,26,96,543,97,84,88.5,999,1022,0.494
2026-04-18 04:28:06 PM,KXATPCHALLENGERMATCH-26APR19TULKLO-KLO,85,507,9,110,8,147,7,119,6,116,91,38,92,4,94,365,95,26,96,543,88.0,999,976,0.506
2026-04-18 04:28:06 PM,KXATPCHALLENGERMATCH-26APR19TULKLO-KLO,85,507,9,110,8,147,7,119,6,116,91,38,92,4,93,30,94,365,95,26,88.0,999,463,0.683
2026-04-18 04:28:06 PM,KXATPCHALLENGERMATCH-26APR19TULKLO-KLO,85,507,9,110,7,119,6,116,5,194,91,38,92,4,93,30,94,365,95,26,88.0,1046,463,0.693
2026-04-18 04:28:06 PM,KXATPCHALLENGERMATCH-26APR19TULKLO-KLO,85,507,10,174,9,110,7,119,6,116,91,38,92,4,93,30,94,365,95,26,88.0,1026,463,0.689
2026-04-18 04:28:06 PM,KXATPCHALLENGERMATCH-26APR19TULKLO-KLO,85,507,10,174,9,110,7,119,6,116,91,38,93,30,94,365,95,26,96,543,88.0,1026,1002,0.506
2026-04-18 04:28:06 PM,KXATPCHALLENGERMATCH-26APR19TULKLO-KLO,85,507,11,110,10,174,9,110,7,119,91,38,93,30,94,365,95,26,96,543,88.0,1020,1002,0.504
2026-04-18 04:28:06 PM,KXATPCHALLENGERMATCH-26APR19TULKLO-KLO,85,507,11,110,10,174,9,110,7,119,91,38,93,68,94,365,95,26,96,543,88.0,1020,1040,0.495
2026-04-18 04:28:06 PM,KXATPCHALLENGERMATCH-26APR19TULKLO-KLO,85,507,11,110,10,174,7,119,6,116,91,38,93,68,94,365,95,26,96,543,88.0,1026,1040,0.497
2026-04-18 04:28:06 PM,KXATPCHALLENGERMATCH-26APR19TULKLO-KLO,85,507,11,110,10,174,7,119,6,116,91,38,93,68,94,380,95,26,96,543,88.0,1026,1055,0.493
2026-04-18 04:28:06 PM,KXATPCHALLENGERMATCH-26APR19TULKLO-KLO,85,507,11,110,10,174,7,119,6,116,93,68,94,380,95,26,96,543,97,84,89.0,1026,1101,0.482
2026-04-18 04:28:07 PM,KXATPCHALLENGERMATCH-26APR19TULKLO-KLO,85,507,11,110,10,174,7,119,6,116,92,27,93,68,94,380,95,26,96,543,88.5,1026,1044,0.496
2026-04-18 04:28:07 PM,KXATPCHALLENGERMATCH-26APR19TULKLO-KLO,85,507,11,110,10,174,7,119,6,116,92,27,93,68,94,365,95,26,96,543,88.5,1026,1029,0.499
2026-04-18 04:28:07 PM,KXATPCHALLENGERMATCH-26APR19TULKLO-KLO,85,507,11,110,10,174,7,119,6,116,91,38,92,27,93,68,94,365,95,26,88.0,1026,524,0.662
2026-04-18 04:28:07 PM,KXATPCHALLENGERMATCH-26APR19TULKLO-KLO,85,507,11,110,10,174,7,119,6,116,91,38,92,27,93,38,94,365,95,26,88.0,1026,494,0.675
2026-04-18 04:28:07 PM,KXATPCHALLENGERMATCH-26APR19TULKLO-KLO,85,507,11,110,10,174,7,119,6,116,91,38,93,38,94,365,95,26,96,543,88.0,1026,1010,0.504
2026-04-18 04:28:07 PM,KXATPCHALLENGERMATCH-26APR19TULKLO-KLO,85,507,11,110,10,174,7,119,6,116,93,38,94,365,95,26,96,543,97,84,89.0,1026,1056,0.493
2026-04-18 04:28:07 PM,KXATPCHALLENGERMATCH-26APR19TULKLO-KLO,85,507,11,110,10,174,7,119,6,116,93,68,94,365,95,26,96,543,97,84,89.0,1026,1086,0.486
2026-04-18 04:28:07 PM,KXATPCHALLENGERMATCH-26APR19TULKLO-KLO,85,507,11,110,10,174,7,119,6,116,93,68,94,380,95,26,96,543,97,84,89.0,1026,1101,0.482
2026-04-18 04:28:09 PM,KXATPCHALLENGERMATCH-26APR19TULKLO-KLO,85,507,11,110,10,174,7,119,6,116,92,27,93,68,94,380,95,26,96,543,88.5,1026,1044,0.496
2026-04-18 04:28:09 PM,KXATPCHALLENGERMATCH-26APR19TULKLO-KLO,85,507,11,110,10,174,6,116,5,194,92,27,93,68,94,380,95,26,96,543,88.5,1101,1044,0.513
2026-04-18 04:28:09 PM,KXATPCHALLENGERMATCH-26APR19TULKLO-KLO,85,507,12,110,11,110,10,174,6,116,92,27,93,68,94,380,95,26,96,543,88.5,1017,1044,0.493
2026-04-18 04:28:09 PM,KXATPCHALLENGERMATCH-26APR19TULKLO-KLO,85,507,12,110,11,110,10,174,6,116,91,38,92,27,93,68,94,380,95,26,88.0,1017,539,0.654
2026-04-18 04:28:09 PM,KXATPCHALLENGERMATCH-26APR19TULKLO-KLO,85,507,12,110,11,110,10,174,6,116,91,38,92,27,93,68,94,365,95,26,88.0,1017,524,0.660
2026-04-18 04:28:09 PM,KXATPCHALLENGERMATCH-26APR19TULKLO-KLO,85,507,12,110,11,110,10,174,6,116,91,38,92,27,93,30,94,365,95,26,88.0,1017,486,0.677
2026-04-18 04:28:09 PM,KXATPCHALLENGERMATCH-26APR19TULKLO-KLO,85,507,12,110,11,110,10,174,6,116,91,38,93,30,94,365,95,26,96,543,88.0,1017,1002,0.504
2026-04-18 04:28:09 PM,KXATPCHALLENGERMATCH-26APR19TULKLO-KLO,85,507,12,110,10,174,6,116,5,194,91,38,93,30,94,365,95,26,96,543,88.0,1101,1002,0.524
2026-04-18 04:28:09 PM,KXATPCHALLENGERMATCH-26APR19TULKLO-KLO,85,507,12,110,10,174,6,116,5,194,93,30,94,365,95,26,96,543,97,84,89.0,1101,1048,0.512
2026-04-18 04:28:09 PM,KXATPCHALLENGERMATCH-26APR19TULKLO-KLO,85,507,13,110,12,110,10,174,6,116,93,30,94,365,95,26,96,543,97,84,89.0,1017,1048,0.492
2026-04-18 04:28:09 PM,KXATPCHALLENGERMATCH-26APR19TULKLO-KLO,85,507,13,110,12,110,10,174,6,116,93,68,94,365,95,26,96,543,97,84,89.0,1017,1086,0.484
2026-04-18 04:28:09 PM,KXATPCHALLENGERMATCH-26APR19TULKLO-KLO,85,507,13,110,12,110,10,174,6,116,93,68,94,380,95,26,96,543,97,84,89.0,1017,1101,0.480
2026-04-18 04:28:10 PM,KXATPCHALLENGERMATCH-26APR19TULKLO-KLO,85,507,13,110,12,110,10,174,6,116,92,27,93,68,94,380,95,26,96,543,88.5,1017,1044,0.493
2026-04-18 04:28:10 PM,KXATPCHALLENGERMATCH-26APR19TULKLO-KLO,85,507,13,110,12,110,10,174,6,116,91,38,92,27,93,68,94,380,95,26,88.0,1017,539,0.654
2026-04-18 04:28:10 PM,KXATPCHALLENGERMATCH-26APR19TULKLO-KLO,85,507,13,110,12,110,10,174,6,116,91,38,92,27,93,68,94,365,95,26,88.0,1017,524,0.660
2026-04-18 04:28:10 PM,KXATPCHALLENGERMATCH-26APR19TULKLO-KLO,85,507,13,110,12,110,10,174,6,116,91,38,92,27,93,38,94,365,95,26,88.0,1017,494,0.673
2026-04-18 04:28:10 PM,KXATPCHALLENGERMATCH-26APR19TULKLO-KLO,85,507,13,110,12,110,10,174,6,116,91,38,92,9,93,38,94,365,95,26,88.0,1017,476,0.681
2026-04-18 04:28:10 PM,KXATPCHALLENGERMATCH-26APR19TULKLO-KLO,85,507,13,110,12,110,10,174,6,116,91,38,93,38,94,365,95,26,96,543,88.0,1017,1010,0.502
2026-04-18 04:28:10 PM,KXATPCHALLENGERMATCH-26APR19TULKLO-KLO,85,507,13,110,12,110,10,174,6,116,91,38,93,68,94,365,95,26,96,543,88.0,1017,1040,0.494
2026-04-18 04:28:10 PM,KXATPCHALLENGERMATCH-26APR19TULKLO-KLO,85,507,13,110,12,110,10,174,6,116,93,68,94,365,95,26,96,543,97,84,89.0,1017,1086,0.484
2026-04-18 04:28:10 PM,KXATPCHALLENGERMATCH-26APR19TULKLO-KLO,85,507,13,110,12,110,10,174,6,116,93,68,94,380,95,26,96,543,97,84,89.0,1017,1101,0.480
2026-04-18 04:28:15 PM,KXATPCHALLENGERMATCH-26APR19TULKLO-KLO,85,507,13,110,12,110,10,174,6,116,92,27,93,68,94,380,95,26,96,543,88.5,1017,1044,0.493
2026-04-18 04:28:15 PM,KXATPCHALLENGERMATCH-26APR19TULKLO-KLO,85,507,13,110,12,110,10,174,6,116,91,38,92,27,93,68,94,380,95,26,88.0,1017,539,0.654
2026-04-18 04:28:15 PM,KXATPCHALLENGERMATCH-26APR19TULKLO-KLO,85,507,13,110,12,110,10,174,6,116,91,38,92,27,93,68,94,365,95,26,88.0,1017,524,0.660
2026-04-18 04:28:15 PM,KXATPCHALLENGERMATCH-26APR19TULKLO-KLO,85,507,13,110,12,110,10,174,6,116,91,38,92,27,93,30,94,365,95,26,88.0,1017,486,0.677
2026-04-18 04:28:15 PM,KXATPCHALLENGERMATCH-26APR19TULKLO-KLO,85,507,13,110,12,110,10,174,6,116,91,38,92,9,93,30,94,365,95,26,88.0,1017,468,0.685
2026-04-18 04:28:15 PM,KXATPCHALLENGERMATCH-26APR19TULKLO-KLO,85,507,13,110,12,110,10,174,6,116,91,38,93,30,94,365,95,26,96,543,88.0,1017,1002,0.504
2026-04-18 04:28:16 PM,KXATPCHALLENGERMATCH-26APR19TULKLO-KLO,85,507,13,110,12,110,10,174,6,116,93,30,94,365,95,26,96,543,97,84,89.0,1017,1048,0.492
2026-04-18 04:28:16 PM,KXATPCHALLENGERMATCH-26APR19TULKLO-KLO,85,507,13,110,12,110,10,174,6,116,93,68,94,365,95,26,96,543,97,84,89.0,1017,1086,0.484
2026-04-18 04:28:16 PM,KXATPCHALLENGERMATCH-26APR19TULKLO-KLO,85,507,13,110,12,110,10,174,6,116,92,27,93,68,94,365,95,26,96,543,88.5,1017,1029,0.497
2026-04-18 04:28:16 PM,KXATPCHALLENGERMATCH-26APR19TULKLO-KLO,85,507,13,110,12,110,10,174,6,116,92,27,93,38,94,365,95,26,96,543,88.5,1017,999,0.504
2026-04-18 04:28:16 PM,KXATPCHALLENGERMATCH-26APR19TULKLO-KLO,85,507,13,110,12,110,10,174,6,116,91,38,92,27,93,38,94,365,95,26,88.0,1017,494,0.673
2026-04-18 04:28:17 PM,KXATPCHALLENGERMATCH-26APR19TULKLO-KLO,85,507,13,110,12,110,10,174,6,116,91,38,93,38,94,365,95,26,96,543,88.0,1017,1010,0.502
2026-04-18 04:28:17 PM,KXATPCHALLENGERMATCH-26APR19TULKLO-KLO,85,507,13,110,12,110,10,174,6,116,93,38,94,365,95,26,96,543,97,84,89.0,1017,1056,0.491
2026-04-18 04:28:17 PM,KXATPCHALLENGERMATCH-26APR19TULKLO-KLO,85,507,13,110,12,110,10,174,6,116,93,68,94,365,95,26,96,543,97,84,89.0,1017,1086,0.484
2026-04-18 04:28:17 PM,KXATPCHALLENGERMATCH-26APR19TULKLO-KLO,85,507,13,110,12,110,10,174,6,116,93,68,94,380,95,26,96,543,97,84,89.0,1017,1101,0.480
2026-04-18 04:28:18 PM,KXATPCHALLENGERMATCH-26APR19TULKLO-KLO,85,507,13,110,12,110,10,174,6,116,92,9,93,68,94,380,95,26,96,543,88.5,1017,1026,0.498
2026-04-18 04:28:18 PM,KXATPCHALLENGERMATCH-26APR19TULKLO-KLO,85,507,13,110,12,110,10,174,6,116,92,9,93,68,94,365,95,26,96,543,88.5,1017,1011,0.501
2026-04-18 04:28:18 PM,KXATPCHALLENGERMATCH-26APR19TULKLO-KLO,85,507,13,110,12,110,10,174,6,116,92,9,93,30,94,365,95,26,96,543,88.5,1017,973,0.511
2026-04-18 04:28:18 PM,KXATPCHALLENGERMATCH-26APR19TULKLO-KLO,85,507,13,110,12,110,10,174,6,116,91,38,92,9,93,30,94,365,95,26,88.0,1017,468,0.685
2026-04-18 04:28:18 PM,KXATPCHALLENGERMATCH-26APR19TULKLO-KLO,85,507,13,110,12,110,10,174,6,116,91,38,92,27,93,30,94,365,95,26,88.0,1017,486,0.677
2026-04-18 04:28:18 PM,KXATPCHALLENGERMATCH-26APR19TULKLO-KLO,85,507,13,110,12,110,10,174,6,116,91,38,93,30,94,365,95,26,96,543,88.0,1017,1002,0.504
2026-04-18 04:28:18 PM,KXATPCHALLENGERMATCH-26APR19TULKLO-KLO,85,507,13,110,12,110,10,174,6,116,93,30,94,365,95,26,96,543,97,84,89.0,1017,1048,0.492
2026-04-18 04:28:18 PM,KXATPCHALLENGERMATCH-26APR19TULKLO-KLO,85,507,13,110,12,110,10,174,6,116,93,68,94,365,95,26,96,543,97,84,89.0,1017,1086,0.484
2026-04-18 04:28:18 PM,KXATPCHALLENGERMATCH-26APR19TULKLO-KLO,85,507,13,110,12,110,10,174,6,116,92,27,93,68,94,365,95,26,96,543,88.5,1017,1029,0.497
2026-04-18 04:28:19 PM,KXATPCHALLENGERMATCH-26APR19TULKLO-KLO,85,507,13,110,12,110,10,174,6,116,92,9,93,68,94,365,95,26,96,543,88.5,1017,1011,0.501
2026-04-18 04:28:19 PM,KXATPCHALLENGERMATCH-26APR19TULKLO-KLO,85,507,13,110,12,110,10,174,6,116,92,9,93,38,94,365,95,26,96,543,88.5,1017,981,0.509
2026-04-18 04:28:19 PM,KXATPCHALLENGERMATCH-26APR19TULKLO-KLO,85,507,13,110,12,110,10,174,6,116,92,9,93,38,94,380,95,26,96,543,88.5,1017,996,0.505
2026-04-18 04:28:19 PM,KXATPCHALLENGERMATCH-26APR19TULKLO-KLO,85,507,13,110,12,110,10,174,6,116,92,5,93,38,94,380,95,26,96,543,88.5,1017,992,0.506
2026-04-18 04:28:19 PM,KXATPCHALLENGERMATCH-26APR19TULKLO-KLO,85,507,13,110,12,110,10,174,6,116,92,27,93,38,94,380,95,26,96,543,88.5,1017,1014,0.501
2026-04-18 04:28:19 PM,KXATPCHALLENGERMATCH-26APR19TULKLO-KLO,85,507,13,110,12,110,10,174,6,116,93,38,94,380,95,26,96,543,97,84,89.0,1017,1071,0.487
2026-04-18 04:28:19 PM,KXATPCHALLENGERMATCH-26APR19TULKLO-KLO,85,507,13,110,12,110,10,174,6,116,91,27,93,38,94,380,95,26,96,543,88.0,1017,1014,0.501
