ts_et,ticker,bid_1,bid_1_sz,bid_2,bid_2_sz,bid_3,bid_3_sz,bid_4,bid_4_sz,bid_5,bid_5_sz,ask_1,ask_1_sz,ask_2,ask_2_sz,ask_3,ask_3_sz,ask_4,ask_4_sz,ask_5,ask_5_sz,mid
2026-04-18 11:28:54 AM,KXATPMATCH-26APR19COBSHE-SHE,6,316,5,494,4,623,3,540,2,1710,94,215,95,325,96,343,97,76,98,923,50.0
2026-04-18 11:29:23 AM,KXATPMATCH-26APR19COBSHE-SHE,6,316,5,494,4,623,3,540,2,1700,94,215,95,325,96,343,97,76,98,923,50.0
2026-04-18 11:32:31 AM,KXATPMATCH-26APR19COBSHE-SHE,6,316,5,494,4,623,3,540,2,1700,70,25,94,215,95,325,96,343,97,76,38.0
2026-04-18 11:33:55 AM,KXATPMATCH-26APR19COBSHE-SHE,38,10,6,316,5,494,4,623,3,540,70,25,94,215,95,325,96,343,97,76,54.0
2026-04-18 11:34:03 AM,KXATPMATCH-26APR19COBSHE-SHE,38,10,6,316,5,494,4,623,3,540,70,25,94,215,95,326,96,343,97,76,54.0
2026-04-18 11:34:03 AM,KXATPMATCH-26APR19COBSHE-SHE,38,10,6,316,5,494,4,623,3,540,70,25,84,1,94,215,95,326,96,343,54.0
2026-04-18 11:34:03 AM,KXATPMATCH-26APR19COBSHE-SHE,38,10,6,316,5,494,4,623,3,540,70,25,84,1,89,1,94,215,95,326,54.0
2026-04-18 11:34:53 AM,KXATPMATCH-26APR19COBSHE-SHE,38,10,6,316,5,494,4,623,3,540,56,120,70,25,84,1,89,1,94,215,47.0
2026-04-18 11:34:54 AM,KXATPMATCH-26APR19COBSHE-SHE,38,10,6,316,5,494,4,623,3,540,56,120,57,120,70,25,84,1,89,1,47.0
2026-04-18 11:34:54 AM,KXATPMATCH-26APR19COBSHE-SHE,38,10,6,316,5,494,4,623,3,540,56,120,57,120,58,200,70,25,84,1,47.0
2026-04-18 11:34:54 AM,KXATPMATCH-26APR19COBSHE-SHE,38,10,6,316,5,494,4,623,3,540,56,120,57,120,58,200,59,200,70,25,47.0
2026-04-18 11:34:54 AM,KXATPMATCH-26APR19COBSHE-SHE,38,10,6,316,5,494,4,623,3,540,56,120,57,120,58,200,59,200,60,200,47.0
2026-04-18 11:37:10 AM,KXATPMATCH-26APR19COBSHE-SHE,38,10,6,316,5,494,4,623,3,540,56,113,57,120,58,200,59,200,60,200,47.0
2026-04-18 11:40:45 AM,KXATPMATCH-26APR19COBSHE-SHE,38,10,6,316,5,494,4,623,3,540,57,120,58,200,59,200,60,200,61,200,47.5
2026-04-18 11:40:45 AM,KXATPMATCH-26APR19COBSHE-SHE,38,10,6,316,5,494,4,623,3,540,57,104,58,200,59,200,60,200,61,200,47.5
2026-04-18 11:41:03 AM,KXATPMATCH-26APR19COBSHE-SHE,38,10,6,316,5,494,4,623,3,540,57,62,58,200,59,200,60,200,61,200,47.5
2026-04-18 11:41:24 AM,KXATPMATCH-26APR19COBSHE-SHE,38,10,7,100,6,316,5,494,4,623,57,62,58,200,59,200,60,200,61,200,47.5
2026-04-18 11:41:24 AM,KXATPMATCH-26APR19COBSHE-SHE,38,10,28,60,7,100,6,316,5,494,57,62,58,200,59,200,60,200,61,200,47.5
2026-04-18 11:41:25 AM,KXATPMATCH-26APR19COBSHE-SHE,38,10,28,120,7,100,6,316,5,494,57,62,58,200,59,200,60,200,61,200,47.5
2026-04-18 11:41:35 AM,KXATPMATCH-26APR19COBSHE-SHE,38,10,28,120,8,200,7,100,6,316,57,62,58,200,59,200,60,200,61,200,47.5
2026-04-18 11:41:35 AM,KXATPMATCH-26APR19COBSHE-SHE,38,10,28,120,8,200,7,100,6,316,57,262,58,200,59,200,60,200,61,200,47.5
2026-04-18 11:41:35 AM,KXATPMATCH-26APR19COBSHE-SHE,38,10,28,120,8,200,6,316,5,494,57,262,58,200,59,200,60,200,61,200,47.5
2026-04-18 11:41:35 AM,KXATPMATCH-26APR19COBSHE-SHE,38,10,28,120,9,100,8,200,6,316,57,262,58,200,59,200,60,200,61,200,47.5
2026-04-18 11:41:38 AM,KXATPMATCH-26APR19COBSHE-SHE,38,10,28,120,9,100,8,200,6,316,57,62,58,200,59,200,60,200,61,200,47.5
2026-04-18 11:41:38 AM,KXATPMATCH-26APR19COBSHE-SHE,38,10,28,120,9,100,8,200,6,316,57,262,58,200,59,200,60,200,61,200,47.5
2026-04-18 11:41:40 AM,KXATPMATCH-26APR19COBSHE-SHE,38,10,28,120,9,100,8,200,6,316,57,62,58,200,59,200,60,200,61,200,47.5
2026-04-18 11:41:40 AM,KXATPMATCH-26APR19COBSHE-SHE,38,10,28,120,9,100,8,200,6,316,57,262,58,200,59,200,60,200,61,200,47.5
2026-04-18 11:41:41 AM,KXATPMATCH-26APR19COBSHE-SHE,38,10,28,120,9,100,8,200,6,316,57,62,58,200,59,200,60,200,61,200,47.5
2026-04-18 11:41:41 AM,KXATPMATCH-26APR19COBSHE-SHE,38,10,28,120,9,100,8,200,6,316,57,262,58,200,59,200,60,200,61,200,47.5
2026-04-18 11:41:42 AM,KXATPMATCH-26APR19COBSHE-SHE,38,10,28,120,9,100,8,200,6,316,57,62,58,200,59,200,60,200,61,200,47.5
2026-04-18 11:41:43 AM,KXATPMATCH-26APR19COBSHE-SHE,38,10,28,120,9,100,8,200,6,316,57,262,58,200,59,200,60,200,61,200,47.5
2026-04-18 11:41:43 AM,KXATPMATCH-26APR19COBSHE-SHE,38,10,28,120,9,100,8,200,6,316,57,62,58,200,59,200,60,200,61,200,47.5
2026-04-18 11:41:43 AM,KXATPMATCH-26APR19COBSHE-SHE,38,10,28,120,9,100,8,200,6,316,57,262,58,200,59,200,60,200,61,200,47.5
2026-04-18 11:41:44 AM,KXATPMATCH-26APR19COBSHE-SHE,38,10,28,120,9,100,8,200,6,316,57,62,58,200,59,200,60,200,61,200,47.5
2026-04-18 11:41:45 AM,KXATPMATCH-26APR19COBSHE-SHE,38,10,28,120,9,100,8,200,6,316,57,262,58,200,59,200,60,200,61,200,47.5
2026-04-18 11:41:45 AM,KXATPMATCH-26APR19COBSHE-SHE,38,10,28,120,9,100,8,200,6,316,57,62,58,200,59,200,60,200,61,200,47.5
2026-04-18 11:41:46 AM,KXATPMATCH-26APR19COBSHE-SHE,38,10,28,120,9,100,8,200,6,316,57,262,58,200,59,200,60,200,61,200,47.5
2026-04-18 11:41:47 AM,KXATPMATCH-26APR19COBSHE-SHE,38,10,28,120,9,100,8,200,6,316,57,62,58,200,59,200,60,200,61,200,47.5
2026-04-18 11:41:47 AM,KXATPMATCH-26APR19COBSHE-SHE,38,10,28,120,9,100,8,200,6,316,57,262,58,200,59,200,60,200,61,200,47.5
2026-04-18 11:41:47 AM,KXATPMATCH-26APR19COBSHE-SHE,38,10,28,120,9,100,8,200,6,316,57,62,58,200,59,200,60,200,61,200,47.5
2026-04-18 11:41:47 AM,KXATPMATCH-26APR19COBSHE-SHE,38,10,28,120,9,100,8,200,6,316,57,262,58,200,59,200,60,200,61,200,47.5
2026-04-18 11:41:47 AM,KXATPMATCH-26APR19COBSHE-SHE,38,10,28,120,9,100,8,200,6,316,57,62,58,200,59,200,60,200,61,200,47.5
2026-04-18 11:41:48 AM,KXATPMATCH-26APR19COBSHE-SHE,38,10,28,120,9,100,8,200,6,316,57,262,58,200,59,200,60,200,61,200,47.5
2026-04-18 11:41:48 AM,KXATPMATCH-26APR19COBSHE-SHE,38,10,28,120,9,100,8,200,6,316,57,62,58,200,59,200,60,200,61,200,47.5
2026-04-18 11:41:48 AM,KXATPMATCH-26APR19COBSHE-SHE,38,10,28,120,9,100,8,200,6,316,57,262,58,200,59,200,60,200,61,200,47.5
2026-04-18 11:41:48 AM,KXATPMATCH-26APR19COBSHE-SHE,38,10,28,120,9,100,8,200,6,316,57,62,58,200,59,200,60,200,61,200,47.5
2026-04-18 11:41:49 AM,KXATPMATCH-26APR19COBSHE-SHE,38,10,28,120,9,100,8,200,6,316,57,262,58,200,59,200,60,200,61,200,47.5
2026-04-18 11:41:49 AM,KXATPMATCH-26APR19COBSHE-SHE,38,10,28,120,9,100,8,200,6,316,57,62,58,200,59,200,60,200,61,200,47.5
2026-04-18 11:41:49 AM,KXATPMATCH-26APR19COBSHE-SHE,38,10,28,120,9,100,8,200,6,316,57,262,58,200,59,200,60,200,61,200,47.5
2026-04-18 11:41:49 AM,KXATPMATCH-26APR19COBSHE-SHE,38,10,28,120,9,100,8,200,6,316,57,62,58,200,59,200,60,200,61,200,47.5
2026-04-18 11:41:49 AM,KXATPMATCH-26APR19COBSHE-SHE,38,10,28,120,9,100,8,200,6,316,57,262,58,200,59,200,60,200,61,200,47.5
2026-04-18 11:41:50 AM,KXATPMATCH-26APR19COBSHE-SHE,38,10,28,120,9,100,8,200,6,316,57,62,58,200,59,200,60,200,61,200,47.5
2026-04-18 11:41:50 AM,KXATPMATCH-26APR19COBSHE-SHE,38,10,28,120,9,100,8,200,6,316,57,262,58,200,59,200,60,200,61,200,47.5
2026-04-18 11:41:50 AM,KXATPMATCH-26APR19COBSHE-SHE,38,10,28,120,9,100,8,200,6,316,57,62,58,200,59,200,60,200,61,200,47.5
2026-04-18 11:41:50 AM,KXATPMATCH-26APR19COBSHE-SHE,38,10,28,120,9,100,8,200,6,316,57,262,58,200,59,200,60,200,61,200,47.5
2026-04-18 11:41:50 AM,KXATPMATCH-26APR19COBSHE-SHE,38,10,28,120,9,100,8,200,6,316,57,62,58,200,59,200,60,200,61,200,47.5
2026-04-18 11:41:50 AM,KXATPMATCH-26APR19COBSHE-SHE,38,10,28,120,9,100,8,200,6,316,57,262,58,200,59,200,60,200,61,200,47.5
2026-04-18 11:41:50 AM,KXATPMATCH-26APR19COBSHE-SHE,38,10,28,120,9,100,8,200,6,316,57,62,58,200,59,200,60,200,61,200,47.5
2026-04-18 11:41:51 AM,KXATPMATCH-26APR19COBSHE-SHE,38,10,28,120,9,100,8,200,6,316,57,262,58,200,59,200,60,200,61,200,47.5
2026-04-18 11:41:51 AM,KXATPMATCH-26APR19COBSHE-SHE,38,10,28,120,9,100,8,200,6,316,57,62,58,200,59,200,60,200,61,200,47.5
2026-04-18 11:41:51 AM,KXATPMATCH-26APR19COBSHE-SHE,38,10,28,120,9,100,8,200,6,316,57,262,58,200,59,200,60,200,61,200,47.5
2026-04-18 11:41:52 AM,KXATPMATCH-26APR19COBSHE-SHE,38,10,28,120,9,100,8,200,6,316,57,62,58,200,59,200,60,200,61,200,47.5
2026-04-18 11:41:52 AM,KXATPMATCH-26APR19COBSHE-SHE,38,10,28,120,9,100,8,200,6,316,57,262,58,200,59,200,60,200,61,200,47.5
2026-04-18 11:41:52 AM,KXATPMATCH-26APR19COBSHE-SHE,38,10,28,120,9,100,8,200,6,316,57,62,58,200,59,200,60,200,61,200,47.5
2026-04-18 11:41:52 AM,KXATPMATCH-26APR19COBSHE-SHE,38,10,28,120,9,100,8,200,6,316,57,262,58,200,59,200,60,200,61,200,47.5
2026-04-18 11:41:52 AM,KXATPMATCH-26APR19COBSHE-SHE,38,10,28,120,9,100,8,200,6,316,57,62,58,200,59,200,60,200,61,200,47.5
2026-04-18 11:41:52 AM,KXATPMATCH-26APR19COBSHE-SHE,38,10,28,120,9,100,8,200,6,316,57,262,58,200,59,200,60,200,61,200,47.5
2026-04-18 11:41:53 AM,KXATPMATCH-26APR19COBSHE-SHE,38,10,28,120,9,100,8,200,6,316,57,62,58,200,59,200,60,200,61,200,47.5
2026-04-18 11:41:53 AM,KXATPMATCH-26APR19COBSHE-SHE,38,10,28,120,9,100,8,200,6,316,57,262,58,200,59,200,60,200,61,200,47.5
2026-04-18 11:41:53 AM,KXATPMATCH-26APR19COBSHE-SHE,38,10,28,120,9,100,8,200,6,316,57,62,58,200,59,200,60,200,61,200,47.5
2026-04-18 11:41:53 AM,KXATPMATCH-26APR19COBSHE-SHE,38,10,28,120,9,100,8,200,6,316,57,262,58,200,59,200,60,200,61,200,47.5
2026-04-18 11:41:53 AM,KXATPMATCH-26APR19COBSHE-SHE,38,10,28,120,9,100,8,200,6,316,57,62,58,200,59,200,60,200,61,200,47.5
2026-04-18 11:41:53 AM,KXATPMATCH-26APR19COBSHE-SHE,38,10,28,120,9,100,8,200,6,316,57,262,58,200,59,200,60,200,61,200,47.5
2026-04-18 11:41:54 AM,KXATPMATCH-26APR19COBSHE-SHE,38,10,28,120,9,100,8,200,6,316,57,62,58,200,59,200,60,200,61,200,47.5
2026-04-18 11:41:54 AM,KXATPMATCH-26APR19COBSHE-SHE,38,10,28,120,9,100,8,200,6,316,57,262,58,200,59,200,60,200,61,200,47.5
2026-04-18 11:41:54 AM,KXATPMATCH-26APR19COBSHE-SHE,38,10,28,120,9,100,8,200,6,316,57,62,58,200,59,200,60,200,61,200,47.5
2026-04-18 11:41:54 AM,KXATPMATCH-26APR19COBSHE-SHE,38,10,28,120,9,100,8,200,6,316,57,262,58,200,59,200,60,200,61,200,47.5
2026-04-18 11:41:54 AM,KXATPMATCH-26APR19COBSHE-SHE,38,10,28,120,9,100,8,200,6,316,57,62,58,200,59,200,60,200,61,200,47.5
2026-04-18 11:41:54 AM,KXATPMATCH-26APR19COBSHE-SHE,38,10,28,120,9,100,8,200,6,316,57,262,58,200,59,200,60,200,61,200,47.5
2026-04-18 11:41:54 AM,KXATPMATCH-26APR19COBSHE-SHE,38,10,28,120,9,100,8,200,6,316,57,62,58,200,59,200,60,200,61,200,47.5
2026-04-18 11:41:55 AM,KXATPMATCH-26APR19COBSHE-SHE,38,10,28,120,9,100,8,200,6,316,57,262,58,200,59,200,60,200,61,200,47.5
2026-04-18 11:41:55 AM,KXATPMATCH-26APR19COBSHE-SHE,38,10,28,120,9,100,8,200,6,316,57,62,58,200,59,200,60,200,61,200,47.5
2026-04-18 11:41:55 AM,KXATPMATCH-26APR19COBSHE-SHE,38,10,28,120,9,100,8,200,6,316,57,262,58,200,59,200,60,200,61,200,47.5
2026-04-18 11:41:55 AM,KXATPMATCH-26APR19COBSHE-SHE,38,10,28,120,9,100,8,200,6,316,57,62,58,200,59,200,60,200,61,200,47.5
2026-04-18 11:41:55 AM,KXATPMATCH-26APR19COBSHE-SHE,38,10,28,120,9,100,8,200,6,316,57,262,58,200,59,200,60,200,61,200,47.5
2026-04-18 11:41:55 AM,KXATPMATCH-26APR19COBSHE-SHE,38,10,28,120,9,100,8,200,6,316,57,62,58,200,59,200,60,200,61,200,47.5
2026-04-18 11:41:55 AM,KXATPMATCH-26APR19COBSHE-SHE,38,10,28,120,9,100,8,200,6,316,57,262,58,200,59,200,60,200,61,200,47.5
2026-04-18 11:41:55 AM,KXATPMATCH-26APR19COBSHE-SHE,38,10,28,120,9,100,8,200,6,316,57,62,58,200,59,200,60,200,61,200,47.5
2026-04-18 11:41:56 AM,KXATPMATCH-26APR19COBSHE-SHE,38,10,28,120,9,100,8,200,6,316,57,262,58,200,59,200,60,200,61,200,47.5
2026-04-18 11:41:56 AM,KXATPMATCH-26APR19COBSHE-SHE,38,10,28,120,9,100,8,200,6,316,57,62,58,200,59,200,60,200,61,200,47.5
2026-04-18 11:41:56 AM,KXATPMATCH-26APR19COBSHE-SHE,38,10,28,120,9,100,8,200,6,316,57,262,58,200,59,200,60,200,61,200,47.5
2026-04-18 11:41:56 AM,KXATPMATCH-26APR19COBSHE-SHE,38,10,28,120,9,100,8,200,6,316,57,62,58,200,59,200,60,200,61,200,47.5
2026-04-18 11:41:56 AM,KXATPMATCH-26APR19COBSHE-SHE,38,10,28,120,9,100,8,200,6,316,57,262,58,200,59,200,60,200,61,200,47.5
2026-04-18 11:41:56 AM,KXATPMATCH-26APR19COBSHE-SHE,38,10,28,120,9,100,8,200,6,316,57,62,58,200,59,200,60,200,61,200,47.5
2026-04-18 11:41:56 AM,KXATPMATCH-26APR19COBSHE-SHE,38,10,28,120,9,100,8,200,6,316,57,262,58,200,59,200,60,200,61,200,47.5
2026-04-18 11:41:56 AM,KXATPMATCH-26APR19COBSHE-SHE,38,10,28,120,9,100,8,200,6,316,57,62,58,200,59,200,60,200,61,200,47.5
2026-04-18 11:41:57 AM,KXATPMATCH-26APR19COBSHE-SHE,38,10,28,120,9,100,8,200,6,316,57,262,58,200,59,200,60,200,61,200,47.5
2026-04-18 11:41:57 AM,KXATPMATCH-26APR19COBSHE-SHE,38,10,28,120,9,100,8,200,6,316,57,62,58,200,59,200,60,200,61,200,47.5
2026-04-18 11:41:57 AM,KXATPMATCH-26APR19COBSHE-SHE,38,10,28,120,9,100,8,200,6,316,57,262,58,200,59,200,60,200,61,200,47.5
2026-04-18 11:41:57 AM,KXATPMATCH-26APR19COBSHE-SHE,38,10,28,120,9,100,8,200,6,316,57,62,58,200,59,200,60,200,61,200,47.5
2026-04-18 11:41:57 AM,KXATPMATCH-26APR19COBSHE-SHE,38,10,28,120,9,100,8,200,6,316,57,262,58,200,59,200,60,200,61,200,47.5
2026-04-18 11:41:57 AM,KXATPMATCH-26APR19COBSHE-SHE,38,10,28,120,9,100,8,200,6,316,57,62,58,200,59,200,60,200,61,200,47.5
2026-04-18 11:41:58 AM,KXATPMATCH-26APR19COBSHE-SHE,38,10,28,120,9,100,8,200,6,316,57,262,58,200,59,200,60,200,61,200,47.5
2026-04-18 11:41:58 AM,KXATPMATCH-26APR19COBSHE-SHE,38,10,28,120,9,100,8,200,6,316,57,62,58,200,59,200,60,200,61,200,47.5
2026-04-18 11:41:58 AM,KXATPMATCH-26APR19COBSHE-SHE,38,10,28,120,9,100,8,200,6,316,57,262,58,200,59,200,60,200,61,200,47.5
2026-04-18 11:41:58 AM,KXATPMATCH-26APR19COBSHE-SHE,38,10,28,120,9,100,8,200,6,316,57,62,58,200,59,200,60,200,61,200,47.5
2026-04-18 11:41:58 AM,KXATPMATCH-26APR19COBSHE-SHE,38,10,28,120,9,100,8,200,6,316,57,262,58,200,59,200,60,200,61,200,47.5
2026-04-18 11:41:58 AM,KXATPMATCH-26APR19COBSHE-SHE,38,10,28,120,9,100,8,200,6,316,57,62,58,200,59,200,60,200,61,200,47.5
2026-04-18 11:41:58 AM,KXATPMATCH-26APR19COBSHE-SHE,38,10,28,120,9,100,8,200,6,316,57,262,58,200,59,200,60,200,61,200,47.5
2026-04-18 11:41:58 AM,KXATPMATCH-26APR19COBSHE-SHE,38,10,28,120,9,100,8,200,6,316,57,62,58,200,59,200,60,200,61,200,47.5
2026-04-18 11:41:59 AM,KXATPMATCH-26APR19COBSHE-SHE,38,10,28,120,9,100,8,200,6,316,57,262,58,200,59,200,60,200,61,200,47.5
2026-04-18 11:41:59 AM,KXATPMATCH-26APR19COBSHE-SHE,38,10,28,120,9,100,8,200,6,316,57,62,58,200,59,200,60,200,61,200,47.5
2026-04-18 11:41:59 AM,KXATPMATCH-26APR19COBSHE-SHE,38,10,28,120,9,100,8,200,6,316,57,262,58,200,59,200,60,200,61,200,47.5
2026-04-18 11:41:59 AM,KXATPMATCH-26APR19COBSHE-SHE,38,10,28,120,9,100,8,200,6,316,57,62,58,200,59,200,60,200,61,200,47.5
2026-04-18 11:41:59 AM,KXATPMATCH-26APR19COBSHE-SHE,38,10,28,120,9,100,8,200,6,316,57,262,58,200,59,200,60,200,61,200,47.5
2026-04-18 11:41:59 AM,KXATPMATCH-26APR19COBSHE-SHE,38,10,28,120,9,100,8,200,6,316,57,62,58,200,59,200,60,200,61,200,47.5
2026-04-18 11:41:59 AM,KXATPMATCH-26APR19COBSHE-SHE,38,10,28,120,9,100,8,200,6,316,57,262,58,200,59,200,60,200,61,200,47.5
2026-04-18 11:41:59 AM,KXATPMATCH-26APR19COBSHE-SHE,38,10,28,120,9,100,8,200,6,316,57,62,58,200,59,200,60,200,61,200,47.5
2026-04-18 11:42:00 AM,KXATPMATCH-26APR19COBSHE-SHE,38,10,28,120,9,100,8,200,6,316,57,262,58,200,59,200,60,200,61,200,47.5
2026-04-18 11:42:00 AM,KXATPMATCH-26APR19COBSHE-SHE,38,10,28,120,9,100,8,200,6,316,57,62,58,200,59,200,60,200,61,200,47.5
2026-04-18 11:42:00 AM,KXATPMATCH-26APR19COBSHE-SHE,38,10,28,120,9,100,8,200,6,316,57,262,58,200,59,200,60,200,61,200,47.5
2026-04-18 11:42:00 AM,KXATPMATCH-26APR19COBSHE-SHE,38,10,28,120,9,100,8,200,6,316,57,62,58,200,59,200,60,200,61,200,47.5
2026-04-18 11:42:00 AM,KXATPMATCH-26APR19COBSHE-SHE,38,10,28,120,9,100,8,200,6,316,57,262,58,200,59,200,60,200,61,200,47.5
2026-04-18 11:42:01 AM,KXATPMATCH-26APR19COBSHE-SHE,38,10,28,120,9,100,8,200,6,316,57,62,58,200,59,200,60,200,61,200,47.5
2026-04-18 11:42:01 AM,KXATPMATCH-26APR19COBSHE-SHE,38,10,28,120,9,100,8,200,6,316,57,262,58,200,59,200,60,200,61,200,47.5
2026-04-18 11:42:01 AM,KXATPMATCH-26APR19COBSHE-SHE,38,10,28,120,9,100,8,200,6,316,57,62,58,200,59,200,60,200,61,200,47.5
2026-04-18 11:42:01 AM,KXATPMATCH-26APR19COBSHE-SHE,38,10,28,120,9,100,8,200,6,316,57,262,58,200,59,200,60,200,61,200,47.5
2026-04-18 11:42:02 AM,KXATPMATCH-26APR19COBSHE-SHE,38,10,28,120,9,100,8,200,6,316,57,62,58,200,59,200,60,200,61,200,47.5
2026-04-18 11:42:02 AM,KXATPMATCH-26APR19COBSHE-SHE,38,10,28,120,9,100,8,200,6,316,57,262,58,200,59,200,60,200,61,200,47.5
2026-04-18 11:42:03 AM,KXATPMATCH-26APR19COBSHE-SHE,38,10,28,120,9,100,8,200,6,316,57,62,58,200,59,200,60,200,61,200,47.5
2026-04-18 11:42:03 AM,KXATPMATCH-26APR19COBSHE-SHE,38,10,28,120,9,100,8,200,6,316,57,262,58,200,59,200,60,200,61,200,47.5
2026-04-18 11:42:03 AM,KXATPMATCH-26APR19COBSHE-SHE,38,10,28,120,9,100,8,200,6,316,57,62,58,200,59,200,60,200,61,200,47.5
2026-04-18 11:42:03 AM,KXATPMATCH-26APR19COBSHE-SHE,38,10,28,120,9,100,8,200,6,316,57,262,58,200,59,200,60,200,61,200,47.5
2026-04-18 11:42:03 AM,KXATPMATCH-26APR19COBSHE-SHE,38,10,28,120,9,100,8,200,6,316,57,62,58,200,59,200,60,200,61,200,47.5
2026-04-18 11:42:04 AM,KXATPMATCH-26APR19COBSHE-SHE,38,10,28,120,9,100,8,200,6,316,57,262,58,200,59,200,60,200,61,200,47.5
2026-04-18 11:42:04 AM,KXATPMATCH-26APR19COBSHE-SHE,38,10,28,120,9,100,8,200,6,316,57,62,58,200,59,200,60,200,61,200,47.5
2026-04-18 11:42:04 AM,KXATPMATCH-26APR19COBSHE-SHE,38,10,28,120,9,100,8,200,6,316,57,262,58,200,59,200,60,200,61,200,47.5
2026-04-18 11:42:04 AM,KXATPMATCH-26APR19COBSHE-SHE,38,10,28,120,9,100,8,200,6,316,57,62,58,200,59,200,60,200,61,200,47.5
2026-04-18 11:42:04 AM,KXATPMATCH-26APR19COBSHE-SHE,38,10,28,120,9,100,8,200,6,316,57,262,58,200,59,200,60,200,61,200,47.5
2026-04-18 11:42:04 AM,KXATPMATCH-26APR19COBSHE-SHE,38,10,28,120,9,100,8,200,6,316,57,62,58,200,59,200,60,200,61,200,47.5
2026-04-18 11:42:04 AM,KXATPMATCH-26APR19COBSHE-SHE,38,10,28,120,9,100,8,200,6,316,57,262,58,200,59,200,60,200,61,200,47.5
2026-04-18 11:42:04 AM,KXATPMATCH-26APR19COBSHE-SHE,38,10,28,120,9,100,8,200,6,316,57,62,58,200,59,200,60,200,61,200,47.5
2026-04-18 11:42:05 AM,KXATPMATCH-26APR19COBSHE-SHE,38,10,28,120,9,100,8,200,6,316,57,262,58,200,59,200,60,200,61,200,47.5
2026-04-18 11:42:05 AM,KXATPMATCH-26APR19COBSHE-SHE,38,10,28,120,9,100,8,200,6,316,57,62,58,200,59,200,60,200,61,200,47.5
2026-04-18 11:42:05 AM,KXATPMATCH-26APR19COBSHE-SHE,38,10,28,120,9,100,8,200,6,316,57,262,58,200,59,200,60,200,61,200,47.5
2026-04-18 11:42:05 AM,KXATPMATCH-26APR19COBSHE-SHE,38,10,28,120,9,100,8,200,6,316,57,62,58,200,59,200,60,200,61,200,47.5
2026-04-18 11:42:05 AM,KXATPMATCH-26APR19COBSHE-SHE,38,10,28,120,9,100,8,200,6,316,57,262,58,200,59,200,60,200,61,200,47.5
2026-04-18 11:42:05 AM,KXATPMATCH-26APR19COBSHE-SHE,38,10,28,120,9,100,8,200,6,316,57,62,58,200,59,200,60,200,61,200,47.5
2026-04-18 11:42:06 AM,KXATPMATCH-26APR19COBSHE-SHE,38,10,28,120,9,100,8,200,6,316,57,262,58,200,59,200,60,200,61,200,47.5
2026-04-18 11:42:06 AM,KXATPMATCH-26APR19COBSHE-SHE,38,10,28,120,9,100,8,200,6,316,57,62,58,200,59,200,60,200,61,200,47.5
2026-04-18 11:42:06 AM,KXATPMATCH-26APR19COBSHE-SHE,38,10,28,120,9,100,8,200,6,316,57,262,58,200,59,200,60,200,61,200,47.5
2026-04-18 11:42:06 AM,KXATPMATCH-26APR19COBSHE-SHE,38,10,28,120,9,100,8,200,6,316,57,62,58,200,59,200,60,200,61,200,47.5
2026-04-18 11:42:06 AM,KXATPMATCH-26APR19COBSHE-SHE,38,10,28,120,9,100,8,200,6,316,57,262,58,200,59,200,60,200,61,200,47.5
2026-04-18 11:42:07 AM,KXATPMATCH-26APR19COBSHE-SHE,38,10,28,120,9,100,8,200,6,316,57,62,58,200,59,200,60,200,61,200,47.5
2026-04-18 11:42:07 AM,KXATPMATCH-26APR19COBSHE-SHE,38,10,28,120,9,100,8,200,6,316,57,262,58,200,59,200,60,200,61,200,47.5
2026-04-18 11:42:07 AM,KXATPMATCH-26APR19COBSHE-SHE,38,10,28,120,9,100,8,200,6,316,57,62,58,200,59,200,60,200,61,200,47.5
2026-04-18 11:42:07 AM,KXATPMATCH-26APR19COBSHE-SHE,38,10,28,120,9,100,8,200,6,316,57,262,58,200,59,200,60,200,61,200,47.5
2026-04-18 11:42:07 AM,KXATPMATCH-26APR19COBSHE-SHE,38,10,28,120,9,100,8,200,6,316,57,62,58,200,59,200,60,200,61,200,47.5
2026-04-18 11:42:07 AM,KXATPMATCH-26APR19COBSHE-SHE,38,10,28,120,9,100,8,200,6,316,57,262,58,200,59,200,60,200,61,200,47.5
2026-04-18 11:42:07 AM,KXATPMATCH-26APR19COBSHE-SHE,38,10,28,120,9,100,8,200,6,316,57,62,58,200,59,200,60,200,61,200,47.5
2026-04-18 11:42:07 AM,KXATPMATCH-26APR19COBSHE-SHE,38,10,28,120,9,100,8,200,6,316,57,262,58,200,59,200,60,200,61,200,47.5
2026-04-18 11:42:07 AM,KXATPMATCH-26APR19COBSHE-SHE,38,10,28,120,9,100,8,200,6,316,57,62,58,200,59,200,60,200,61,200,47.5
2026-04-18 11:42:08 AM,KXATPMATCH-26APR19COBSHE-SHE,38,10,28,120,9,100,8,200,6,316,57,262,58,200,59,200,60,200,61,200,47.5
2026-04-18 11:42:08 AM,KXATPMATCH-26APR19COBSHE-SHE,38,10,28,120,9,100,8,200,6,316,57,62,58,200,59,200,60,200,61,200,47.5
2026-04-18 11:42:08 AM,KXATPMATCH-26APR19COBSHE-SHE,38,10,28,120,9,100,8,200,6,316,57,262,58,200,59,200,60,200,61,200,47.5
2026-04-18 11:42:08 AM,KXATPMATCH-26APR19COBSHE-SHE,38,10,28,120,9,100,8,200,6,316,57,62,58,200,59,200,60,200,61,200,47.5
2026-04-18 11:42:08 AM,KXATPMATCH-26APR19COBSHE-SHE,38,10,28,120,9,100,8,200,6,316,57,262,58,200,59,200,60,200,61,200,47.5
2026-04-18 11:42:08 AM,KXATPMATCH-26APR19COBSHE-SHE,38,10,28,120,9,100,8,200,6,316,57,62,58,200,59,200,60,200,61,200,47.5
2026-04-18 11:42:08 AM,KXATPMATCH-26APR19COBSHE-SHE,38,10,28,120,9,100,8,200,6,316,57,262,58,200,59,200,60,200,61,200,47.5
2026-04-18 11:42:08 AM,KXATPMATCH-26APR19COBSHE-SHE,38,10,28,120,9,100,8,200,6,316,57,62,58,200,59,200,60,200,61,200,47.5
2026-04-18 11:42:09 AM,KXATPMATCH-26APR19COBSHE-SHE,38,10,28,120,9,100,8,200,6,316,57,262,58,200,59,200,60,200,61,200,47.5
2026-04-18 11:42:09 AM,KXATPMATCH-26APR19COBSHE-SHE,38,10,28,120,9,100,8,200,6,316,57,62,58,200,59,200,60,200,61,200,47.5
2026-04-18 11:42:09 AM,KXATPMATCH-26APR19COBSHE-SHE,38,10,28,120,9,100,8,200,6,316,57,262,58,200,59,200,60,200,61,200,47.5
2026-04-18 11:42:09 AM,KXATPMATCH-26APR19COBSHE-SHE,38,10,28,120,9,100,8,200,6,316,57,62,58,200,59,200,60,200,61,200,47.5
2026-04-18 11:42:09 AM,KXATPMATCH-26APR19COBSHE-SHE,38,10,28,120,9,100,8,200,6,316,57,262,58,200,59,200,60,200,61,200,47.5
2026-04-18 11:42:09 AM,KXATPMATCH-26APR19COBSHE-SHE,38,10,28,120,9,100,8,200,6,316,57,62,58,200,59,200,60,200,61,200,47.5
2026-04-18 11:42:10 AM,KXATPMATCH-26APR19COBSHE-SHE,38,10,28,120,9,100,8,200,6,316,57,262,58,200,59,200,60,200,61,200,47.5
2026-04-18 11:42:10 AM,KXATPMATCH-26APR19COBSHE-SHE,38,10,28,120,9,100,8,200,6,316,57,62,58,200,59,200,60,200,61,200,47.5
2026-04-18 11:42:10 AM,KXATPMATCH-26APR19COBSHE-SHE,38,10,28,120,9,100,8,200,6,316,57,262,58,200,59,200,60,200,61,200,47.5
2026-04-18 11:42:10 AM,KXATPMATCH-26APR19COBSHE-SHE,38,10,28,120,9,100,8,200,6,316,57,62,58,200,59,200,60,200,61,200,47.5
2026-04-18 11:42:10 AM,KXATPMATCH-26APR19COBSHE-SHE,38,10,28,120,9,100,8,200,6,316,57,262,58,200,59,200,60,200,61,200,47.5
2026-04-18 11:42:10 AM,KXATPMATCH-26APR19COBSHE-SHE,38,10,28,120,9,100,8,200,6,316,57,62,58,200,59,200,60,200,61,200,47.5
2026-04-18 11:42:10 AM,KXATPMATCH-26APR19COBSHE-SHE,38,10,28,120,9,100,8,200,6,316,57,262,58,200,59,200,60,200,61,200,47.5
2026-04-18 11:42:11 AM,KXATPMATCH-26APR19COBSHE-SHE,38,10,28,120,9,100,8,200,6,316,57,62,58,200,59,200,60,200,61,200,47.5
2026-04-18 11:42:11 AM,KXATPMATCH-26APR19COBSHE-SHE,38,10,28,120,9,100,8,200,6,316,57,262,58,200,59,200,60,200,61,200,47.5
2026-04-18 11:42:12 AM,KXATPMATCH-26APR19COBSHE-SHE,38,10,28,120,9,100,8,200,6,316,57,62,58,200,59,200,60,200,61,200,47.5
2026-04-18 11:42:12 AM,KXATPMATCH-26APR19COBSHE-SHE,38,10,28,120,9,100,8,200,6,316,57,262,58,200,59,200,60,200,61,200,47.5
2026-04-18 11:42:13 AM,KXATPMATCH-26APR19COBSHE-SHE,38,10,28,120,9,100,8,200,6,316,57,62,58,200,59,200,60,200,61,200,47.5
2026-04-18 11:42:13 AM,KXATPMATCH-26APR19COBSHE-SHE,38,10,28,120,9,100,8,200,6,316,57,262,58,200,59,200,60,200,61,200,47.5
2026-04-18 11:42:13 AM,KXATPMATCH-26APR19COBSHE-SHE,38,10,28,120,9,100,8,200,6,316,57,62,58,200,59,200,60,200,61,200,47.5
2026-04-18 11:42:14 AM,KXATPMATCH-26APR19COBSHE-SHE,38,10,28,120,9,100,8,200,6,316,57,262,58,200,59,200,60,200,61,200,47.5
2026-04-18 11:42:14 AM,KXATPMATCH-26APR19COBSHE-SHE,38,10,28,120,9,100,8,200,6,316,57,62,58,200,59,200,60,200,61,200,47.5
2026-04-18 11:42:14 AM,KXATPMATCH-26APR19COBSHE-SHE,38,10,28,120,9,100,8,200,6,316,57,262,58,200,59,200,60,200,61,200,47.5
2026-04-18 11:42:14 AM,KXATPMATCH-26APR19COBSHE-SHE,38,10,28,120,9,100,8,200,6,316,57,62,58,200,59,200,60,200,61,200,47.5
2026-04-18 11:42:14 AM,KXATPMATCH-26APR19COBSHE-SHE,38,10,28,120,9,100,8,200,6,316,57,262,58,200,59,200,60,200,61,200,47.5
2026-04-18 11:42:14 AM,KXATPMATCH-26APR19COBSHE-SHE,38,10,28,120,9,100,8,200,6,316,57,62,58,200,59,200,60,200,61,200,47.5
2026-04-18 11:42:14 AM,KXATPMATCH-26APR19COBSHE-SHE,38,10,28,120,9,100,8,200,6,316,57,262,58,200,59,200,60,200,61,200,47.5
2026-04-18 11:42:15 AM,KXATPMATCH-26APR19COBSHE-SHE,38,10,28,120,9,100,8,200,6,316,57,62,58,200,59,200,60,200,61,200,47.5
2026-04-18 11:42:15 AM,KXATPMATCH-26APR19COBSHE-SHE,38,10,28,120,9,100,8,200,6,316,57,262,58,200,59,200,60,200,61,200,47.5
2026-04-18 11:42:15 AM,KXATPMATCH-26APR19COBSHE-SHE,38,10,28,120,9,100,8,200,6,316,57,62,58,200,59,200,60,200,61,200,47.5
2026-04-18 11:42:15 AM,KXATPMATCH-26APR19COBSHE-SHE,38,10,28,120,9,100,8,200,6,316,57,262,58,200,59,200,60,200,61,200,47.5
2026-04-18 11:42:15 AM,KXATPMATCH-26APR19COBSHE-SHE,38,10,28,120,9,100,8,200,6,316,57,62,58,200,59,200,60,200,61,200,47.5
2026-04-18 11:42:15 AM,KXATPMATCH-26APR19COBSHE-SHE,38,10,28,120,9,100,8,200,6,316,57,262,58,200,59,200,60,200,61,200,47.5
2026-04-18 11:42:15 AM,KXATPMATCH-26APR19COBSHE-SHE,38,10,28,120,9,100,8,200,6,316,57,62,58,200,59,200,60,200,61,200,47.5
2026-04-18 11:42:15 AM,KXATPMATCH-26APR19COBSHE-SHE,38,10,28,120,9,100,8,200,6,316,57,262,58,200,59,200,60,200,61,200,47.5
2026-04-18 11:42:15 AM,KXATPMATCH-26APR19COBSHE-SHE,38,10,28,120,9,100,8,200,6,316,57,62,58,200,59,200,60,200,61,200,47.5
2026-04-18 11:42:16 AM,KXATPMATCH-26APR19COBSHE-SHE,38,10,28,120,9,100,8,200,6,316,57,262,58,200,59,200,60,200,61,200,47.5
2026-04-18 11:42:16 AM,KXATPMATCH-26APR19COBSHE-SHE,38,10,28,120,9,100,8,200,6,316,57,62,58,200,59,200,60,200,61,200,47.5
2026-04-18 11:42:16 AM,KXATPMATCH-26APR19COBSHE-SHE,38,10,28,120,9,100,8,200,6,316,57,262,58,200,59,200,60,200,61,200,47.5
2026-04-18 11:42:16 AM,KXATPMATCH-26APR19COBSHE-SHE,38,10,28,120,9,100,8,200,6,316,57,62,58,200,59,200,60,200,61,200,47.5
2026-04-18 11:42:16 AM,KXATPMATCH-26APR19COBSHE-SHE,38,10,28,120,9,100,8,200,6,316,57,262,58,200,59,200,60,200,61,200,47.5
2026-04-18 11:42:16 AM,KXATPMATCH-26APR19COBSHE-SHE,38,10,28,120,9,100,8,200,6,316,57,62,58,200,59,200,60,200,61,200,47.5
2026-04-18 11:42:16 AM,KXATPMATCH-26APR19COBSHE-SHE,38,10,28,120,9,100,8,200,6,316,57,262,58,200,59,200,60,200,61,200,47.5
2026-04-18 11:42:16 AM,KXATPMATCH-26APR19COBSHE-SHE,38,10,28,120,9,100,8,200,6,316,57,62,58,200,59,200,60,200,61,200,47.5
2026-04-18 11:42:17 AM,KXATPMATCH-26APR19COBSHE-SHE,38,10,28,120,9,100,8,200,6,316,57,262,58,200,59,200,60,200,61,200,47.5
2026-04-18 11:42:17 AM,KXATPMATCH-26APR19COBSHE-SHE,38,10,28,120,9,100,8,200,6,316,57,62,58,200,59,200,60,200,61,200,47.5
2026-04-18 11:42:17 AM,KXATPMATCH-26APR19COBSHE-SHE,38,10,28,120,9,100,8,200,6,316,57,262,58,200,59,200,60,200,61,200,47.5
2026-04-18 11:42:17 AM,KXATPMATCH-26APR19COBSHE-SHE,38,10,28,120,9,100,8,200,6,316,57,62,58,200,59,200,60,200,61,200,47.5
2026-04-18 11:42:17 AM,KXATPMATCH-26APR19COBSHE-SHE,38,10,28,120,9,100,8,200,6,316,57,262,58,200,59,200,60,200,61,200,47.5
2026-04-18 11:42:17 AM,KXATPMATCH-26APR19COBSHE-SHE,38,10,28,120,9,100,8,200,6,316,57,62,58,200,59,200,60,200,61,200,47.5
2026-04-18 11:42:17 AM,KXATPMATCH-26APR19COBSHE-SHE,38,10,28,120,9,100,8,200,6,316,57,262,58,200,59,200,60,200,61,200,47.5
2026-04-18 11:42:17 AM,KXATPMATCH-26APR19COBSHE-SHE,38,10,28,120,9,100,8,200,6,316,57,62,58,200,59,200,60,200,61,200,47.5
2026-04-18 11:42:18 AM,KXATPMATCH-26APR19COBSHE-SHE,38,10,28,120,9,100,8,200,6,316,57,262,58,200,59,200,60,200,61,200,47.5
2026-04-18 11:42:18 AM,KXATPMATCH-26APR19COBSHE-SHE,38,10,28,120,9,100,8,200,6,316,57,62,58,200,59,200,60,200,61,200,47.5
2026-04-18 11:42:18 AM,KXATPMATCH-26APR19COBSHE-SHE,38,10,28,120,9,100,8,200,6,316,57,262,58,200,59,200,60,200,61,200,47.5
2026-04-18 11:42:18 AM,KXATPMATCH-26APR19COBSHE-SHE,38,10,28,120,9,100,8,200,6,316,57,62,58,200,59,200,60,200,61,200,47.5
2026-04-18 11:42:19 AM,KXATPMATCH-26APR19COBSHE-SHE,38,10,28,120,9,100,8,200,6,316,57,262,58,200,59,200,60,200,61,200,47.5
2026-04-18 11:42:19 AM,KXATPMATCH-26APR19COBSHE-SHE,38,10,28,120,9,100,8,200,6,316,57,62,58,200,59,200,60,200,61,200,47.5
2026-04-18 11:42:19 AM,KXATPMATCH-26APR19COBSHE-SHE,38,10,28,120,9,100,8,200,6,316,57,262,58,200,59,200,60,200,61,200,47.5
2026-04-18 11:42:19 AM,KXATPMATCH-26APR19COBSHE-SHE,38,10,28,120,9,100,8,200,6,316,57,62,58,200,59,200,60,200,61,200,47.5
2026-04-18 11:42:19 AM,KXATPMATCH-26APR19COBSHE-SHE,38,10,28,120,9,100,8,200,6,316,57,262,58,200,59,200,60,200,61,200,47.5
2026-04-18 11:42:20 AM,KXATPMATCH-26APR19COBSHE-SHE,38,10,28,120,9,100,8,200,6,316,57,62,58,200,59,200,60,200,61,200,47.5
2026-04-18 11:42:20 AM,KXATPMATCH-26APR19COBSHE-SHE,38,10,28,120,9,100,8,200,6,316,57,262,58,200,59,200,60,200,61,200,47.5
2026-04-18 11:42:20 AM,KXATPMATCH-26APR19COBSHE-SHE,38,10,28,120,9,100,8,200,6,316,57,62,58,200,59,200,60,200,61,200,47.5
2026-04-18 11:42:20 AM,KXATPMATCH-26APR19COBSHE-SHE,38,10,28,120,9,100,8,200,6,316,57,262,58,200,59,200,60,200,61,200,47.5
2026-04-18 11:42:20 AM,KXATPMATCH-26APR19COBSHE-SHE,38,10,28,120,9,100,8,200,6,316,57,62,58,200,59,200,60,200,61,200,47.5
2026-04-18 11:42:20 AM,KXATPMATCH-26APR19COBSHE-SHE,38,10,28,120,9,100,8,200,6,316,57,262,58,200,59,200,60,200,61,200,47.5
2026-04-18 11:42:20 AM,KXATPMATCH-26APR19COBSHE-SHE,38,10,28,120,9,100,8,200,6,316,57,62,58,200,59,200,60,200,61,200,47.5
2026-04-18 11:42:20 AM,KXATPMATCH-26APR19COBSHE-SHE,38,10,28,120,9,100,8,200,6,316,57,262,58,200,59,200,60,200,61,200,47.5
2026-04-18 11:42:21 AM,KXATPMATCH-26APR19COBSHE-SHE,38,10,28,120,9,100,8,200,6,316,57,62,58,200,59,200,60,200,61,200,47.5
2026-04-18 11:42:21 AM,KXATPMATCH-26APR19COBSHE-SHE,38,10,28,120,9,100,8,200,6,316,57,262,58,200,59,200,60,200,61,200,47.5
2026-04-18 11:42:21 AM,KXATPMATCH-26APR19COBSHE-SHE,38,10,28,120,9,100,8,200,6,316,57,62,58,200,59,200,60,200,61,200,47.5
2026-04-18 11:42:21 AM,KXATPMATCH-26APR19COBSHE-SHE,38,10,28,120,9,100,8,200,6,316,57,262,58,200,59,200,60,200,61,200,47.5
2026-04-18 11:42:22 AM,KXATPMATCH-26APR19COBSHE-SHE,38,10,28,120,9,100,8,200,6,316,57,62,58,200,59,200,60,200,61,200,47.5
2026-04-18 11:42:22 AM,KXATPMATCH-26APR19COBSHE-SHE,38,10,28,120,9,100,8,200,6,316,57,262,58,200,59,200,60,200,61,200,47.5
2026-04-18 11:42:23 AM,KXATPMATCH-26APR19COBSHE-SHE,38,10,28,120,9,100,8,200,6,316,57,62,58,200,59,200,60,200,61,200,47.5
2026-04-18 11:42:23 AM,KXATPMATCH-26APR19COBSHE-SHE,38,10,28,120,9,100,8,200,6,316,57,262,58,200,59,200,60,200,61,200,47.5
2026-04-18 11:42:24 AM,KXATPMATCH-26APR19COBSHE-SHE,38,10,28,120,9,100,8,200,6,316,57,62,58,200,59,200,60,200,61,200,47.5
2026-04-18 11:42:24 AM,KXATPMATCH-26APR19COBSHE-SHE,38,10,28,120,9,100,8,200,6,316,57,262,58,200,59,200,60,200,61,200,47.5
2026-04-18 11:42:25 AM,KXATPMATCH-26APR19COBSHE-SHE,38,10,28,120,9,100,8,200,6,316,57,62,58,200,59,200,60,200,61,200,47.5
2026-04-18 11:42:25 AM,KXATPMATCH-26APR19COBSHE-SHE,38,10,28,120,9,100,8,200,6,316,57,262,58,200,59,200,60,200,61,200,47.5
2026-04-18 11:42:25 AM,KXATPMATCH-26APR19COBSHE-SHE,38,10,28,120,9,100,8,200,6,316,57,62,58,200,59,200,60,200,61,200,47.5
2026-04-18 11:42:25 AM,KXATPMATCH-26APR19COBSHE-SHE,38,10,28,120,9,100,8,200,6,316,57,262,58,200,59,200,60,200,61,200,47.5
2026-04-18 11:42:25 AM,KXATPMATCH-26APR19COBSHE-SHE,38,10,28,120,9,100,8,200,6,316,57,62,58,200,59,200,60,200,61,200,47.5
2026-04-18 11:42:26 AM,KXATPMATCH-26APR19COBSHE-SHE,38,10,28,120,9,100,8,200,6,316,57,262,58,200,59,200,60,200,61,200,47.5
2026-04-18 11:42:26 AM,KXATPMATCH-26APR19COBSHE-SHE,38,10,28,120,9,100,8,200,6,316,57,62,58,200,59,200,60,200,61,200,47.5
2026-04-18 11:42:26 AM,KXATPMATCH-26APR19COBSHE-SHE,38,10,28,120,9,100,8,200,6,316,57,262,58,200,59,200,60,200,61,200,47.5
2026-04-18 11:42:28 AM,KXATPMATCH-26APR19COBSHE-SHE,38,10,28,120,9,100,8,200,6,316,57,62,58,200,59,200,60,200,61,200,47.5
2026-04-18 11:42:28 AM,KXATPMATCH-26APR19COBSHE-SHE,38,10,28,120,9,100,8,200,6,316,57,262,58,200,59,200,60,200,61,200,47.5
2026-04-18 11:42:30 AM,KXATPMATCH-26APR19COBSHE-SHE,38,10,28,120,9,100,8,200,6,316,57,62,58,200,59,200,60,200,61,200,47.5
2026-04-18 11:42:30 AM,KXATPMATCH-26APR19COBSHE-SHE,38,10,28,120,9,100,8,200,6,316,57,262,58,200,59,200,60,200,61,200,47.5
2026-04-18 11:42:31 AM,KXATPMATCH-26APR19COBSHE-SHE,38,10,28,120,9,100,8,200,6,316,57,62,58,200,59,200,60,200,61,200,47.5
2026-04-18 11:42:31 AM,KXATPMATCH-26APR19COBSHE-SHE,38,10,28,120,9,100,8,200,6,316,57,262,58,200,59,200,60,200,61,200,47.5
2026-04-18 11:42:33 AM,KXATPMATCH-26APR19COBSHE-SHE,38,10,28,120,9,100,8,200,6,316,57,62,58,200,59,200,60,200,61,200,47.5
2026-04-18 11:42:33 AM,KXATPMATCH-26APR19COBSHE-SHE,38,10,28,120,9,100,8,200,6,316,57,262,58,200,59,200,60,200,61,200,47.5
2026-04-18 11:42:34 AM,KXATPMATCH-26APR19COBSHE-SHE,38,10,28,120,9,100,8,200,6,316,57,62,58,200,59,200,60,200,61,200,47.5
2026-04-18 11:42:34 AM,KXATPMATCH-26APR19COBSHE-SHE,38,10,28,120,9,100,8,200,6,316,57,262,58,200,59,200,60,200,61,200,47.5
2026-04-18 11:42:34 AM,KXATPMATCH-26APR19COBSHE-SHE,38,10,28,120,9,100,8,200,6,316,57,201,58,200,59,200,60,200,61,200,47.5
2026-04-18 11:42:34 AM,KXATPMATCH-26APR19COBSHE-SHE,38,10,28,120,9,100,8,200,6,316,57,1,58,200,59,200,60,200,61,200,47.5
2026-04-18 11:42:45 AM,KXATPMATCH-26APR19COBSHE-SHE,48,150,38,10,28,120,9,100,8,200,57,1,58,200,59,200,60,200,61,200,52.5
2026-04-18 11:42:55 AM,KXATPMATCH-26APR19COBSHE-SHE,48,150,38,10,28,60,9,100,8,200,57,1,58,200,59,200,60,200,61,200,52.5
2026-04-18 11:43:02 AM,KXATPMATCH-26APR19COBSHE-SHE,48,150,38,10,9,100,8,200,6,316,57,1,58,200,59,200,60,200,61,200,52.5
2026-04-18 11:43:02 AM,KXATPMATCH-26APR19COBSHE-SHE,48,150,38,70,9,100,8,200,6,316,57,1,58,200,59,200,60,200,61,200,52.5
2026-04-18 11:44:07 AM,KXATPMATCH-26APR19COBSHE-SHE,48,150,38,70,9,100,8,200,6,316,57,1,58,142,59,200,60,200,61,200,52.5
2026-04-18 11:44:35 AM,KXATPMATCH-26APR19COBSHE-SHE,54,9,48,150,38,70,9,100,8,200,57,1,58,142,59,200,60,200,61,200,55.5
2026-04-18 11:44:35 AM,KXATPMATCH-26APR19COBSHE-SHE,54,3,48,150,38,70,9,100,8,200,57,1,58,142,59,200,60,200,61,200,55.5
2026-04-18 11:44:36 AM,KXATPMATCH-26APR19COBSHE-SHE,54,2,48,150,38,70,9,100,8,200,57,1,58,142,59,200,60,200,61,200,55.5
2026-04-18 11:44:41 AM,KXATPMATCH-26APR19COBSHE-SHE,54,2,48,150,38,10,9,100,8,200,57,1,58,142,59,200,60,200,61,200,55.5
2026-04-18 11:44:41 AM,KXATPMATCH-26APR19COBSHE-SHE,54,2,48,150,44,60,38,10,9,100,57,1,58,142,59,200,60,200,61,200,55.5
2026-04-18 11:44:44 AM,KXATPMATCH-26APR19COBSHE-SHE,48,150,44,60,38,10,9,100,8,200,57,1,58,142,59,200,60,200,61,200,52.5
2026-04-18 11:44:44 AM,KXATPMATCH-26APR19COBSHE-SHE,48,108,44,60,38,10,9,100,8,200,57,1,58,142,59,200,60,200,61,200,52.5
2026-04-18 11:44:47 AM,KXATPMATCH-26APR19COBSHE-SHE,48,108,38,10,9,100,8,200,6,316,57,1,58,142,59,200,60,200,61,200,52.5
2026-04-18 11:44:48 AM,KXATPMATCH-26APR19COBSHE-SHE,48,108,38,70,9,100,8,200,6,316,57,1,58,142,59,200,60,200,61,200,52.5
2026-04-18 11:44:52 AM,KXATPMATCH-26APR19COBSHE-SHE,48,108,38,70,9,100,8,200,6,316,57,1,58,159,59,200,60,200,61,200,52.5
2026-04-18 11:45:12 AM,KXATPMATCH-26APR19COBSHE-SHE,48,108,38,70,9,100,8,200,6,316,57,1,58,17,59,200,60,200,61,200,52.5
2026-04-18 11:45:12 AM,KXATPMATCH-26APR19COBSHE-SHE,48,108,38,70,9,100,8,200,6,316,57,1,58,17,59,200,60,342,61,200,52.5
2026-04-18 11:45:12 AM,KXATPMATCH-26APR19COBSHE-SHE,48,108,38,70,9,100,8,200,6,316,57,1,59,200,60,342,61,200,63,200,52.5
2026-04-18 11:45:12 AM,KXATPMATCH-26APR19COBSHE-SHE,48,108,38,70,9,100,8,200,6,316,57,1,60,342,61,200,63,200,68,60,52.5
2026-04-18 11:45:12 AM,KXATPMATCH-26APR19COBSHE-SHE,48,108,38,70,9,100,8,200,6,316,57,1,60,342,61,400,63,200,68,60,52.5
2026-04-18 11:45:12 AM,KXATPMATCH-26APR19COBSHE-SHE,48,108,38,70,9,100,8,200,6,316,57,1,60,142,61,400,63,200,68,60,52.5
2026-04-18 11:45:13 AM,KXATPMATCH-26APR19COBSHE-SHE,48,108,38,70,9,100,8,200,6,316,57,1,60,142,61,400,62,200,63,200,52.5
2026-04-18 11:45:13 AM,KXATPMATCH-26APR19COBSHE-SHE,48,108,38,70,9,100,8,200,6,316,57,1,60,142,61,200,62,200,63,200,52.5
2026-04-18 11:45:13 AM,KXATPMATCH-26APR19COBSHE-SHE,48,108,38,70,9,100,8,200,6,316,57,1,60,142,61,200,62,200,63,400,52.5
2026-04-18 11:45:13 AM,KXATPMATCH-26APR19COBSHE-SHE,48,108,38,70,9,100,8,200,6,316,57,1,60,159,61,200,62,200,63,400,52.5
2026-04-18 11:45:13 AM,KXATPMATCH-26APR19COBSHE-SHE,48,108,38,70,9,100,8,200,6,316,57,1,60,159,61,200,62,200,63,200,52.5
2026-04-18 11:46:33 AM,KXATPMATCH-26APR19COBSHE-SHE,48,108,38,70,9,100,8,200,6,316,57,1,60,142,61,200,62,200,63,200,52.5
2026-04-18 11:47:28 AM,KXATPMATCH-26APR19COBSHE-SHE,48,108,38,10,9,100,8,200,6,316,57,1,60,142,61,200,62,200,63,200,52.5
2026-04-18 11:47:28 AM,KXATPMATCH-26APR19COBSHE-SHE,48,108,38,10,8,200,6,316,5,494,57,1,60,142,61,200,62,200,63,200,52.5
2026-04-18 11:47:36 AM,KXATPMATCH-26APR19COBSHE-SHE,48,108,38,10,6,316,5,494,4,623,57,1,60,142,61,200,62,200,63,200,52.5
2026-04-18 11:48:52 AM,KXATPMATCH-26APR19COBSHE-SHE,48,108,38,10,6,316,5,494,4,623,57,1,60,126,61,200,62,200,63,200,52.5
2026-04-18 11:51:10 AM,KXATPMATCH-26APR19COBSHE-SHE,48,108,41,100,38,10,6,316,5,494,57,1,60,126,61,200,62,200,63,200,52.5
2026-04-18 11:58:28 AM,KXATPMATCH-26APR19COBSHE-SHE,48,108,41,100,38,10,6,316,5,494,54,69,57,1,60,126,61,200,62,200,51.0
2026-04-18 12:00:54 PM,KXATPMATCH-26APR19COBSHE-SHE,48,108,41,100,38,10,6,316,5,494,54,43,57,1,60,126,61,200,62,200,51.0
2026-04-18 12:01:06 PM,KXATPMATCH-26APR19COBSHE-SHE,48,108,41,100,38,10,6,316,5,494,57,1,60,126,61,200,62,200,63,200,52.5
2026-04-18 12:01:23 PM,KXATPMATCH-26APR19COBSHE-SHE,48,108,41,100,38,10,6,316,5,494,57,1,60,1,61,200,62,200,63,200,52.5
2026-04-18 12:01:32 PM,KXATPMATCH-26APR19COBSHE-SHE,48,105,41,100,38,10,6,316,5,494,57,1,60,1,61,200,62,200,63,200,52.5
2026-04-18 12:01:39 PM,KXATPMATCH-26APR19COBSHE-SHE,48,105,41,100,38,10,6,316,5,494,57,1,60,1,61,42,62,200,63,200,52.5
2026-04-18 12:02:14 PM,KXATPMATCH-26APR19COBSHE-SHE,48,105,41,100,38,10,6,316,5,494,57,1,60,1,61,77,62,200,63,200,52.5
2026-04-18 12:02:14 PM,KXATPMATCH-26APR19COBSHE-SHE,48,105,46,35,41,100,38,10,6,316,57,1,60,1,61,77,62,200,63,200,52.5
2026-04-18 12:02:14 PM,KXATPMATCH-26APR19COBSHE-SHE,48,105,41,100,38,10,6,316,5,494,57,1,60,1,61,77,62,200,63,200,52.5
2026-04-18 12:02:14 PM,KXATPMATCH-26APR19COBSHE-SHE,48,105,45,35,41,100,38,10,6,316,57,1,60,1,61,77,62,200,63,200,52.5
2026-04-18 12:02:42 PM,KXATPMATCH-26APR19COBSHE-SHE,48,105,45,35,41,100,38,10,7,100,57,1,60,1,61,77,62,200,63,200,52.5
2026-04-18 12:02:42 PM,KXATPMATCH-26APR19COBSHE-SHE,48,105,45,35,42,60,41,100,38,10,57,1,60,1,61,77,62,200,63,200,52.5
2026-04-18 12:02:43 PM,KXATPMATCH-26APR19COBSHE-SHE,48,105,45,35,42,120,41,100,38,10,57,1,60,1,61,77,62,200,63,200,52.5
2026-04-18 12:03:30 PM,KXATPMATCH-26APR19COBSHE-SHE,48,79,45,35,42,120,41,100,38,10,57,1,60,1,61,77,62,200,63,200,52.5
2026-04-18 12:03:31 PM,KXATPMATCH-26APR19COBSHE-SHE,53,20,48,79,45,35,42,120,41,100,57,1,60,1,61,77,62,200,63,200,55.0
2026-04-18 12:03:31 PM,KXATPMATCH-26APR19COBSHE-SHE,53,20,48,79,42,120,41,100,38,10,57,1,60,1,61,77,62,200,63,200,55.0
2026-04-18 12:03:31 PM,KXATPMATCH-26APR19COBSHE-SHE,53,20,49,35,48,79,42,120,41,100,57,1,60,1,61,77,62,200,63,200,55.0
2026-04-18 12:03:35 PM,KXATPMATCH-26APR19COBSHE-SHE,53,10,49,35,48,79,42,120,41,100,57,1,60,1,61,77,62,200,63,200,55.0
2026-04-18 12:03:36 PM,KXATPMATCH-26APR19COBSHE-SHE,49,35,48,79,42,120,41,100,38,10,57,1,60,1,61,77,62,200,63,200,53.0
2026-04-18 12:03:36 PM,KXATPMATCH-26APR19COBSHE-SHE,49,28,48,79,42,120,41,100,38,10,57,1,60,1,61,77,62,200,63,200,53.0
2026-04-18 12:03:36 PM,KXATPMATCH-26APR19COBSHE-SHE,49,28,48,79,42,120,41,100,38,10,57,1,60,1,61,251,62,200,63,200,53.0
2026-04-18 12:03:36 PM,KXATPMATCH-26APR19COBSHE-SHE,49,28,48,79,42,120,41,100,38,10,57,1,60,1,61,77,62,200,63,200,53.0
2026-04-18 12:03:36 PM,KXATPMATCH-26APR19COBSHE-SHE,49,28,48,79,42,120,41,100,38,10,57,1,60,1,61,251,62,200,63,200,53.0
2026-04-18 12:03:36 PM,KXATPMATCH-26APR19COBSHE-SHE,49,28,48,79,42,120,41,100,38,10,57,1,60,1,61,77,62,200,63,200,53.0
2026-04-18 12:03:36 PM,KXATPMATCH-26APR19COBSHE-SHE,49,28,48,79,42,120,41,100,38,10,57,1,60,1,61,251,62,200,63,200,53.0
2026-04-18 12:03:36 PM,KXATPMATCH-26APR19COBSHE-SHE,49,28,48,79,42,120,41,100,38,10,57,1,60,1,61,77,62,200,63,200,53.0
2026-04-18 12:03:37 PM,KXATPMATCH-26APR19COBSHE-SHE,49,28,48,79,42,120,41,100,38,10,57,1,60,1,61,251,62,200,63,200,53.0
2026-04-18 12:03:37 PM,KXATPMATCH-26APR19COBSHE-SHE,49,28,48,79,42,120,41,100,38,10,57,1,60,1,61,77,62,200,63,200,53.0
2026-04-18 12:03:37 PM,KXATPMATCH-26APR19COBSHE-SHE,49,28,48,79,42,120,41,100,38,10,57,1,60,1,61,251,62,200,63,200,53.0
2026-04-18 12:03:37 PM,KXATPMATCH-26APR19COBSHE-SHE,49,28,48,79,42,120,41,100,38,10,57,1,60,1,61,77,62,200,63,200,53.0
2026-04-18 12:03:37 PM,KXATPMATCH-26APR19COBSHE-SHE,49,28,48,79,42,120,41,100,38,10,57,1,60,1,61,251,62,200,63,200,53.0
2026-04-18 12:03:37 PM,KXATPMATCH-26APR19COBSHE-SHE,49,28,48,79,42,120,41,100,38,10,57,1,60,1,61,77,62,200,63,200,53.0
2026-04-18 12:03:37 PM,KXATPMATCH-26APR19COBSHE-SHE,49,28,48,79,42,120,41,100,38,10,57,1,60,1,61,251,62,200,63,200,53.0
2026-04-18 12:03:37 PM,KXATPMATCH-26APR19COBSHE-SHE,49,28,48,79,42,120,41,100,38,10,57,1,60,1,61,77,62,200,63,200,53.0
2026-04-18 12:03:38 PM,KXATPMATCH-26APR19COBSHE-SHE,49,28,48,79,42,120,41,100,38,10,57,1,60,1,61,251,62,200,63,200,53.0
2026-04-18 12:03:38 PM,KXATPMATCH-26APR19COBSHE-SHE,49,28,48,79,42,120,41,100,38,10,57,1,60,1,61,77,62,200,63,200,53.0
2026-04-18 12:03:38 PM,KXATPMATCH-26APR19COBSHE-SHE,49,28,48,79,42,120,41,100,38,10,57,1,60,1,61,251,62,200,63,200,53.0
2026-04-18 12:03:38 PM,KXATPMATCH-26APR19COBSHE-SHE,49,28,48,79,42,120,41,100,38,10,57,1,60,1,61,77,62,200,63,200,53.0
2026-04-18 12:03:38 PM,KXATPMATCH-26APR19COBSHE-SHE,49,28,48,79,42,120,41,100,38,10,57,1,60,1,61,251,62,200,63,200,53.0
2026-04-18 12:03:38 PM,KXATPMATCH-26APR19COBSHE-SHE,49,28,48,79,42,120,41,100,38,10,57,1,60,1,61,77,62,200,63,200,53.0
2026-04-18 12:03:38 PM,KXATPMATCH-26APR19COBSHE-SHE,49,28,48,79,42,120,41,100,38,10,57,1,60,1,61,251,62,200,63,200,53.0
2026-04-18 12:03:38 PM,KXATPMATCH-26APR19COBSHE-SHE,49,28,48,79,42,120,41,100,38,10,57,1,60,1,61,77,62,200,63,200,53.0
2026-04-18 12:03:38 PM,KXATPMATCH-26APR19COBSHE-SHE,49,28,48,79,42,120,41,100,38,10,57,1,60,1,61,251,62,200,63,200,53.0
2026-04-18 12:03:38 PM,KXATPMATCH-26APR19COBSHE-SHE,49,28,48,79,42,120,41,100,38,10,57,1,60,1,61,77,62,200,63,200,53.0
2026-04-18 12:03:39 PM,KXATPMATCH-26APR19COBSHE-SHE,49,28,48,79,42,120,41,100,38,10,57,1,60,1,61,77,62,400,63,200,53.0
2026-04-18 12:03:39 PM,KXATPMATCH-26APR19COBSHE-SHE,49,28,48,79,42,120,41,100,38,10,57,1,60,1,61,77,62,200,63,200,53.0
2026-04-18 12:03:39 PM,KXATPMATCH-26APR19COBSHE-SHE,49,28,48,79,42,120,41,100,38,10,57,1,60,1,61,77,62,400,63,200,53.0
2026-04-18 12:03:39 PM,KXATPMATCH-26APR19COBSHE-SHE,49,28,48,79,42,120,41,100,38,10,57,1,60,1,61,77,62,200,63,200,53.0
2026-04-18 12:03:39 PM,KXATPMATCH-26APR19COBSHE-SHE,49,28,48,79,42,120,41,100,38,10,57,1,60,1,61,77,62,400,63,200,53.0
2026-04-18 12:03:39 PM,KXATPMATCH-26APR19COBSHE-SHE,49,28,48,79,42,120,41,100,38,10,57,1,60,1,61,77,62,200,63,200,53.0
2026-04-18 12:03:39 PM,KXATPMATCH-26APR19COBSHE-SHE,49,28,48,79,42,120,41,100,38,10,57,1,60,1,61,77,62,400,63,200,53.0
2026-04-18 12:03:39 PM,KXATPMATCH-26APR19COBSHE-SHE,49,28,48,79,42,120,41,100,38,10,57,1,60,1,61,77,62,200,63,200,53.0
2026-04-18 12:03:40 PM,KXATPMATCH-26APR19COBSHE-SHE,49,28,48,79,42,120,41,100,38,10,57,1,60,1,61,77,62,400,63,200,53.0
2026-04-18 12:03:40 PM,KXATPMATCH-26APR19COBSHE-SHE,49,28,48,79,42,120,41,100,38,10,57,1,60,1,61,77,62,200,63,200,53.0
2026-04-18 12:03:40 PM,KXATPMATCH-26APR19COBSHE-SHE,49,28,48,79,42,120,41,100,38,10,57,1,60,1,61,77,62,400,63,200,53.0
2026-04-18 12:03:40 PM,KXATPMATCH-26APR19COBSHE-SHE,49,28,48,79,42,120,41,100,38,10,57,1,60,1,61,77,62,200,63,200,53.0
2026-04-18 12:03:40 PM,KXATPMATCH-26APR19COBSHE-SHE,49,28,48,79,42,120,41,100,38,10,57,1,60,1,61,77,62,400,63,200,53.0
2026-04-18 12:03:40 PM,KXATPMATCH-26APR19COBSHE-SHE,49,28,48,79,42,120,41,100,38,10,57,1,60,1,61,77,62,200,63,200,53.0
2026-04-18 12:03:40 PM,KXATPMATCH-26APR19COBSHE-SHE,49,28,48,79,42,120,41,100,38,10,57,1,60,1,61,77,62,400,63,200,53.0
2026-04-18 12:03:40 PM,KXATPMATCH-26APR19COBSHE-SHE,49,28,48,79,42,120,41,100,38,10,57,1,60,1,61,77,62,200,63,200,53.0
2026-04-18 12:03:40 PM,KXATPMATCH-26APR19COBSHE-SHE,49,28,48,79,42,120,41,100,38,10,57,1,60,1,61,77,62,400,63,200,53.0
2026-04-18 12:03:41 PM,KXATPMATCH-26APR19COBSHE-SHE,49,28,48,79,42,120,41,100,38,10,57,1,60,1,61,77,62,200,63,200,53.0
2026-04-18 12:03:41 PM,KXATPMATCH-26APR19COBSHE-SHE,49,28,48,79,42,120,41,100,38,10,57,1,60,1,61,77,62,400,63,200,53.0
2026-04-18 12:03:41 PM,KXATPMATCH-26APR19COBSHE-SHE,49,28,48,79,42,120,41,100,38,10,57,1,60,1,61,77,62,200,63,200,53.0
2026-04-18 12:03:41 PM,KXATPMATCH-26APR19COBSHE-SHE,49,28,48,79,42,120,41,100,38,10,57,1,60,1,61,77,62,400,63,200,53.0
2026-04-18 12:03:41 PM,KXATPMATCH-26APR19COBSHE-SHE,49,28,48,79,42,120,41,100,38,10,57,1,60,1,61,77,62,200,63,200,53.0
2026-04-18 12:03:41 PM,KXATPMATCH-26APR19COBSHE-SHE,49,28,48,79,42,120,41,100,38,10,57,1,60,1,61,77,62,400,63,200,53.0
2026-04-18 12:03:41 PM,KXATPMATCH-26APR19COBSHE-SHE,49,28,48,79,42,120,41,100,38,10,57,1,60,1,61,77,62,200,63,200,53.0
2026-04-18 12:03:41 PM,KXATPMATCH-26APR19COBSHE-SHE,49,28,48,79,42,120,41,100,38,10,57,1,60,1,61,77,62,400,63,200,53.0
2026-04-18 12:03:41 PM,KXATPMATCH-26APR19COBSHE-SHE,49,28,48,79,42,120,41,100,38,10,57,1,60,1,61,77,62,200,63,200,53.0
2026-04-18 12:03:42 PM,KXATPMATCH-26APR19COBSHE-SHE,49,28,48,79,42,120,41,100,38,10,57,1,60,1,61,77,62,400,63,200,53.0
2026-04-18 12:03:42 PM,KXATPMATCH-26APR19COBSHE-SHE,49,28,48,79,42,120,41,100,38,10,57,1,60,1,61,77,62,200,63,200,53.0
2026-04-18 12:03:42 PM,KXATPMATCH-26APR19COBSHE-SHE,49,28,48,79,42,120,41,100,38,10,57,1,60,1,61,77,62,400,63,200,53.0
2026-04-18 12:03:42 PM,KXATPMATCH-26APR19COBSHE-SHE,49,28,48,79,42,120,41,100,38,10,57,1,60,1,61,77,62,200,63,200,53.0
2026-04-18 12:03:42 PM,KXATPMATCH-26APR19COBSHE-SHE,49,28,48,79,42,120,41,100,38,10,57,1,60,1,61,77,62,400,63,200,53.0
2026-04-18 12:03:42 PM,KXATPMATCH-26APR19COBSHE-SHE,49,28,48,79,42,120,41,100,38,10,57,1,60,1,61,77,62,200,63,200,53.0
2026-04-18 12:03:42 PM,KXATPMATCH-26APR19COBSHE-SHE,49,28,48,79,42,120,41,100,38,10,57,1,60,1,61,77,62,400,63,200,53.0
2026-04-18 12:03:42 PM,KXATPMATCH-26APR19COBSHE-SHE,49,28,48,79,42,120,41,100,38,10,57,1,60,1,61,77,62,200,63,200,53.0
2026-04-18 12:03:42 PM,KXATPMATCH-26APR19COBSHE-SHE,49,28,48,79,42,120,41,100,38,10,57,1,60,1,61,77,62,400,63,200,53.0
2026-04-18 12:03:42 PM,KXATPMATCH-26APR19COBSHE-SHE,49,28,48,79,42,120,41,100,38,10,57,1,60,1,61,77,62,200,63,200,53.0
2026-04-18 12:03:43 PM,KXATPMATCH-26APR19COBSHE-SHE,49,28,48,79,42,120,41,100,38,10,57,1,60,1,61,77,62,400,63,200,53.0
2026-04-18 12:03:43 PM,KXATPMATCH-26APR19COBSHE-SHE,49,28,48,79,42,120,41,100,38,10,57,1,60,1,61,77,62,200,63,200,53.0
2026-04-18 12:03:43 PM,KXATPMATCH-26APR19COBSHE-SHE,49,28,48,79,42,120,41,100,38,10,57,1,60,1,61,77,62,400,63,200,53.0
2026-04-18 12:03:43 PM,KXATPMATCH-26APR19COBSHE-SHE,49,28,48,79,42,120,41,100,38,10,57,1,60,1,61,77,62,200,63,200,53.0
2026-04-18 12:03:43 PM,KXATPMATCH-26APR19COBSHE-SHE,49,28,48,79,42,120,41,100,38,10,57,1,60,1,61,77,62,400,63,200,53.0
2026-04-18 12:03:43 PM,KXATPMATCH-26APR19COBSHE-SHE,49,28,48,79,42,120,41,100,38,10,57,1,60,1,61,77,62,200,63,200,53.0
2026-04-18 12:03:43 PM,KXATPMATCH-26APR19COBSHE-SHE,49,28,48,79,42,120,41,100,38,10,57,1,60,1,61,77,62,400,63,200,53.0
2026-04-18 12:03:43 PM,KXATPMATCH-26APR19COBSHE-SHE,49,28,48,79,42,120,41,100,38,10,57,1,60,1,61,77,62,200,63,200,53.0
2026-04-18 12:03:43 PM,KXATPMATCH-26APR19COBSHE-SHE,49,28,48,79,42,120,41,100,38,10,57,1,60,1,61,77,62,400,63,200,53.0
2026-04-18 12:03:43 PM,KXATPMATCH-26APR19COBSHE-SHE,49,28,48,79,42,120,41,100,38,10,57,1,60,1,61,77,62,200,63,200,53.0
2026-04-18 12:03:44 PM,KXATPMATCH-26APR19COBSHE-SHE,49,28,48,79,42,120,41,100,38,10,57,1,60,1,61,77,62,400,63,200,53.0
2026-04-18 12:03:44 PM,KXATPMATCH-26APR19COBSHE-SHE,49,28,48,79,42,120,41,100,38,10,57,1,60,1,61,77,62,200,63,200,53.0
2026-04-18 12:03:44 PM,KXATPMATCH-26APR19COBSHE-SHE,49,28,48,79,42,120,41,100,38,10,57,1,60,1,61,77,62,400,63,200,53.0
2026-04-18 12:03:44 PM,KXATPMATCH-26APR19COBSHE-SHE,49,28,48,79,42,120,41,100,38,10,57,1,60,1,61,77,62,200,63,200,53.0
2026-04-18 12:03:44 PM,KXATPMATCH-26APR19COBSHE-SHE,49,28,48,79,42,120,41,100,38,10,57,1,60,1,61,77,62,400,63,200,53.0
2026-04-18 12:03:44 PM,KXATPMATCH-26APR19COBSHE-SHE,49,28,48,79,42,120,41,100,38,10,57,1,60,1,61,77,62,200,63,200,53.0
2026-04-18 12:03:44 PM,KXATPMATCH-26APR19COBSHE-SHE,49,28,48,79,42,120,41,100,38,10,57,1,60,1,61,77,62,400,63,200,53.0
2026-04-18 12:03:44 PM,KXATPMATCH-26APR19COBSHE-SHE,49,28,48,79,42,120,41,100,38,10,57,1,60,1,61,77,62,200,63,200,53.0
2026-04-18 12:03:44 PM,KXATPMATCH-26APR19COBSHE-SHE,49,28,48,79,42,120,41,100,38,10,57,1,60,1,61,77,62,400,63,200,53.0
2026-04-18 12:03:45 PM,KXATPMATCH-26APR19COBSHE-SHE,49,28,48,79,42,120,41,100,38,10,57,1,60,1,61,77,62,200,63,200,53.0
2026-04-18 12:03:45 PM,KXATPMATCH-26APR19COBSHE-SHE,49,28,48,79,42,120,41,100,38,10,57,1,60,1,61,77,62,400,63,200,53.0
2026-04-18 12:03:45 PM,KXATPMATCH-26APR19COBSHE-SHE,49,28,48,79,42,120,41,100,38,10,57,1,60,1,61,77,62,200,63,200,53.0
2026-04-18 12:03:45 PM,KXATPMATCH-26APR19COBSHE-SHE,49,28,48,79,42,120,41,100,38,10,57,1,60,1,61,77,62,400,63,200,53.0
2026-04-18 12:03:45 PM,KXATPMATCH-26APR19COBSHE-SHE,49,28,48,79,42,120,41,100,38,10,57,1,60,1,61,77,62,200,63,200,53.0
2026-04-18 12:03:45 PM,KXATPMATCH-26APR19COBSHE-SHE,49,28,48,79,42,120,41,100,38,10,57,1,60,1,61,77,62,400,63,200,53.0
2026-04-18 12:03:45 PM,KXATPMATCH-26APR19COBSHE-SHE,49,28,48,79,42,120,41,100,38,10,57,1,60,1,61,77,62,200,63,200,53.0
2026-04-18 12:03:45 PM,KXATPMATCH-26APR19COBSHE-SHE,49,28,48,79,42,120,41,100,38,10,57,1,60,1,61,77,62,400,63,200,53.0
2026-04-18 12:03:45 PM,KXATPMATCH-26APR19COBSHE-SHE,49,28,48,79,42,120,41,100,38,10,57,1,60,1,61,77,62,200,63,200,53.0
2026-04-18 12:03:46 PM,KXATPMATCH-26APR19COBSHE-SHE,49,28,48,79,42,120,41,100,38,10,57,1,60,1,61,77,62,400,63,200,53.0
2026-04-18 12:03:46 PM,KXATPMATCH-26APR19COBSHE-SHE,49,28,48,79,42,120,41,100,38,10,57,1,60,1,61,77,62,200,63,200,53.0
2026-04-18 12:03:46 PM,KXATPMATCH-26APR19COBSHE-SHE,49,28,48,79,42,120,41,100,38,10,57,1,60,1,61,77,62,400,63,200,53.0
2026-04-18 12:03:46 PM,KXATPMATCH-26APR19COBSHE-SHE,49,28,48,79,42,120,41,100,38,10,57,1,60,1,61,77,62,200,63,200,53.0
2026-04-18 12:03:46 PM,KXATPMATCH-26APR19COBSHE-SHE,49,28,48,79,42,120,41,100,38,10,57,1,60,1,61,77,62,400,63,200,53.0
2026-04-18 12:03:46 PM,KXATPMATCH-26APR19COBSHE-SHE,49,28,48,79,42,120,41,100,38,10,57,1,60,1,61,77,62,200,63,200,53.0
2026-04-18 12:03:46 PM,KXATPMATCH-26APR19COBSHE-SHE,49,28,48,79,42,120,41,100,38,10,57,1,60,1,61,77,62,400,63,200,53.0
2026-04-18 12:03:46 PM,KXATPMATCH-26APR19COBSHE-SHE,49,28,48,79,42,120,41,100,38,10,57,1,60,1,61,77,62,200,63,200,53.0
2026-04-18 12:03:46 PM,KXATPMATCH-26APR19COBSHE-SHE,49,28,48,79,42,120,41,100,38,10,57,1,60,1,61,77,62,400,63,200,53.0
2026-04-18 12:03:46 PM,KXATPMATCH-26APR19COBSHE-SHE,49,28,48,79,42,120,41,100,38,10,57,1,60,1,61,77,62,200,63,200,53.0
2026-04-18 12:03:47 PM,KXATPMATCH-26APR19COBSHE-SHE,49,28,48,79,42,120,41,100,38,10,57,1,60,1,61,77,62,400,63,200,53.0
2026-04-18 12:03:47 PM,KXATPMATCH-26APR19COBSHE-SHE,49,28,48,79,42,120,41,100,38,10,57,1,60,1,61,77,62,200,63,200,53.0
2026-04-18 12:03:47 PM,KXATPMATCH-26APR19COBSHE-SHE,49,28,48,79,42,120,41,100,38,10,57,1,60,1,61,77,62,400,63,200,53.0
2026-04-18 12:03:47 PM,KXATPMATCH-26APR19COBSHE-SHE,49,28,48,79,42,120,41,100,38,10,57,1,60,1,61,77,62,200,63,200,53.0
2026-04-18 12:03:47 PM,KXATPMATCH-26APR19COBSHE-SHE,49,28,48,79,42,120,41,100,38,10,57,1,60,1,61,77,62,400,63,200,53.0
2026-04-18 12:03:47 PM,KXATPMATCH-26APR19COBSHE-SHE,49,28,48,79,42,120,41,100,38,10,57,1,60,1,61,77,62,200,63,200,53.0
2026-04-18 12:03:47 PM,KXATPMATCH-26APR19COBSHE-SHE,49,28,48,79,42,120,41,100,38,10,57,1,60,1,61,77,62,400,63,200,53.0
2026-04-18 12:03:47 PM,KXATPMATCH-26APR19COBSHE-SHE,49,28,48,79,42,120,41,100,38,10,57,1,60,1,61,77,62,200,63,200,53.0
2026-04-18 12:03:47 PM,KXATPMATCH-26APR19COBSHE-SHE,49,28,48,79,42,120,41,100,38,10,57,1,60,1,61,77,62,400,63,200,53.0
2026-04-18 12:03:47 PM,KXATPMATCH-26APR19COBSHE-SHE,49,28,48,79,42,120,41,100,38,10,57,1,60,1,61,77,62,200,63,200,53.0
2026-04-18 12:03:48 PM,KXATPMATCH-26APR19COBSHE-SHE,49,28,48,79,42,120,41,100,38,10,57,1,60,1,61,77,62,400,63,200,53.0
2026-04-18 12:03:48 PM,KXATPMATCH-26APR19COBSHE-SHE,49,28,48,79,42,120,41,100,38,10,57,1,60,1,61,77,62,200,63,200,53.0
2026-04-18 12:03:48 PM,KXATPMATCH-26APR19COBSHE-SHE,49,28,48,79,42,120,41,100,38,10,57,1,60,1,61,77,62,400,63,200,53.0
2026-04-18 12:03:48 PM,KXATPMATCH-26APR19COBSHE-SHE,49,28,48,79,42,120,41,100,38,10,57,1,60,1,61,77,62,200,63,200,53.0
2026-04-18 12:03:48 PM,KXATPMATCH-26APR19COBSHE-SHE,49,28,48,79,42,120,41,100,38,10,57,1,60,1,61,77,62,400,63,200,53.0
2026-04-18 12:03:48 PM,KXATPMATCH-26APR19COBSHE-SHE,49,28,48,79,42,120,41,100,38,10,57,1,60,1,61,77,62,200,63,200,53.0
2026-04-18 12:03:48 PM,KXATPMATCH-26APR19COBSHE-SHE,49,28,48,79,42,120,41,100,38,10,57,1,60,1,61,77,62,400,63,200,53.0
2026-04-18 12:03:48 PM,KXATPMATCH-26APR19COBSHE-SHE,49,28,48,79,42,120,41,100,38,10,57,1,60,1,61,77,62,200,63,200,53.0
2026-04-18 12:03:48 PM,KXATPMATCH-26APR19COBSHE-SHE,49,28,48,79,42,120,41,100,38,10,57,1,60,1,61,77,62,400,63,200,53.0
2026-04-18 12:03:49 PM,KXATPMATCH-26APR19COBSHE-SHE,49,28,48,79,42,120,41,100,38,10,57,1,60,1,61,77,62,200,63,200,53.0
2026-04-18 12:03:49 PM,KXATPMATCH-26APR19COBSHE-SHE,49,28,48,79,42,120,41,100,38,10,57,1,60,1,61,77,62,400,63,200,53.0
2026-04-18 12:03:49 PM,KXATPMATCH-26APR19COBSHE-SHE,49,28,48,79,42,120,41,100,38,10,57,1,60,1,61,77,62,200,63,200,53.0
2026-04-18 12:03:49 PM,KXATPMATCH-26APR19COBSHE-SHE,49,28,48,79,42,120,41,100,38,10,57,1,60,1,61,77,62,400,63,200,53.0
2026-04-18 12:03:49 PM,KXATPMATCH-26APR19COBSHE-SHE,49,28,48,79,42,120,41,100,38,10,57,1,60,1,61,77,62,200,63,200,53.0
2026-04-18 12:03:49 PM,KXATPMATCH-26APR19COBSHE-SHE,49,28,48,79,42,120,41,100,38,10,57,1,60,1,61,77,62,400,63,200,53.0
2026-04-18 12:03:49 PM,KXATPMATCH-26APR19COBSHE-SHE,49,28,48,79,42,120,41,100,38,10,57,1,60,1,61,77,62,200,63,200,53.0
2026-04-18 12:03:49 PM,KXATPMATCH-26APR19COBSHE-SHE,49,28,48,79,42,120,41,100,38,10,57,1,60,1,61,77,62,400,63,200,53.0
2026-04-18 12:03:49 PM,KXATPMATCH-26APR19COBSHE-SHE,49,28,48,79,42,120,41,100,38,10,57,1,60,1,61,77,62,200,63,200,53.0
2026-04-18 12:03:50 PM,KXATPMATCH-26APR19COBSHE-SHE,49,28,48,79,42,120,41,100,38,10,57,1,60,1,61,77,62,400,63,200,53.0
2026-04-18 12:03:50 PM,KXATPMATCH-26APR19COBSHE-SHE,49,28,48,79,42,120,41,100,38,10,57,1,60,1,61,77,62,200,63,200,53.0
2026-04-18 12:03:50 PM,KXATPMATCH-26APR19COBSHE-SHE,49,28,48,79,42,120,41,100,38,10,57,1,60,1,61,77,62,400,63,200,53.0
2026-04-18 12:03:50 PM,KXATPMATCH-26APR19COBSHE-SHE,49,28,48,79,42,120,41,100,38,10,57,1,60,1,61,77,62,200,63,200,53.0
2026-04-18 12:03:50 PM,KXATPMATCH-26APR19COBSHE-SHE,49,28,48,79,42,120,41,100,38,10,57,1,60,1,61,77,62,400,63,200,53.0
2026-04-18 12:03:50 PM,KXATPMATCH-26APR19COBSHE-SHE,49,28,48,79,42,120,41,100,38,10,57,1,60,1,61,77,62,200,63,200,53.0
2026-04-18 12:03:50 PM,KXATPMATCH-26APR19COBSHE-SHE,49,28,48,79,42,120,41,100,38,10,57,1,60,1,61,77,62,400,63,200,53.0
2026-04-18 12:03:50 PM,KXATPMATCH-26APR19COBSHE-SHE,49,28,48,79,42,120,41,100,38,10,57,1,60,1,61,77,62,200,63,200,53.0
2026-04-18 12:03:50 PM,KXATPMATCH-26APR19COBSHE-SHE,49,28,48,79,42,120,41,100,38,10,57,1,60,1,61,77,62,400,63,200,53.0
2026-04-18 12:03:50 PM,KXATPMATCH-26APR19COBSHE-SHE,49,28,48,79,42,120,41,100,38,10,57,1,60,1,61,77,62,200,63,200,53.0
2026-04-18 12:03:51 PM,KXATPMATCH-26APR19COBSHE-SHE,49,28,48,79,42,120,41,100,38,10,57,1,60,1,61,77,62,400,63,200,53.0
2026-04-18 12:03:51 PM,KXATPMATCH-26APR19COBSHE-SHE,49,28,48,79,42,120,41,100,38,10,57,1,60,1,61,77,62,200,63,200,53.0
2026-04-18 12:03:51 PM,KXATPMATCH-26APR19COBSHE-SHE,49,28,48,79,42,120,41,100,38,10,57,1,60,1,61,77,62,400,63,200,53.0
2026-04-18 12:03:51 PM,KXATPMATCH-26APR19COBSHE-SHE,49,28,48,79,42,120,41,100,38,10,57,1,60,1,61,77,62,200,63,200,53.0
2026-04-18 12:03:51 PM,KXATPMATCH-26APR19COBSHE-SHE,49,28,48,79,42,120,41,100,38,10,57,1,60,1,61,77,62,400,63,200,53.0
2026-04-18 12:03:51 PM,KXATPMATCH-26APR19COBSHE-SHE,49,28,48,79,42,120,41,100,38,10,57,1,60,1,61,77,62,200,63,200,53.0
2026-04-18 12:03:51 PM,KXATPMATCH-26APR19COBSHE-SHE,49,28,48,79,42,120,41,100,38,10,57,1,60,1,61,77,62,400,63,200,53.0
2026-04-18 12:03:51 PM,KXATPMATCH-26APR19COBSHE-SHE,49,28,48,79,42,120,41,100,38,10,57,1,60,1,61,77,62,200,63,200,53.0
2026-04-18 12:03:51 PM,KXATPMATCH-26APR19COBSHE-SHE,49,28,48,79,42,120,41,100,38,10,57,1,60,1,61,77,62,400,63,200,53.0
2026-04-18 12:03:51 PM,KXATPMATCH-26APR19COBSHE-SHE,49,28,48,79,42,120,41,100,38,10,57,1,60,1,61,77,62,200,63,200,53.0
2026-04-18 12:03:52 PM,KXATPMATCH-26APR19COBSHE-SHE,49,28,48,79,42,120,41,100,38,10,57,1,60,1,61,77,62,400,63,200,53.0
2026-04-18 12:03:52 PM,KXATPMATCH-26APR19COBSHE-SHE,49,28,48,79,42,120,41,100,38,10,57,1,60,1,61,77,62,200,63,200,53.0
2026-04-18 12:03:52 PM,KXATPMATCH-26APR19COBSHE-SHE,49,28,48,79,42,120,41,100,38,10,57,1,60,1,61,77,62,400,63,200,53.0
2026-04-18 12:03:52 PM,KXATPMATCH-26APR19COBSHE-SHE,49,28,48,79,42,120,41,100,38,10,57,1,60,1,61,77,62,200,63,200,53.0
2026-04-18 12:03:52 PM,KXATPMATCH-26APR19COBSHE-SHE,49,28,48,79,42,120,41,100,38,10,57,1,60,1,61,77,62,400,63,200,53.0
2026-04-18 12:03:52 PM,KXATPMATCH-26APR19COBSHE-SHE,49,28,48,79,42,120,41,100,38,10,57,1,60,1,61,77,62,200,63,200,53.0
2026-04-18 12:03:52 PM,KXATPMATCH-26APR19COBSHE-SHE,49,28,48,79,42,120,41,100,38,10,57,1,60,1,61,77,62,400,63,200,53.0
2026-04-18 12:03:52 PM,KXATPMATCH-26APR19COBSHE-SHE,49,28,48,79,42,120,41,100,38,10,57,1,60,1,61,77,62,200,63,200,53.0
2026-04-18 12:03:52 PM,KXATPMATCH-26APR19COBSHE-SHE,49,28,48,79,42,120,41,100,38,10,57,1,60,1,61,77,62,400,63,200,53.0
2026-04-18 12:03:52 PM,KXATPMATCH-26APR19COBSHE-SHE,49,28,48,79,42,120,41,100,38,10,57,1,60,1,61,77,62,200,63,200,53.0
2026-04-18 12:03:53 PM,KXATPMATCH-26APR19COBSHE-SHE,49,28,48,79,42,120,41,100,38,10,57,1,60,1,61,77,62,400,63,200,53.0
2026-04-18 12:03:53 PM,KXATPMATCH-26APR19COBSHE-SHE,49,28,48,79,42,120,41,100,38,10,57,1,60,1,61,77,62,200,63,200,53.0
2026-04-18 12:03:53 PM,KXATPMATCH-26APR19COBSHE-SHE,49,28,48,79,42,120,41,100,38,10,57,1,60,1,61,77,62,400,63,200,53.0
2026-04-18 12:03:53 PM,KXATPMATCH-26APR19COBSHE-SHE,49,28,48,79,42,120,41,100,38,10,57,1,60,1,61,77,62,200,63,200,53.0
2026-04-18 12:03:53 PM,KXATPMATCH-26APR19COBSHE-SHE,49,28,48,79,42,120,41,100,38,10,57,1,60,1,61,77,62,400,63,200,53.0
2026-04-18 12:03:53 PM,KXATPMATCH-26APR19COBSHE-SHE,49,28,48,79,42,120,41,100,38,10,57,1,60,1,61,77,62,200,63,200,53.0
2026-04-18 12:03:53 PM,KXATPMATCH-26APR19COBSHE-SHE,49,28,48,79,42,120,41,100,38,10,57,1,60,1,61,77,62,400,63,200,53.0
2026-04-18 12:03:53 PM,KXATPMATCH-26APR19COBSHE-SHE,49,28,48,79,42,120,41,100,38,10,57,1,60,1,61,77,62,200,63,200,53.0
2026-04-18 12:03:53 PM,KXATPMATCH-26APR19COBSHE-SHE,49,28,48,79,42,120,41,100,38,10,57,1,60,1,61,77,62,400,63,200,53.0
2026-04-18 12:03:54 PM,KXATPMATCH-26APR19COBSHE-SHE,49,28,48,79,42,120,41,100,38,10,57,1,60,1,61,77,62,200,63,200,53.0
2026-04-18 12:03:54 PM,KXATPMATCH-26APR19COBSHE-SHE,49,28,48,79,42,120,41,100,38,10,57,1,60,1,61,77,62,400,63,200,53.0
2026-04-18 12:03:54 PM,KXATPMATCH-26APR19COBSHE-SHE,49,28,48,79,42,120,41,100,38,10,57,1,60,1,61,77,62,200,63,200,53.0
2026-04-18 12:03:54 PM,KXATPMATCH-26APR19COBSHE-SHE,49,28,48,79,42,120,41,100,38,10,57,1,60,1,61,77,62,400,63,200,53.0
2026-04-18 12:03:54 PM,KXATPMATCH-26APR19COBSHE-SHE,49,28,48,79,42,120,41,100,38,10,57,1,60,1,61,77,62,200,63,200,53.0
2026-04-18 12:03:54 PM,KXATPMATCH-26APR19COBSHE-SHE,49,28,48,79,42,120,41,100,38,10,57,1,60,1,61,77,62,400,63,200,53.0
2026-04-18 12:03:54 PM,KXATPMATCH-26APR19COBSHE-SHE,49,28,48,79,42,120,41,100,38,10,57,1,60,1,61,77,62,200,63,200,53.0
2026-04-18 12:03:54 PM,KXATPMATCH-26APR19COBSHE-SHE,49,28,48,79,42,120,41,100,38,10,57,1,60,1,61,77,62,400,63,200,53.0
2026-04-18 12:03:54 PM,KXATPMATCH-26APR19COBSHE-SHE,49,28,48,79,42,120,41,100,38,10,57,1,60,1,61,77,62,200,63,200,53.0
2026-04-18 12:03:54 PM,KXATPMATCH-26APR19COBSHE-SHE,49,28,48,79,42,120,41,100,38,10,57,1,60,1,61,77,62,400,63,200,53.0
2026-04-18 12:03:55 PM,KXATPMATCH-26APR19COBSHE-SHE,49,28,48,79,42,120,41,100,38,10,57,1,60,1,61,77,62,200,63,200,53.0
2026-04-18 12:03:55 PM,KXATPMATCH-26APR19COBSHE-SHE,49,28,48,79,42,120,41,100,38,10,57,1,60,1,61,77,62,400,63,200,53.0
2026-04-18 12:03:55 PM,KXATPMATCH-26APR19COBSHE-SHE,49,28,48,79,42,120,41,100,38,10,57,1,60,1,61,77,62,200,63,200,53.0
2026-04-18 12:03:55 PM,KXATPMATCH-26APR19COBSHE-SHE,49,28,48,79,42,120,41,100,38,10,57,1,60,1,61,77,62,400,63,200,53.0
2026-04-18 12:03:55 PM,KXATPMATCH-26APR19COBSHE-SHE,49,28,48,79,42,120,41,100,38,10,57,1,60,1,61,77,62,200,63,200,53.0
2026-04-18 12:03:55 PM,KXATPMATCH-26APR19COBSHE-SHE,49,28,48,79,42,120,41,100,38,10,57,1,60,1,61,77,62,400,63,200,53.0
2026-04-18 12:03:55 PM,KXATPMATCH-26APR19COBSHE-SHE,49,28,48,79,42,120,41,100,38,10,57,1,60,1,61,77,62,200,63,200,53.0
2026-04-18 12:03:55 PM,KXATPMATCH-26APR19COBSHE-SHE,49,28,48,79,42,120,41,100,38,10,57,1,60,1,61,77,62,400,63,200,53.0
2026-04-18 12:03:55 PM,KXATPMATCH-26APR19COBSHE-SHE,49,28,48,79,42,120,41,100,38,10,57,1,60,1,61,77,62,200,63,200,53.0
2026-04-18 12:03:56 PM,KXATPMATCH-26APR19COBSHE-SHE,49,28,48,79,42,120,41,100,38,10,57,1,60,1,61,77,62,400,63,200,53.0
2026-04-18 12:03:56 PM,KXATPMATCH-26APR19COBSHE-SHE,49,28,48,79,42,120,41,100,38,10,57,1,60,1,61,77,62,200,63,200,53.0
2026-04-18 12:03:56 PM,KXATPMATCH-26APR19COBSHE-SHE,49,28,48,79,42,120,41,100,38,10,57,1,60,1,61,77,62,400,63,200,53.0
2026-04-18 12:03:56 PM,KXATPMATCH-26APR19COBSHE-SHE,49,28,48,79,42,120,41,100,38,10,57,1,60,1,61,77,62,200,63,200,53.0
2026-04-18 12:03:56 PM,KXATPMATCH-26APR19COBSHE-SHE,49,28,48,79,42,120,41,100,38,10,57,1,60,1,61,77,62,400,63,200,53.0
2026-04-18 12:03:56 PM,KXATPMATCH-26APR19COBSHE-SHE,49,28,48,79,42,120,41,100,38,10,57,1,60,1,61,77,62,200,63,200,53.0
2026-04-18 12:03:56 PM,KXATPMATCH-26APR19COBSHE-SHE,49,28,48,79,42,120,41,100,38,10,57,1,60,1,61,77,62,400,63,200,53.0
2026-04-18 12:03:56 PM,KXATPMATCH-26APR19COBSHE-SHE,49,28,48,79,42,120,41,100,38,10,57,1,60,1,61,77,62,200,63,200,53.0
2026-04-18 12:03:56 PM,KXATPMATCH-26APR19COBSHE-SHE,49,28,48,79,42,120,41,100,38,10,57,1,60,1,61,77,62,400,63,200,53.0
2026-04-18 12:03:56 PM,KXATPMATCH-26APR19COBSHE-SHE,49,28,48,79,42,120,41,100,38,10,57,1,60,1,61,77,62,200,63,200,53.0
2026-04-18 12:03:57 PM,KXATPMATCH-26APR19COBSHE-SHE,49,28,48,79,42,120,41,100,38,10,57,1,60,1,61,77,62,400,63,200,53.0
2026-04-18 12:03:57 PM,KXATPMATCH-26APR19COBSHE-SHE,49,28,48,79,42,120,41,100,38,10,57,1,60,1,61,77,62,200,63,200,53.0
2026-04-18 12:03:57 PM,KXATPMATCH-26APR19COBSHE-SHE,49,28,48,79,42,120,41,100,38,10,57,1,60,1,61,77,62,400,63,200,53.0
2026-04-18 12:03:57 PM,KXATPMATCH-26APR19COBSHE-SHE,49,28,48,79,42,120,41,100,38,10,57,1,60,1,61,77,62,200,63,200,53.0
2026-04-18 12:03:57 PM,KXATPMATCH-26APR19COBSHE-SHE,49,28,48,79,42,120,41,100,38,10,57,1,60,1,61,77,62,400,63,200,53.0
2026-04-18 12:03:57 PM,KXATPMATCH-26APR19COBSHE-SHE,49,28,48,79,42,120,41,100,38,10,57,1,60,1,61,77,62,200,63,200,53.0
2026-04-18 12:03:57 PM,KXATPMATCH-26APR19COBSHE-SHE,49,28,48,79,42,120,41,100,38,10,57,1,60,1,61,77,62,400,63,200,53.0
2026-04-18 12:03:57 PM,KXATPMATCH-26APR19COBSHE-SHE,49,28,48,79,42,120,41,100,38,10,57,1,60,1,61,77,62,200,63,200,53.0
2026-04-18 12:03:57 PM,KXATPMATCH-26APR19COBSHE-SHE,49,28,48,79,42,120,41,100,38,10,57,1,60,1,61,77,62,400,63,200,53.0
2026-04-18 12:03:57 PM,KXATPMATCH-26APR19COBSHE-SHE,49,28,48,79,42,120,41,100,38,10,57,1,60,1,61,77,62,200,63,200,53.0
2026-04-18 12:03:58 PM,KXATPMATCH-26APR19COBSHE-SHE,49,28,48,79,42,120,41,100,38,10,57,1,60,1,61,77,62,400,63,200,53.0
2026-04-18 12:03:58 PM,KXATPMATCH-26APR19COBSHE-SHE,49,28,48,79,42,120,41,100,38,10,57,1,60,1,61,77,62,200,63,200,53.0
2026-04-18 12:03:58 PM,KXATPMATCH-26APR19COBSHE-SHE,49,28,48,79,42,120,41,100,38,10,57,1,60,1,61,77,62,400,63,200,53.0
2026-04-18 12:03:58 PM,KXATPMATCH-26APR19COBSHE-SHE,49,28,48,79,42,120,41,100,38,10,57,1,60,1,61,77,62,200,63,200,53.0
2026-04-18 12:03:58 PM,KXATPMATCH-26APR19COBSHE-SHE,49,28,48,79,42,120,41,100,38,10,57,1,60,1,61,77,62,400,63,200,53.0
2026-04-18 12:03:58 PM,KXATPMATCH-26APR19COBSHE-SHE,49,28,48,79,42,120,41,100,38,10,57,1,60,1,61,77,62,200,63,200,53.0
2026-04-18 12:03:58 PM,KXATPMATCH-26APR19COBSHE-SHE,49,28,48,79,42,120,41,100,9,100,57,1,60,1,61,77,62,200,63,200,53.0
2026-04-18 12:03:58 PM,KXATPMATCH-26APR19COBSHE-SHE,49,28,48,79,42,120,41,100,9,100,57,1,60,1,61,77,62,400,63,200,53.0
2026-04-18 12:03:58 PM,KXATPMATCH-26APR19COBSHE-SHE,49,28,48,79,42,120,41,100,9,100,57,1,60,1,61,77,62,200,63,200,53.0
2026-04-18 12:03:59 PM,KXATPMATCH-26APR19COBSHE-SHE,49,28,48,79,42,120,41,100,9,100,57,1,60,1,61,77,62,400,63,200,53.0
2026-04-18 12:03:59 PM,KXATPMATCH-26APR19COBSHE-SHE,49,28,48,79,42,120,41,100,9,100,57,1,60,1,61,77,62,200,63,200,53.0
2026-04-18 12:03:59 PM,KXATPMATCH-26APR19COBSHE-SHE,49,28,48,79,42,120,41,100,9,100,57,1,60,1,61,77,62,400,63,200,53.0
2026-04-18 12:03:59 PM,KXATPMATCH-26APR19COBSHE-SHE,49,28,48,79,42,120,41,100,9,100,57,1,60,1,61,77,62,200,63,200,53.0
2026-04-18 12:03:59 PM,KXATPMATCH-26APR19COBSHE-SHE,49,28,48,79,42,120,41,100,9,100,57,1,60,1,61,77,62,400,63,200,53.0
2026-04-18 12:03:59 PM,KXATPMATCH-26APR19COBSHE-SHE,49,28,48,79,42,120,41,100,9,100,57,1,60,1,61,77,62,200,63,200,53.0
2026-04-18 12:03:59 PM,KXATPMATCH-26APR19COBSHE-SHE,49,28,48,79,42,120,41,100,9,100,57,1,60,1,61,77,62,400,63,200,53.0
2026-04-18 12:03:59 PM,KXATPMATCH-26APR19COBSHE-SHE,49,28,48,79,42,120,41,100,9,100,57,1,60,1,61,77,62,200,63,200,53.0
2026-04-18 12:03:59 PM,KXATPMATCH-26APR19COBSHE-SHE,49,28,48,79,42,120,41,100,9,100,57,1,60,1,61,77,62,400,63,200,53.0
2026-04-18 12:04:00 PM,KXATPMATCH-26APR19COBSHE-SHE,49,28,48,79,42,120,41,100,9,100,57,1,60,1,61,77,62,200,63,200,53.0
2026-04-18 12:04:00 PM,KXATPMATCH-26APR19COBSHE-SHE,49,28,48,79,42,120,41,100,9,100,57,1,60,1,61,77,62,400,63,200,53.0
2026-04-18 12:04:00 PM,KXATPMATCH-26APR19COBSHE-SHE,49,28,48,79,42,120,41,100,9,100,57,1,60,1,61,77,62,200,63,200,53.0
2026-04-18 12:04:00 PM,KXATPMATCH-26APR19COBSHE-SHE,49,28,48,79,42,120,41,100,9,100,57,1,60,1,61,77,62,400,63,200,53.0
2026-04-18 12:04:00 PM,KXATPMATCH-26APR19COBSHE-SHE,49,28,48,79,42,120,41,100,9,100,57,1,60,1,61,77,62,200,63,200,53.0
2026-04-18 12:04:00 PM,KXATPMATCH-26APR19COBSHE-SHE,49,28,48,79,42,120,41,100,9,100,57,1,60,1,61,77,62,400,63,200,53.0
2026-04-18 12:04:00 PM,KXATPMATCH-26APR19COBSHE-SHE,49,28,48,79,42,120,41,100,9,100,57,1,60,1,61,77,62,200,63,200,53.0
2026-04-18 12:04:00 PM,KXATPMATCH-26APR19COBSHE-SHE,49,28,48,79,42,120,41,100,9,100,57,1,60,1,61,77,62,400,63,200,53.0
2026-04-18 12:04:00 PM,KXATPMATCH-26APR19COBSHE-SHE,49,28,48,79,42,120,41,100,9,100,57,1,60,1,61,77,62,200,63,200,53.0
2026-04-18 12:04:01 PM,KXATPMATCH-26APR19COBSHE-SHE,49,28,48,79,42,120,41,100,9,100,57,1,60,1,61,77,62,400,63,200,53.0
2026-04-18 12:04:01 PM,KXATPMATCH-26APR19COBSHE-SHE,49,28,48,79,42,120,41,100,9,100,57,1,60,1,61,77,62,200,63,200,53.0
2026-04-18 12:04:01 PM,KXATPMATCH-26APR19COBSHE-SHE,49,28,48,79,42,120,41,100,9,100,57,1,60,1,61,77,62,400,63,200,53.0
2026-04-18 12:04:01 PM,KXATPMATCH-26APR19COBSHE-SHE,49,28,48,79,42,120,41,100,9,100,57,1,60,1,61,77,62,200,63,200,53.0
2026-04-18 12:04:01 PM,KXATPMATCH-26APR19COBSHE-SHE,49,28,48,79,42,120,41,100,9,100,57,1,60,1,61,77,62,400,63,200,53.0
2026-04-18 12:04:01 PM,KXATPMATCH-26APR19COBSHE-SHE,49,23,48,79,42,120,41,100,9,100,57,1,60,1,61,77,62,400,63,200,53.0
2026-04-18 12:04:01 PM,KXATPMATCH-26APR19COBSHE-SHE,49,23,48,79,42,120,41,100,9,100,57,1,60,1,61,77,62,200,63,200,53.0
2026-04-18 12:04:01 PM,KXATPMATCH-26APR19COBSHE-SHE,49,23,48,79,42,120,41,100,9,100,57,1,60,1,61,77,62,400,63,200,53.0
2026-04-18 12:04:01 PM,KXATPMATCH-26APR19COBSHE-SHE,49,23,48,79,42,120,41,100,9,100,57,1,60,1,61,77,62,200,63,200,53.0
2026-04-18 12:04:01 PM,KXATPMATCH-26APR19COBSHE-SHE,49,23,48,79,42,120,41,100,9,100,57,1,60,1,61,77,62,400,63,200,53.0
2026-04-18 12:04:01 PM,KXATPMATCH-26APR19COBSHE-SHE,49,23,48,79,42,120,41,100,9,100,57,1,60,1,61,77,62,200,63,200,53.0
2026-04-18 12:04:02 PM,KXATPMATCH-26APR19COBSHE-SHE,49,23,48,79,42,120,41,100,9,100,57,1,60,1,61,77,62,400,63,200,53.0
2026-04-18 12:04:02 PM,KXATPMATCH-26APR19COBSHE-SHE,49,23,48,79,42,120,41,100,9,100,57,1,60,1,61,77,62,200,63,200,53.0
2026-04-18 12:04:02 PM,KXATPMATCH-26APR19COBSHE-SHE,49,23,48,79,42,120,41,100,9,100,57,1,60,1,61,77,62,400,63,200,53.0
2026-04-18 12:04:02 PM,KXATPMATCH-26APR19COBSHE-SHE,49,23,48,79,42,120,41,100,9,100,57,1,60,1,61,77,62,200,63,200,53.0
2026-04-18 12:04:02 PM,KXATPMATCH-26APR19COBSHE-SHE,49,23,48,79,42,120,41,100,9,100,57,1,60,1,61,77,62,400,63,200,53.0
2026-04-18 12:04:02 PM,KXATPMATCH-26APR19COBSHE-SHE,49,23,48,79,42,120,41,100,9,100,57,1,60,1,61,77,62,200,63,200,53.0
2026-04-18 12:04:02 PM,KXATPMATCH-26APR19COBSHE-SHE,49,23,48,79,42,120,41,100,9,100,57,1,60,1,61,77,62,400,63,200,53.0
2026-04-18 12:04:02 PM,KXATPMATCH-26APR19COBSHE-SHE,49,23,48,79,42,120,41,100,9,100,57,1,60,1,61,77,62,200,63,200,53.0
2026-04-18 12:04:02 PM,KXATPMATCH-26APR19COBSHE-SHE,49,23,48,79,42,120,41,100,9,100,57,1,60,1,61,77,62,400,63,200,53.0
2026-04-18 12:04:02 PM,KXATPMATCH-26APR19COBSHE-SHE,49,23,48,79,42,120,41,100,9,100,57,1,60,1,61,77,62,200,63,200,53.0
2026-04-18 12:04:03 PM,KXATPMATCH-26APR19COBSHE-SHE,49,23,48,79,42,120,41,100,9,100,57,1,60,1,61,77,62,400,63,200,53.0
2026-04-18 12:04:03 PM,KXATPMATCH-26APR19COBSHE-SHE,49,23,48,79,42,120,41,100,9,100,57,1,60,1,61,77,62,200,63,200,53.0
2026-04-18 12:04:03 PM,KXATPMATCH-26APR19COBSHE-SHE,49,23,48,79,42,120,41,100,9,100,57,1,60,1,61,77,62,400,63,200,53.0
2026-04-18 12:04:03 PM,KXATPMATCH-26APR19COBSHE-SHE,49,23,48,79,42,120,41,100,9,100,57,1,60,1,61,77,62,200,63,200,53.0
2026-04-18 12:04:03 PM,KXATPMATCH-26APR19COBSHE-SHE,49,23,48,79,42,120,41,100,9,100,57,1,60,1,61,77,62,400,63,200,53.0
2026-04-18 12:04:03 PM,KXATPMATCH-26APR19COBSHE-SHE,49,23,48,79,42,120,41,100,9,100,57,1,60,1,61,77,62,200,63,200,53.0
2026-04-18 12:04:03 PM,KXATPMATCH-26APR19COBSHE-SHE,49,23,48,79,42,120,41,100,9,100,57,1,60,1,61,77,62,400,63,200,53.0
2026-04-18 12:04:03 PM,KXATPMATCH-26APR19COBSHE-SHE,49,23,48,79,42,120,41,100,9,100,57,1,60,1,61,77,62,200,63,200,53.0
2026-04-18 12:04:03 PM,KXATPMATCH-26APR19COBSHE-SHE,49,23,48,79,42,120,41,100,9,100,57,1,60,1,61,77,62,400,63,200,53.0
2026-04-18 12:04:04 PM,KXATPMATCH-26APR19COBSHE-SHE,49,23,48,79,42,120,41,100,9,100,57,1,60,1,61,77,62,200,63,200,53.0
2026-04-18 12:04:04 PM,KXATPMATCH-26APR19COBSHE-SHE,49,23,48,79,42,120,41,100,9,100,57,1,60,1,61,77,62,400,63,200,53.0
2026-04-18 12:04:04 PM,KXATPMATCH-26APR19COBSHE-SHE,49,23,48,79,42,120,41,100,9,100,57,1,60,1,61,77,62,200,63,200,53.0
2026-04-18 12:04:04 PM,KXATPMATCH-26APR19COBSHE-SHE,49,23,48,79,42,120,41,100,9,100,57,1,60,1,61,77,62,400,63,200,53.0
2026-04-18 12:04:04 PM,KXATPMATCH-26APR19COBSHE-SHE,49,23,48,79,42,120,41,100,9,100,57,1,60,1,61,77,62,200,63,200,53.0
2026-04-18 12:04:04 PM,KXATPMATCH-26APR19COBSHE-SHE,49,23,48,79,42,120,41,100,9,100,57,1,60,1,61,77,62,400,63,200,53.0
2026-04-18 12:04:04 PM,KXATPMATCH-26APR19COBSHE-SHE,49,23,48,79,42,120,41,100,9,100,57,1,60,1,61,77,62,200,63,200,53.0
2026-04-18 12:04:04 PM,KXATPMATCH-26APR19COBSHE-SHE,49,23,48,79,42,120,41,100,9,100,57,1,60,1,61,77,62,400,63,200,53.0
2026-04-18 12:04:04 PM,KXATPMATCH-26APR19COBSHE-SHE,49,23,48,79,42,120,41,100,9,100,57,1,60,1,61,77,62,200,63,200,53.0
2026-04-18 12:04:05 PM,KXATPMATCH-26APR19COBSHE-SHE,49,23,48,79,42,120,41,100,9,100,57,1,60,1,61,77,62,400,63,200,53.0
2026-04-18 12:04:05 PM,KXATPMATCH-26APR19COBSHE-SHE,49,23,48,79,42,120,41,100,9,100,57,1,60,1,61,77,62,200,63,200,53.0
2026-04-18 12:04:05 PM,KXATPMATCH-26APR19COBSHE-SHE,49,23,48,79,42,120,41,100,9,100,57,1,60,1,61,77,62,400,63,200,53.0
2026-04-18 12:04:05 PM,KXATPMATCH-26APR19COBSHE-SHE,49,23,48,79,42,120,41,100,9,100,57,1,60,1,61,77,62,200,63,200,53.0
2026-04-18 12:04:05 PM,KXATPMATCH-26APR19COBSHE-SHE,49,23,48,79,42,120,41,100,9,100,57,1,60,1,61,77,62,400,63,200,53.0
2026-04-18 12:04:05 PM,KXATPMATCH-26APR19COBSHE-SHE,49,23,48,79,42,120,41,100,9,100,57,1,60,1,61,77,62,200,63,200,53.0
2026-04-18 12:04:05 PM,KXATPMATCH-26APR19COBSHE-SHE,49,23,48,79,42,120,41,100,9,100,57,1,60,1,61,77,62,400,63,200,53.0
2026-04-18 12:04:05 PM,KXATPMATCH-26APR19COBSHE-SHE,49,23,48,79,42,120,41,100,9,100,57,1,60,1,61,77,62,200,63,200,53.0
2026-04-18 12:04:06 PM,KXATPMATCH-26APR19COBSHE-SHE,49,23,48,79,42,120,41,100,9,100,57,1,60,1,61,77,62,400,63,200,53.0
2026-04-18 12:04:06 PM,KXATPMATCH-26APR19COBSHE-SHE,49,23,48,79,42,120,41,100,9,100,57,1,60,1,61,77,62,200,63,200,53.0
2026-04-18 12:04:06 PM,KXATPMATCH-26APR19COBSHE-SHE,49,23,48,79,42,120,41,100,9,100,57,1,60,1,61,77,62,400,63,200,53.0
2026-04-18 12:04:06 PM,KXATPMATCH-26APR19COBSHE-SHE,49,23,48,79,42,120,41,100,9,100,57,1,60,1,61,77,62,200,63,200,53.0
2026-04-18 12:04:06 PM,KXATPMATCH-26APR19COBSHE-SHE,49,23,48,79,42,120,41,100,9,100,57,1,60,1,61,77,62,400,63,200,53.0
2026-04-18 12:04:06 PM,KXATPMATCH-26APR19COBSHE-SHE,49,23,48,79,42,120,41,100,9,100,57,1,60,1,61,77,62,200,63,200,53.0
2026-04-18 12:04:06 PM,KXATPMATCH-26APR19COBSHE-SHE,49,23,48,79,42,120,41,100,9,100,57,1,60,1,61,77,62,400,63,200,53.0
2026-04-18 12:04:06 PM,KXATPMATCH-26APR19COBSHE-SHE,49,23,48,79,42,120,41,100,9,100,57,1,60,1,61,77,62,200,63,200,53.0
2026-04-18 12:04:06 PM,KXATPMATCH-26APR19COBSHE-SHE,49,23,48,79,42,120,41,100,9,100,57,1,60,1,61,77,62,400,63,200,53.0
2026-04-18 12:04:06 PM,KXATPMATCH-26APR19COBSHE-SHE,49,23,48,79,42,120,41,100,9,100,57,1,60,1,61,77,62,200,63,200,53.0
2026-04-18 12:04:07 PM,KXATPMATCH-26APR19COBSHE-SHE,49,23,48,79,42,120,41,100,9,100,57,1,60,1,61,77,62,400,63,200,53.0
2026-04-18 12:04:07 PM,KXATPMATCH-26APR19COBSHE-SHE,49,23,48,79,42,120,41,100,9,100,57,1,60,1,61,77,62,200,63,200,53.0
2026-04-18 12:04:07 PM,KXATPMATCH-26APR19COBSHE-SHE,49,23,48,79,42,120,41,100,9,100,57,1,60,1,61,77,62,400,63,200,53.0
2026-04-18 12:04:07 PM,KXATPMATCH-26APR19COBSHE-SHE,49,23,48,79,42,120,41,100,9,100,57,1,60,1,61,77,62,200,63,200,53.0
2026-04-18 12:04:07 PM,KXATPMATCH-26APR19COBSHE-SHE,49,23,48,79,42,120,41,100,9,100,57,1,60,1,61,77,62,400,63,200,53.0
2026-04-18 12:04:07 PM,KXATPMATCH-26APR19COBSHE-SHE,49,23,48,79,42,120,41,100,9,100,57,1,60,1,61,77,62,200,63,200,53.0
2026-04-18 12:04:07 PM,KXATPMATCH-26APR19COBSHE-SHE,49,23,48,79,42,120,41,100,9,100,57,1,60,1,61,77,62,400,63,200,53.0
2026-04-18 12:04:07 PM,KXATPMATCH-26APR19COBSHE-SHE,49,23,48,79,42,120,41,100,9,100,57,1,60,1,61,77,62,200,63,200,53.0
2026-04-18 12:05:10 PM,KXATPMATCH-26APR19COBSHE-SHE,49,23,48,79,42,120,41,100,9,100,57,1,60,1,61,35,62,200,63,200,53.0
2026-04-18 12:05:10 PM,KXATPMATCH-26APR19COBSHE-SHE,49,23,48,79,42,120,41,100,9,100,57,1,60,1,62,200,63,200,64,200,53.0
2026-04-18 12:05:45 PM,KXATPMATCH-26APR19COBSHE-SHE,49,23,48,79,42,120,41,100,9,100,57,1,60,1,61,500,62,200,63,200,53.0
2026-04-18 12:05:45 PM,KXATPMATCH-26APR19COBSHE-SHE,49,23,48,79,42,120,41,100,9,100,57,1,60,1,61,535,62,200,63,200,53.0
2026-04-18 12:06:08 PM,KXATPMATCH-26APR19COBSHE-SHE,49,23,48,79,42,120,41,100,9,100,57,1,60,1,61,510,62,200,63,200,53.0
2026-04-18 12:06:28 PM,KXATPMATCH-26APR19COBSHE-SHE,49,23,48,79,42,120,41,100,9,100,57,1,60,1,61,351,62,200,63,200,53.0
2026-04-18 12:06:40 PM,KXATPMATCH-26APR19COBSHE-SHE,49,1,48,79,42,120,41,100,9,100,57,1,60,1,61,351,62,200,63,200,53.0
2026-04-18 12:06:40 PM,KXATPMATCH-26APR19COBSHE-SHE,49,1,48,47,42,120,41,100,9,100,57,1,60,1,61,351,62,200,63,200,53.0
2026-04-18 12:07:12 PM,KXATPMATCH-26APR19COBSHE-SHE,49,1,48,33,42,120,41,100,9,100,57,1,60,1,61,351,62,200,63,200,53.0
2026-04-18 12:07:12 PM,KXATPMATCH-26APR19COBSHE-SHE,49,1,48,33,47,35,42,120,41,100,57,1,60,1,61,351,62,200,63,200,53.0
2026-04-18 12:07:12 PM,KXATPMATCH-26APR19COBSHE-SHE,49,1,48,33,47,45,42,120,41,100,57,1,60,1,61,351,62,200,63,200,53.0
2026-04-18 12:07:43 PM,KXATPMATCH-26APR19COBSHE-SHE,49,1,48,33,47,45,43,29,42,120,57,1,60,1,61,351,62,200,63,200,53.0
2026-04-18 12:07:45 PM,KXATPMATCH-26APR19COBSHE-SHE,49,1,48,33,47,45,43,29,42,120,57,1,60,75,61,351,62,200,63,200,53.0
2026-04-18 12:07:45 PM,KXATPMATCH-26APR19COBSHE-SHE,49,1,48,33,47,45,43,29,42,120,57,1,60,75,61,358,62,200,63,200,53.0
2026-04-18 12:07:45 PM,KXATPMATCH-26APR19COBSHE-SHE,49,1,48,33,47,45,43,29,42,120,57,1,60,75,61,323,62,200,63,200,53.0
2026-04-18 12:08:02 PM,KXATPMATCH-26APR19COBSHE-SHE,49,1,48,33,47,45,43,29,42,120,57,1,60,75,61,325,62,200,63,200,53.0
2026-04-18 12:08:06 PM,KXATPMATCH-26APR19COBSHE-SHE,49,1,48,33,47,45,43,29,42,120,57,1,60,75,61,510,62,200,63,200,53.0
2026-04-18 12:08:06 PM,KXATPMATCH-26APR19COBSHE-SHE,49,1,48,33,47,45,43,29,42,120,57,1,60,110,61,510,62,200,63,200,53.0
2026-04-18 12:08:06 PM,KXATPMATCH-26APR19COBSHE-SHE,49,1,48,33,47,45,43,29,42,120,57,1,60,274,61,510,62,200,63,200,53.0
2026-04-18 12:08:06 PM,KXATPMATCH-26APR19COBSHE-SHE,49,1,48,33,47,45,43,29,42,120,57,1,60,274,61,503,62,200,63,200,53.0
2026-04-18 12:08:06 PM,KXATPMATCH-26APR19COBSHE-SHE,49,1,48,33,47,45,43,29,42,120,57,1,60,200,61,503,62,200,63,200,53.0
2026-04-18 12:08:06 PM,KXATPMATCH-26APR19COBSHE-SHE,49,1,48,33,47,45,43,29,42,120,57,1,60,36,61,503,62,200,63,200,53.0
2026-04-18 12:08:06 PM,KXATPMATCH-26APR19COBSHE-SHE,49,1,48,33,47,45,43,29,42,120,57,1,59,67,60,36,61,503,62,200,53.0
2026-04-18 12:08:06 PM,KXATPMATCH-26APR19COBSHE-SHE,49,1,48,33,47,10,43,29,42,120,57,1,59,67,60,36,61,503,62,200,53.0
2026-04-18 12:08:06 PM,KXATPMATCH-26APR19COBSHE-SHE,49,1,48,33,47,10,44,35,43,29,57,1,59,67,60,36,61,503,62,200,53.0
2026-04-18 12:08:06 PM,KXATPMATCH-26APR19COBSHE-SHE,49,1,48,33,47,10,44,35,43,29,57,1,59,67,60,201,61,503,62,200,53.0
2026-04-18 12:08:07 PM,KXATPMATCH-26APR19COBSHE-SHE,49,1,48,33,47,10,45,14,44,35,57,1,59,67,60,201,61,503,62,200,53.0
2026-04-18 12:08:07 PM,KXATPMATCH-26APR19COBSHE-SHE,49,1,48,33,47,10,45,14,44,35,57,1,59,67,60,208,61,503,62,200,53.0
2026-04-18 12:08:13 PM,KXATPMATCH-26APR19COBSHE-SHE,49,1,48,33,47,10,45,14,44,35,57,1,59,67,60,208,61,3,62,200,53.0
2026-04-18 12:08:13 PM,KXATPMATCH-26APR19COBSHE-SHE,49,1,48,33,47,10,45,14,44,35,57,1,58,500,59,67,60,208,61,3,53.0
2026-04-18 12:08:13 PM,KXATPMATCH-26APR19COBSHE-SHE,49,1,48,33,47,10,45,14,44,35,57,1,58,500,59,67,60,201,61,3,53.0
2026-04-18 12:08:13 PM,KXATPMATCH-26APR19COBSHE-SHE,49,1,48,33,47,10,45,14,44,35,57,1,58,500,60,201,61,3,62,200,53.0
2026-04-18 12:08:13 PM,KXATPMATCH-26APR19COBSHE-SHE,49,1,48,33,47,10,45,14,44,35,57,1,58,500,60,166,61,3,62,200,53.0
2026-04-18 12:08:13 PM,KXATPMATCH-26APR19COBSHE-SHE,49,1,48,33,47,10,45,14,44,35,57,54,58,500,60,166,61,3,62,200,53.0
2026-04-18 12:08:13 PM,KXATPMATCH-26APR19COBSHE-SHE,49,1,48,33,47,10,45,14,44,35,57,54,58,500,60,1,61,3,62,200,53.0
2026-04-18 12:08:13 PM,KXATPMATCH-26APR19COBSHE-SHE,49,1,48,33,47,10,45,14,44,35,57,160,58,500,60,1,61,3,62,200,53.0
2026-04-18 12:08:14 PM,KXATPMATCH-26APR19COBSHE-SHE,49,1,48,33,47,10,45,14,44,35,57,107,58,500,60,1,61,3,62,200,53.0
2026-04-18 12:08:15 PM,KXATPMATCH-26APR19COBSHE-SHE,49,1,48,33,47,10,45,14,44,35,57,1,58,500,60,1,61,3,62,200,53.0
2026-04-18 12:08:15 PM,KXATPMATCH-26APR19COBSHE-SHE,49,1,48,33,47,10,45,14,44,35,57,54,58,500,60,1,61,3,62,200,53.0
2026-04-18 12:08:15 PM,KXATPMATCH-26APR19COBSHE-SHE,49,1,48,33,47,10,45,14,44,35,57,54,58,500,60,22,61,3,62,200,53.0
2026-04-18 12:08:15 PM,KXATPMATCH-26APR19COBSHE-SHE,49,1,48,33,47,10,45,14,44,35,57,160,58,500,60,22,61,3,62,200,53.0
2026-04-18 12:08:15 PM,KXATPMATCH-26APR19COBSHE-SHE,49,1,48,33,47,10,45,14,44,35,57,195,58,500,60,22,61,3,62,200,53.0
2026-04-18 12:08:15 PM,KXATPMATCH-26APR19COBSHE-SHE,49,1,48,33,47,10,45,14,44,35,57,195,58,500,60,1,61,3,62,200,53.0
2026-04-18 12:08:15 PM,KXATPMATCH-26APR19COBSHE-SHE,49,1,48,33,47,10,45,14,44,35,57,142,58,500,60,1,61,3,62,200,53.0
2026-04-18 12:08:15 PM,KXATPMATCH-26APR19COBSHE-SHE,49,1,48,33,47,10,45,14,44,35,56,46,57,142,58,500,60,1,61,3,52.5
2026-04-18 12:08:15 PM,KXATPMATCH-26APR19COBSHE-SHE,49,1,48,33,47,10,45,14,44,35,56,46,57,149,58,500,60,1,61,3,52.5
2026-04-18 12:08:15 PM,KXATPMATCH-26APR19COBSHE-SHE,49,1,48,33,47,10,45,14,44,35,56,46,57,114,58,500,60,1,61,3,52.5
2026-04-18 12:08:15 PM,KXATPMATCH-26APR19COBSHE-SHE,49,1,48,33,47,10,45,14,44,35,56,81,57,114,58,500,60,1,61,3,52.5
2026-04-18 12:08:16 PM,KXATPMATCH-26APR19COBSHE-SHE,49,1,48,33,47,10,45,14,44,35,56,81,57,8,58,500,60,1,61,3,52.5
2026-04-18 12:08:16 PM,KXATPMATCH-26APR19COBSHE-SHE,49,1,48,33,47,10,45,14,44,35,55,39,56,81,57,8,58,500,60,1,52.0
2026-04-18 12:08:16 PM,KXATPMATCH-26APR19COBSHE-SHE,49,1,48,33,47,10,45,14,44,35,55,39,56,81,57,15,58,500,60,1,52.0
2026-04-18 12:08:16 PM,KXATPMATCH-26APR19COBSHE-SHE,49,1,48,33,47,10,45,14,44,35,55,39,56,35,57,15,58,500,60,1,52.0
2026-04-18 12:08:16 PM,KXATPMATCH-26APR19COBSHE-SHE,49,1,48,33,47,10,45,14,44,35,55,39,57,15,58,500,60,1,61,3,52.0
2026-04-18 12:08:16 PM,KXATPMATCH-26APR19COBSHE-SHE,49,1,48,33,47,10,45,14,44,35,55,39,57,54,58,500,60,1,61,3,52.0
2026-04-18 12:08:16 PM,KXATPMATCH-26APR19COBSHE-SHE,49,1,48,33,47,10,45,14,44,35,55,39,57,54,58,500,60,22,61,3,52.0
2026-04-18 12:08:16 PM,KXATPMATCH-26APR19COBSHE-SHE,49,1,48,33,47,10,45,14,44,35,57,54,58,500,60,22,61,3,62,200,53.0
2026-04-18 12:08:18 PM,KXATPMATCH-26APR19COBSHE-SHE,49,1,48,33,47,10,45,14,44,35,57,54,60,22,61,3,62,200,63,200,53.0
2026-04-18 12:08:18 PM,KXATPMATCH-26APR19COBSHE-SHE,49,1,48,33,47,10,45,14,44,35,57,54,60,522,61,3,62,200,63,200,53.0
2026-04-18 12:08:18 PM,KXATPMATCH-26APR19COBSHE-SHE,49,1,48,33,47,10,45,14,44,35,57,47,60,522,61,3,62,200,63,200,53.0
2026-04-18 12:08:18 PM,KXATPMATCH-26APR19COBSHE-SHE,49,1,48,33,47,10,45,14,44,35,57,40,60,522,61,3,62,200,63,200,53.0
2026-04-18 12:08:18 PM,KXATPMATCH-26APR19COBSHE-SHE,49,1,48,33,47,10,45,14,44,35,57,1,60,522,61,3,62,200,63,200,53.0
2026-04-18 12:08:18 PM,KXATPMATCH-26APR19COBSHE-SHE,49,1,48,33,47,10,45,14,44,35,57,1,60,575,61,3,62,200,63,200,53.0
2026-04-18 12:08:18 PM,KXATPMATCH-26APR19COBSHE-SHE,49,1,48,33,47,10,45,14,44,35,57,1,60,575,61,10,62,200,63,200,53.0
2026-04-18 12:08:18 PM,KXATPMATCH-26APR19COBSHE-SHE,49,1,48,33,47,10,45,14,44,35,57,1,59,148,60,575,61,10,62,200,53.0
2026-04-18 12:08:18 PM,KXATPMATCH-26APR19COBSHE-SHE,49,1,48,33,47,10,45,14,44,35,57,1,59,183,60,575,61,10,62,200,53.0
2026-04-18 12:08:19 PM,KXATPMATCH-26APR19COBSHE-SHE,49,1,48,33,47,10,45,14,44,35,57,1,58,60,59,183,60,575,61,10,53.0
2026-04-18 12:08:19 PM,KXATPMATCH-26APR19COBSHE-SHE,49,1,48,33,47,10,45,14,44,35,57,1,58,60,59,190,60,575,61,10,53.0
2026-04-18 12:08:19 PM,KXATPMATCH-26APR19COBSHE-SHE,49,1,48,33,47,10,45,14,44,35,57,1,58,60,59,190,60,554,61,10,53.0
2026-04-18 12:08:19 PM,KXATPMATCH-26APR19COBSHE-SHE,49,1,48,33,47,10,45,14,44,35,57,1,58,60,59,190,60,501,61,10,53.0
2026-04-18 12:08:19 PM,KXATPMATCH-26APR19COBSHE-SHE,49,1,48,33,47,10,45,14,44,35,57,1,58,60,59,190,60,501,61,3,53.0
2026-04-18 12:08:19 PM,KXATPMATCH-26APR19COBSHE-SHE,49,1,48,33,47,10,45,14,44,35,57,1,58,60,59,42,60,501,61,3,53.0
2026-04-18 12:08:19 PM,KXATPMATCH-26APR19COBSHE-SHE,49,1,48,33,47,10,45,14,44,35,57,1,58,60,59,7,60,501,61,3,53.0
2026-04-18 12:08:19 PM,KXATPMATCH-26APR19COBSHE-SHE,49,1,48,33,47,10,45,14,44,35,57,1,58,60,59,153,60,501,61,3,53.0
2026-04-18 12:08:38 PM,KXATPMATCH-26APR19COBSHE-SHE,49,1,48,33,47,10,45,14,44,35,57,1,58,27,59,153,60,501,61,3,53.0
2026-04-18 12:08:38 PM,KXATPMATCH-26APR19COBSHE-SHE,49,1,48,33,45,14,44,35,42,120,57,1,58,27,59,153,60,501,61,3,53.0
2026-04-18 12:08:38 PM,KXATPMATCH-26APR19COBSHE-SHE,49,10,48,33,45,14,44,35,42,120,57,1,58,27,59,153,60,501,61,3,53.0
2026-04-18 12:08:38 PM,KXATPMATCH-26APR19COBSHE-SHE,49,10,48,33,45,29,44,35,42,120,57,1,58,27,59,153,60,501,61,3,53.0
2026-04-18 12:08:38 PM,KXATPMATCH-26APR19COBSHE-SHE,49,10,48,33,45,29,44,35,42,120,57,1,58,27,59,112,60,501,61,3,53.0
2026-04-18 12:08:38 PM,KXATPMATCH-26APR19COBSHE-SHE,49,10,48,33,45,29,44,35,42,120,57,1,58,46,59,112,60,501,61,3,53.0
2026-04-18 12:08:39 PM,KXATPMATCH-26APR19COBSHE-SHE,49,17,48,33,45,29,44,35,42,120,57,1,58,46,59,112,60,501,61,3,53.0
2026-04-18 12:08:43 PM,KXATPMATCH-26APR19COBSHE-SHE,49,17,48,33,45,29,44,35,42,120,57,1,58,31,59,112,60,501,61,3,53.0
2026-04-18 12:08:43 PM,KXATPMATCH-26APR19COBSHE-SHE,49,17,48,33,45,29,44,35,42,120,57,1,58,31,59,105,60,501,61,3,53.0
2026-04-18 12:08:43 PM,KXATPMATCH-26APR19COBSHE-SHE,49,23,48,33,45,29,44,35,42,120,57,1,58,31,59,105,60,501,61,3,53.0
2026-04-18 12:08:43 PM,KXATPMATCH-26APR19COBSHE-SHE,49,23,48,33,45,29,44,35,42,120,57,1,58,66,59,105,60,501,61,3,53.0
2026-04-18 12:08:43 PM,KXATPMATCH-26APR19COBSHE-SHE,49,23,48,33,45,29,44,35,42,120,57,34,58,66,59,105,60,501,61,3,53.0
2026-04-18 12:08:43 PM,KXATPMATCH-26APR19COBSHE-SHE,49,23,48,33,45,29,44,35,42,120,57,34,58,55,59,105,60,501,61,3,53.0
2026-04-18 12:08:43 PM,KXATPMATCH-26APR19COBSHE-SHE,49,23,48,33,45,29,44,35,42,120,57,34,58,36,59,105,60,501,61,3,53.0
2026-04-18 12:08:44 PM,KXATPMATCH-26APR19COBSHE-SHE,49,23,48,33,45,29,44,35,42,120,57,34,58,43,59,105,60,501,61,3,53.0
2026-04-18 12:08:50 PM,KXATPMATCH-26APR19COBSHE-SHE,49,23,48,33,45,29,44,35,42,120,57,17,58,43,59,105,60,501,61,3,53.0
2026-04-18 12:08:50 PM,KXATPMATCH-26APR19COBSHE-SHE,49,23,48,33,45,29,44,35,42,120,57,17,58,36,59,105,60,501,61,3,53.0
2026-04-18 12:08:50 PM,KXATPMATCH-26APR19COBSHE-SHE,49,23,48,33,45,29,44,35,42,120,57,24,58,36,59,105,60,501,61,3,53.0
2026-04-18 12:08:59 PM,KXATPMATCH-26APR19COBSHE-SHE,49,23,48,33,45,29,44,35,42,120,57,9,58,36,59,105,60,501,61,3,53.0
2026-04-18 12:08:59 PM,KXATPMATCH-26APR19COBSHE-SHE,49,23,48,33,45,29,44,35,42,120,57,2,58,36,59,105,60,501,61,3,53.0
2026-04-18 12:09:00 PM,KXATPMATCH-26APR19COBSHE-SHE,49,37,48,33,45,29,44,35,42,120,57,2,58,36,59,105,60,501,61,3,53.0
2026-04-18 12:09:13 PM,KXATPMATCH-26APR19COBSHE-SHE,49,37,48,33,45,29,44,35,42,120,57,2,58,36,59,105,60,1,61,3,53.0
2026-04-18 12:09:13 PM,KXATPMATCH-26APR19COBSHE-SHE,49,37,48,33,45,29,44,35,42,120,57,502,58,36,59,105,60,1,61,3,53.0
2026-04-18 12:09:13 PM,KXATPMATCH-26APR19COBSHE-SHE,49,37,48,33,45,29,44,35,42,120,57,502,58,1,59,105,60,1,61,3,53.0
2026-04-18 12:09:13 PM,KXATPMATCH-26APR19COBSHE-SHE,49,37,48,33,45,29,44,35,42,120,57,502,58,1,59,105,60,1,61,38,53.0
2026-04-18 12:09:13 PM,KXATPMATCH-26APR19COBSHE-SHE,49,37,48,33,45,29,44,35,42,120,57,502,58,1,60,1,61,38,62,200,53.0
2026-04-18 12:09:13 PM,KXATPMATCH-26APR19COBSHE-SHE,49,37,48,33,45,29,44,35,42,120,57,502,58,1,60,1,61,38,62,400,53.0
2026-04-18 12:09:17 PM,KXATPMATCH-26APR19COBSHE-SHE,49,37,48,33,45,29,44,35,42,120,57,2,58,1,60,1,61,38,62,400,53.0
2026-04-18 12:09:17 PM,KXATPMATCH-26APR19COBSHE-SHE,49,37,48,33,45,29,44,35,42,120,57,2,58,1,60,501,61,38,62,400,53.0
2026-04-18 12:09:40 PM,KXATPMATCH-26APR19COBSHE-SHE,49,28,48,33,45,29,44,35,42,120,57,2,58,1,60,501,61,38,62,400,53.0
2026-04-18 12:09:40 PM,KXATPMATCH-26APR19COBSHE-SHE,49,21,48,33,45,29,44,35,42,120,57,2,58,1,60,501,61,38,62,400,53.0
2026-04-18 12:09:40 PM,KXATPMATCH-26APR19COBSHE-SHE,49,15,48,33,45,29,44,35,42,120,57,2,58,1,60,501,61,38,62,400,53.0
2026-04-18 12:09:40 PM,KXATPMATCH-26APR19COBSHE-SHE,49,15,48,33,45,15,44,35,42,120,57,2,58,1,60,501,61,38,62,400,53.0
2026-04-18 12:09:40 PM,KXATPMATCH-26APR19COBSHE-SHE,49,15,48,33,44,35,42,120,41,100,57,2,58,1,60,501,61,38,62,400,53.0
2026-04-18 12:09:40 PM,KXATPMATCH-26APR19COBSHE-SHE,49,1,48,33,44,35,42,120,41,100,57,2,58,1,60,501,61,38,62,400,53.0
2026-04-18 12:09:40 PM,KXATPMATCH-26APR19COBSHE-SHE,50,10,49,1,48,33,44,35,42,120,57,2,58,1,60,501,61,38,62,400,53.5
2026-04-18 12:09:40 PM,KXATPMATCH-26APR19COBSHE-SHE,50,10,49,18,48,33,44,35,42,120,57,2,58,1,60,501,61,38,62,400,53.5
2026-04-18 12:09:41 PM,KXATPMATCH-26APR19COBSHE-SHE,50,10,49,18,48,33,45,29,44,35,57,2,58,1,60,501,61,38,62,400,53.5
2026-04-18 12:09:41 PM,KXATPMATCH-26APR19COBSHE-SHE,49,18,48,33,45,29,44,35,42,120,57,2,58,1,60,501,61,38,62,400,53.0
2026-04-18 12:09:41 PM,KXATPMATCH-26APR19COBSHE-SHE,49,39,48,33,45,29,44,35,42,120,57,2,58,1,60,501,61,38,62,400,53.0
2026-04-18 12:09:44 PM,KXATPMATCH-26APR19COBSHE-SHE,49,39,48,33,45,29,44,35,42,120,57,2,58,1,60,453,61,38,62,400,53.0
2026-04-18 12:09:48 PM,KXATPMATCH-26APR19COBSHE-SHE,49,22,48,33,45,29,44,35,42,120,57,2,58,1,60,453,61,38,62,400,53.0
2026-04-18 12:09:48 PM,KXATPMATCH-26APR19COBSHE-SHE,49,1,48,33,45,29,44,35,42,120,57,2,58,1,60,453,61,38,62,400,53.0
2026-04-18 12:09:48 PM,KXATPMATCH-26APR19COBSHE-SHE,49,1,48,18,45,29,44,35,42,120,57,2,58,1,60,453,61,38,62,400,53.0
2026-04-18 12:09:48 PM,KXATPMATCH-26APR19COBSHE-SHE,49,1,48,18,45,29,42,120,41,100,57,2,58,1,60,453,61,38,62,400,53.0
2026-04-18 12:09:48 PM,KXATPMATCH-26APR19COBSHE-SHE,49,1,48,18,46,35,45,29,42,120,57,2,58,1,60,453,61,38,62,400,53.0
2026-04-18 12:09:48 PM,KXATPMATCH-26APR19COBSHE-SHE,49,1,48,18,46,35,45,29,42,120,57,2,58,1,59,17,60,453,61,38,53.0
2026-04-18 12:09:48 PM,KXATPMATCH-26APR19COBSHE-SHE,49,1,48,18,46,35,45,29,42,120,57,2,58,1,59,120,60,453,61,38,53.0
2026-04-18 12:09:48 PM,KXATPMATCH-26APR19COBSHE-SHE,49,1,48,18,46,35,45,29,42,120,57,2,58,1,59,120,60,453,61,3,53.0
2026-04-18 12:09:48 PM,KXATPMATCH-26APR19COBSHE-SHE,49,1,48,18,46,35,45,29,42,120,57,2,58,1,59,155,60,453,61,3,53.0
2026-04-18 12:09:48 PM,KXATPMATCH-26APR19COBSHE-SHE,49,1,48,18,46,35,45,29,42,120,57,2,58,1,59,52,60,453,61,3,53.0
2026-04-18 12:09:48 PM,KXATPMATCH-26APR19COBSHE-SHE,49,1,48,18,46,35,45,29,42,120,57,2,58,1,59,112,60,453,61,3,53.0
2026-04-18 12:09:48 PM,KXATPMATCH-26APR19COBSHE-SHE,49,1,48,18,46,35,45,29,42,120,57,2,58,1,59,52,60,453,61,3,53.0
2026-04-18 12:09:48 PM,KXATPMATCH-26APR19COBSHE-SHE,49,1,48,18,46,35,45,29,42,120,57,2,58,60,59,52,60,453,61,3,53.0
2026-04-18 12:09:48 PM,KXATPMATCH-26APR19COBSHE-SHE,49,1,48,18,46,35,45,29,42,120,57,2,58,210,59,52,60,453,61,3,53.0
2026-04-18 12:09:48 PM,KXATPMATCH-26APR19COBSHE-SHE,49,1,48,18,46,35,45,29,42,120,57,2,58,60,59,52,60,453,61,3,53.0
2026-04-18 12:09:49 PM,KXATPMATCH-26APR19COBSHE-SHE,49,1,48,18,46,35,45,29,42,120,57,2,58,210,59,52,60,453,61,3,53.0
2026-04-18 12:09:49 PM,KXATPMATCH-26APR19COBSHE-SHE,49,1,48,18,46,35,42,120,41,100,57,2,58,210,59,52,60,453,61,3,53.0
2026-04-18 12:09:49 PM,KXATPMATCH-26APR19COBSHE-SHE,49,1,48,18,46,35,42,120,41,100,57,2,58,210,59,35,60,453,61,3,53.0
2026-04-18 12:09:49 PM,KXATPMATCH-26APR19COBSHE-SHE,49,17,48,18,46,35,42,120,41,100,57,2,58,210,59,35,60,453,61,3,53.0
2026-04-18 12:09:49 PM,KXATPMATCH-26APR19COBSHE-SHE,49,17,48,18,46,35,42,120,41,100,57,2,58,60,59,35,60,453,61,3,53.0
2026-04-18 12:09:49 PM,KXATPMATCH-26APR19COBSHE-SHE,49,17,48,18,47,5,46,35,42,120,57,2,58,60,59,35,60,453,61,3,53.0
2026-04-18 12:09:49 PM,KXATPMATCH-26APR19COBSHE-SHE,49,17,48,18,47,5,46,35,42,120,57,40,58,60,59,35,60,453,61,3,53.0
2026-04-18 12:09:49 PM,KXATPMATCH-26APR19COBSHE-SHE,49,1,48,18,47,5,46,35,42,120,57,40,58,60,59,35,60,453,61,3,53.0
2026-04-18 12:09:49 PM,KXATPMATCH-26APR19COBSHE-SHE,49,1,48,18,47,5,46,35,42,120,57,2,58,60,59,35,60,453,61,3,53.0
2026-04-18 12:09:49 PM,KXATPMATCH-26APR19COBSHE-SHE,49,1,48,18,47,5,46,35,42,120,57,2,58,60,59,206,60,453,61,3,53.0
2026-04-18 12:09:49 PM,KXATPMATCH-26APR19COBSHE-SHE,49,1,48,18,47,5,46,35,42,120,57,2,58,1,59,206,60,453,61,3,53.0
2026-04-18 12:09:49 PM,KXATPMATCH-26APR19COBSHE-SHE,49,1,48,18,47,5,46,35,42,120,57,2,58,1,59,35,60,453,61,3,53.0
2026-04-18 12:09:49 PM,KXATPMATCH-26APR19COBSHE-SHE,49,1,48,18,47,5,46,35,42,120,57,2,58,1,59,177,60,453,61,3,53.0
2026-04-18 12:09:49 PM,KXATPMATCH-26APR19COBSHE-SHE,49,1,48,18,47,5,46,35,42,120,57,2,58,1,59,35,60,453,61,3,53.0
2026-04-18 12:09:49 PM,KXATPMATCH-26APR19COBSHE-SHE,49,1,48,18,47,5,46,35,42,120,57,2,58,60,59,35,60,453,61,3,53.0
2026-04-18 12:09:49 PM,KXATPMATCH-26APR19COBSHE-SHE,49,17,48,18,47,5,46,35,42,120,57,2,58,60,59,35,60,453,61,3,53.0
2026-04-18 12:09:49 PM,KXATPMATCH-26APR19COBSHE-SHE,49,17,48,18,47,14,46,35,42,120,57,2,58,60,59,35,60,453,61,3,53.0
2026-04-18 12:09:49 PM,KXATPMATCH-26APR19COBSHE-SHE,49,17,48,18,47,14,46,35,42,120,57,2,58,98,59,35,60,453,61,3,53.0
2026-04-18 12:09:49 PM,KXATPMATCH-26APR19COBSHE-SHE,49,1,48,18,47,14,46,35,42,120,57,2,58,98,59,35,60,453,61,3,53.0
2026-04-18 12:09:49 PM,KXATPMATCH-26APR19COBSHE-SHE,49,1,48,18,47,14,46,35,42,120,57,2,58,60,59,35,60,453,61,3,53.0
2026-04-18 12:09:49 PM,KXATPMATCH-26APR19COBSHE-SHE,49,1,48,18,47,14,46,35,42,120,57,2,58,1,59,35,60,453,61,3,53.0
2026-04-18 12:09:49 PM,KXATPMATCH-26APR19COBSHE-SHE,49,1,48,18,47,14,42,120,41,100,57,2,58,1,59,35,60,453,61,3,53.0
2026-04-18 12:09:49 PM,KXATPMATCH-26APR19COBSHE-SHE,49,1,48,18,47,14,44,35,42,120,57,2,58,1,59,35,60,453,61,3,53.0
2026-04-18 12:09:49 PM,KXATPMATCH-26APR19COBSHE-SHE,49,1,48,18,47,14,44,35,42,120,57,2,58,1,59,177,60,453,61,3,53.0
2026-04-18 12:09:49 PM,KXATPMATCH-26APR19COBSHE-SHE,49,1,48,18,47,14,44,35,42,120,57,2,58,1,59,35,60,453,61,3,53.0
2026-04-18 12:09:50 PM,KXATPMATCH-26APR19COBSHE-SHE,49,1,48,18,47,14,44,35,42,120,57,2,58,1,59,177,60,453,61,3,53.0
2026-04-18 12:09:50 PM,KXATPMATCH-26APR19COBSHE-SHE,49,1,48,18,47,14,44,35,42,120,57,2,58,1,59,35,60,453,61,3,53.0
2026-04-18 12:09:50 PM,KXATPMATCH-26APR19COBSHE-SHE,49,1,48,18,47,9,44,35,42,120,57,2,58,1,59,35,60,453,61,3,53.0
2026-04-18 12:09:50 PM,KXATPMATCH-26APR19COBSHE-SHE,49,1,48,18,44,35,42,120,41,100,57,2,58,1,59,35,60,453,61,3,53.0
2026-04-18 12:09:50 PM,KXATPMATCH-26APR19COBSHE-SHE,49,17,48,18,44,35,42,120,41,100,57,2,58,1,59,35,60,453,61,3,53.0
2026-04-18 12:09:50 PM,KXATPMATCH-26APR19COBSHE-SHE,49,17,48,18,45,20,44,35,42,120,57,2,58,1,59,35,60,453,61,3,53.0
2026-04-18 12:09:50 PM,KXATPMATCH-26APR19COBSHE-SHE,49,17,48,18,45,20,44,35,42,120,57,2,58,39,59,35,60,453,61,3,53.0
2026-04-18 12:09:50 PM,KXATPMATCH-26APR19COBSHE-SHE,49,1,48,18,45,20,44,35,42,120,57,2,58,39,59,35,60,453,61,3,53.0
2026-04-18 12:09:50 PM,KXATPMATCH-26APR19COBSHE-SHE,49,1,48,18,45,20,44,35,42,120,57,2,58,1,59,35,60,453,61,3,53.0
2026-04-18 12:09:50 PM,KXATPMATCH-26APR19COBSHE-SHE,49,1,48,18,45,20,44,35,42,120,57,2,58,1,59,178,60,453,61,3,53.0
2026-04-18 12:09:50 PM,KXATPMATCH-26APR19COBSHE-SHE,49,1,48,18,45,20,44,35,42,120,57,2,58,1,59,35,60,453,61,3,53.0
2026-04-18 12:09:50 PM,KXATPMATCH-26APR19COBSHE-SHE,49,1,48,18,45,20,44,35,42,120,57,2,58,1,59,177,60,453,61,3,53.0
2026-04-18 12:09:50 PM,KXATPMATCH-26APR19COBSHE-SHE,49,1,48,18,45,20,44,35,42,120,57,2,58,1,59,35,60,453,61,3,53.0
2026-04-18 12:09:50 PM,KXATPMATCH-26APR19COBSHE-SHE,49,1,48,18,45,20,44,35,42,120,57,2,58,60,59,35,60,453,61,3,53.0
2026-04-18 12:09:50 PM,KXATPMATCH-26APR19COBSHE-SHE,49,17,48,18,45,20,44,35,42,120,57,2,58,60,59,35,60,453,61,3,53.0
2026-04-18 12:09:50 PM,KXATPMATCH-26APR19COBSHE-SHE,49,17,48,18,45,29,44,35,42,120,57,2,58,60,59,35,60,453,61,3,53.0
2026-04-18 12:09:50 PM,KXATPMATCH-26APR19COBSHE-SHE,49,17,48,18,45,29,44,35,42,120,57,2,58,98,59,35,60,453,61,3,53.0
2026-04-18 12:09:50 PM,KXATPMATCH-26APR19COBSHE-SHE,49,1,48,18,45,29,44,35,42,120,57,2,58,98,59,35,60,453,61,3,53.0
2026-04-18 12:09:50 PM,KXATPMATCH-26APR19COBSHE-SHE,49,1,48,18,45,29,44,35,42,120,57,2,58,60,59,35,60,453,61,3,53.0
2026-04-18 12:09:50 PM,KXATPMATCH-26APR19COBSHE-SHE,49,1,48,18,45,29,44,35,42,120,57,2,58,1,59,35,60,453,61,3,53.0
2026-04-18 12:09:50 PM,KXATPMATCH-26APR19COBSHE-SHE,49,1,48,18,45,29,44,35,42,120,57,2,58,1,59,206,60,453,61,3,53.0
2026-04-18 12:09:50 PM,KXATPMATCH-26APR19COBSHE-SHE,49,1,48,18,45,29,44,35,42,120,57,2,58,1,59,35,60,453,61,3,53.0
2026-04-18 12:09:51 PM,KXATPMATCH-26APR19COBSHE-SHE,49,1,48,18,45,29,44,35,42,120,57,2,58,1,59,177,60,453,61,3,53.0
2026-04-18 12:09:51 PM,KXATPMATCH-26APR19COBSHE-SHE,49,1,48,18,45,29,44,35,42,120,57,2,58,1,59,35,60,453,61,3,53.0
2026-04-18 12:09:51 PM,KXATPMATCH-26APR19COBSHE-SHE,49,17,48,18,45,29,44,35,42,120,57,2,58,1,59,35,60,453,61,3,53.0
2026-04-18 12:09:51 PM,KXATPMATCH-26APR19COBSHE-SHE,49,17,48,18,45,29,44,35,42,120,57,2,58,39,59,35,60,453,61,3,53.0
2026-04-18 12:09:51 PM,KXATPMATCH-26APR19COBSHE-SHE,49,17,48,18,45,29,44,35,42,120,57,2,58,39,59,177,60,453,61,3,53.0
2026-04-18 12:09:51 PM,KXATPMATCH-26APR19COBSHE-SHE,49,1,48,18,45,29,44,35,42,120,57,2,58,39,59,177,60,453,61,3,53.0
2026-04-18 12:09:51 PM,KXATPMATCH-26APR19COBSHE-SHE,49,1,48,18,45,29,44,35,42,120,57,2,58,1,59,177,60,453,61,3,53.0
2026-04-18 12:09:51 PM,KXATPMATCH-26APR19COBSHE-SHE,49,1,48,18,45,29,44,35,42,120,57,2,58,60,59,177,60,453,61,3,53.0
2026-04-18 12:09:51 PM,KXATPMATCH-26APR19COBSHE-SHE,49,1,48,18,45,29,44,35,42,120,57,2,58,60,59,35,60,453,61,3,53.0
2026-04-18 12:09:51 PM,KXATPMATCH-26APR19COBSHE-SHE,49,1,48,18,45,29,44,35,42,120,57,2,58,1,59,35,60,453,61,3,53.0
2026-04-18 12:09:51 PM,KXATPMATCH-26APR19COBSHE-SHE,49,1,48,18,45,29,44,35,42,120,57,2,58,1,59,206,60,453,61,3,53.0
2026-04-18 12:09:51 PM,KXATPMATCH-26APR19COBSHE-SHE,49,1,48,18,45,29,44,35,42,120,57,2,58,1,59,35,60,453,61,3,53.0
2026-04-18 12:09:51 PM,KXATPMATCH-26APR19COBSHE-SHE,49,1,48,18,45,29,44,35,42,120,57,2,58,60,59,35,60,453,61,3,53.0
2026-04-18 12:09:51 PM,KXATPMATCH-26APR19COBSHE-SHE,49,17,48,18,45,29,44,35,42,120,57,2,58,60,59,35,60,453,61,3,53.0
2026-04-18 12:09:51 PM,KXATPMATCH-26APR19COBSHE-SHE,49,17,48,18,45,29,44,35,42,120,57,2,58,98,59,35,60,453,61,3,53.0
2026-04-18 12:09:51 PM,KXATPMATCH-26APR19COBSHE-SHE,49,1,48,18,45,29,44,35,42,120,57,2,58,98,59,35,60,453,61,3,53.0
2026-04-18 12:09:51 PM,KXATPMATCH-26APR19COBSHE-SHE,49,1,48,18,45,29,44,35,42,120,57,2,58,60,59,35,60,453,61,3,53.0
2026-04-18 12:09:51 PM,KXATPMATCH-26APR19COBSHE-SHE,49,1,48,18,45,29,44,35,42,120,57,2,58,60,59,207,60,453,61,3,53.0
2026-04-18 12:09:51 PM,KXATPMATCH-26APR19COBSHE-SHE,49,1,48,18,45,29,44,35,42,120,57,2,58,1,59,207,60,453,61,3,53.0
2026-04-18 12:09:51 PM,KXATPMATCH-26APR19COBSHE-SHE,49,1,48,18,45,29,44,35,42,120,57,2,58,1,59,35,60,453,61,3,53.0
2026-04-18 12:09:52 PM,KXATPMATCH-26APR19COBSHE-SHE,49,1,48,18,45,29,44,35,42,120,57,2,58,1,59,177,60,453,61,3,53.0
2026-04-18 12:09:52 PM,KXATPMATCH-26APR19COBSHE-SHE,49,1,48,18,45,29,44,35,42,120,57,2,58,1,59,35,60,453,61,3,53.0
2026-04-18 12:09:52 PM,KXATPMATCH-26APR19COBSHE-SHE,49,17,48,18,45,29,44,35,42,120,57,2,58,1,59,35,60,453,61,3,53.0
2026-04-18 12:09:52 PM,KXATPMATCH-26APR19COBSHE-SHE,49,17,48,18,45,29,44,35,42,120,57,2,58,39,59,35,60,453,61,3,53.0
2026-04-18 12:09:52 PM,KXATPMATCH-26APR19COBSHE-SHE,49,1,48,18,45,29,44,35,42,120,57,2,58,39,59,35,60,453,61,3,53.0
2026-04-18 12:09:52 PM,KXATPMATCH-26APR19COBSHE-SHE,49,1,48,18,45,29,44,35,42,120,57,2,58,1,59,35,60,453,61,3,53.0
2026-04-18 12:09:52 PM,KXATPMATCH-26APR19COBSHE-SHE,49,1,48,18,45,29,44,35,42,120,57,2,58,1,59,178,60,453,61,3,53.0
2026-04-18 12:09:52 PM,KXATPMATCH-26APR19COBSHE-SHE,49,1,48,18,45,29,44,35,42,120,57,2,58,1,59,35,60,453,61,3,53.0
2026-04-18 12:09:52 PM,KXATPMATCH-26APR19COBSHE-SHE,49,1,48,18,45,29,44,35,42,120,57,2,58,1,59,177,60,453,61,3,53.0
2026-04-18 12:09:52 PM,KXATPMATCH-26APR19COBSHE-SHE,49,1,48,18,45,29,44,35,42,120,57,2,58,1,59,35,60,453,61,3,53.0
2026-04-18 12:09:52 PM,KXATPMATCH-26APR19COBSHE-SHE,49,1,48,18,45,29,44,35,42,120,57,2,58,60,59,35,60,453,61,3,53.0
2026-04-18 12:09:52 PM,KXATPMATCH-26APR19COBSHE-SHE,49,17,48,18,45,29,44,35,42,120,57,2,58,60,59,35,60,453,61,3,53.0
2026-04-18 12:09:52 PM,KXATPMATCH-26APR19COBSHE-SHE,49,17,48,18,45,29,44,35,42,120,57,2,58,98,59,35,60,453,61,3,53.0
2026-04-18 12:09:52 PM,KXATPMATCH-26APR19COBSHE-SHE,49,17,48,18,45,29,44,35,42,120,57,2,58,98,59,193,60,453,61,3,53.0
