ts_et,ticker,bid_1,bid_1_sz,bid_2,bid_2_sz,bid_3,bid_3_sz,bid_4,bid_4_sz,bid_5,bid_5_sz,ask_1,ask_1_sz,ask_2,ask_2_sz,ask_3,ask_3_sz,ask_4,ask_4_sz,ask_5,ask_5_sz,mid
2026-04-17 09:43:06 PM,KXATPCHALLENGERMATCH-26APR18FOMSUN-FOM,34,890,33,2867,32,1768,31,947,30,1312,35,490,36,1250,37,2411,38,2879,39,1990,34.5
2026-04-17 09:45:45 PM,KXATPCHALLENGERMATCH-26APR18FOMSUN-FOM,34,890,33,2867,32,1768,31,947,30,1312,35,491,36,1250,37,2411,38,2879,39,1990,34.5
2026-04-17 09:50:42 PM,KXATPCHALLENGERMATCH-26APR18FOMSUN-FOM,34,890,33,2350,32,1768,31,947,30,1312,35,491,36,1250,37,2411,38,2879,39,1990,34.5
2026-04-17 09:50:43 PM,KXATPCHALLENGERMATCH-26APR18FOMSUN-FOM,34,890,33,2867,32,1768,31,947,30,1312,35,491,36,1250,37,2411,38,2879,39,1990,34.5
2026-04-17 09:50:52 PM,KXATPCHALLENGERMATCH-26APR18FOMSUN-FOM,34,1407,33,2867,32,1768,31,947,30,1312,35,491,36,1250,37,2411,38,2879,39,1990,34.5
2026-04-17 09:50:52 PM,KXATPCHALLENGERMATCH-26APR18FOMSUN-FOM,34,1407,33,2350,32,1768,31,947,30,1312,35,491,36,1250,37,2411,38,2879,39,1990,34.5
2026-04-17 09:54:02 PM,KXATPCHALLENGERMATCH-26APR18FOMSUN-FOM,34,1407,33,2867,32,1768,31,947,30,1312,35,491,36,1250,37,2411,38,2879,39,1990,34.5
2026-04-17 09:54:02 PM,KXATPCHALLENGERMATCH-26APR18FOMSUN-FOM,34,890,33,2867,32,1768,31,947,30,1312,35,491,36,1250,37,2411,38,2879,39,1990,34.5
2026-04-17 09:54:03 PM,KXATPCHALLENGERMATCH-26APR18FOMSUN-FOM,34,890,33,2867,32,1768,31,947,30,1312,35,491,36,1767,37,2411,38,2879,39,1990,34.5
2026-04-17 09:54:03 PM,KXATPCHALLENGERMATCH-26APR18FOMSUN-FOM,34,890,33,2867,32,1768,31,947,30,1312,35,491,36,1767,37,1894,38,2879,39,1990,34.5
2026-04-17 09:54:16 PM,KXATPCHALLENGERMATCH-26APR18FOMSUN-FOM,34,890,33,2867,32,1768,31,947,30,1312,35,491,36,1767,37,2411,38,2879,39,1990,34.5
2026-04-17 09:54:16 PM,KXATPCHALLENGERMATCH-26APR18FOMSUN-FOM,34,890,33,2867,32,1768,31,947,30,1312,35,491,36,1250,37,2411,38,2879,39,1990,34.5
2026-04-17 09:54:30 PM,KXATPCHALLENGERMATCH-26APR18FOMSUN-FOM,34,1407,33,2867,32,1768,31,947,30,1312,35,491,36,1250,37,2411,38,2879,39,1990,34.5
2026-04-17 09:54:30 PM,KXATPCHALLENGERMATCH-26APR18FOMSUN-FOM,34,890,33,2867,32,1768,31,947,30,1312,35,491,36,1250,37,2411,38,2879,39,1990,34.5
2026-04-17 09:54:38 PM,KXATPCHALLENGERMATCH-26APR18FOMSUN-FOM,34,1407,33,2867,32,1768,31,947,30,1312,35,491,36,1250,37,2411,38,2879,39,1990,34.5
2026-04-17 09:54:39 PM,KXATPCHALLENGERMATCH-26APR18FOMSUN-FOM,34,1407,33,2350,32,1768,31,947,30,1312,35,491,36,1250,37,2411,38,2879,39,1990,34.5
2026-04-17 09:54:40 PM,KXATPCHALLENGERMATCH-26APR18FOMSUN-FOM,34,890,33,2350,32,1768,31,947,30,1312,35,491,36,1250,37,2411,38,2879,39,1990,34.5
2026-04-17 09:54:46 PM,KXATPCHALLENGERMATCH-26APR18FOMSUN-FOM,34,890,33,2867,32,1768,31,947,30,1312,35,491,36,1250,37,2411,38,2879,39,1990,34.5
2026-04-17 09:54:47 PM,KXATPCHALLENGERMATCH-26APR18FOMSUN-FOM,34,890,33,2350,32,1768,31,947,30,1312,35,491,36,1250,37,2411,38,2879,39,1990,34.5
2026-04-17 09:54:59 PM,KXATPCHALLENGERMATCH-26APR18FOMSUN-FOM,34,890,33,2867,32,1768,31,947,30,1312,35,491,36,1250,37,2411,38,2879,39,1990,34.5
2026-04-17 10:01:44 PM,KXATPCHALLENGERMATCH-26APR18FOMSUN-FOM,34,1415,33,2867,32,1768,31,947,30,1312,35,491,36,1250,37,2411,38,2879,39,1990,34.5
2026-04-17 10:01:44 PM,KXATPCHALLENGERMATCH-26APR18FOMSUN-FOM,34,1415,33,2350,32,1768,31,947,30,1312,35,491,36,1250,37,2411,38,2879,39,1990,34.5
2026-04-17 10:01:44 PM,KXATPCHALLENGERMATCH-26APR18FOMSUN-FOM,34,890,33,2350,32,1768,31,947,30,1312,35,491,36,1250,37,2411,38,2879,39,1990,34.5
2026-04-17 10:01:52 PM,KXATPCHALLENGERMATCH-26APR18FOMSUN-FOM,34,890,33,2875,32,1768,31,947,30,1312,35,491,36,1250,37,2411,38,2879,39,1990,34.5
2026-04-17 10:01:53 PM,KXATPCHALLENGERMATCH-26APR18FOMSUN-FOM,34,890,33,2350,32,1768,31,947,30,1312,35,491,36,1250,37,2411,38,2879,39,1990,34.5
2026-04-17 10:02:23 PM,KXATPCHALLENGERMATCH-26APR18FOMSUN-FOM,34,890,33,2875,32,1768,31,947,30,1312,35,491,36,1250,37,2411,38,2879,39,1990,34.5
2026-04-17 10:06:17 PM,KXATPCHALLENGERMATCH-26APR18FOMSUN-FOM,34,879,33,2875,32,1768,31,947,30,1312,35,491,36,1250,37,2411,38,2879,39,1990,34.5
2026-04-17 10:06:17 PM,KXATPCHALLENGERMATCH-26APR18FOMSUN-FOM,34,864,33,2875,32,1768,31,947,30,1312,35,491,36,1250,37,2411,38,2879,39,1990,34.5
2026-04-17 10:06:17 PM,KXATPCHALLENGERMATCH-26APR18FOMSUN-FOM,34,864,33,2860,32,1768,31,947,30,1312,35,491,36,1250,37,2411,38,2879,39,1990,34.5
2026-04-17 10:06:17 PM,KXATPCHALLENGERMATCH-26APR18FOMSUN-FOM,34,864,33,2860,32,1768,31,947,30,1312,35,491,36,1250,37,2411,38,2879,39,1979,34.5
2026-04-17 10:06:17 PM,KXATPCHALLENGERMATCH-26APR18FOMSUN-FOM,34,864,33,2860,32,1768,31,947,30,1312,35,491,36,1250,37,2411,38,2875,39,1979,34.5
2026-04-17 10:06:17 PM,KXATPCHALLENGERMATCH-26APR18FOMSUN-FOM,34,864,33,2860,32,1768,31,947,30,1312,35,491,36,1250,37,2411,38,2864,39,1979,34.5
2026-04-17 10:07:01 PM,KXATPCHALLENGERMATCH-26APR18FOMSUN-FOM,34,864,33,2860,32,1784,31,947,30,1312,35,491,36,1250,37,2411,38,2864,39,1979,34.5
2026-04-17 10:07:01 PM,KXATPCHALLENGERMATCH-26APR18FOMSUN-FOM,34,864,33,2860,32,1784,31,957,30,1312,35,491,36,1250,37,2411,38,2864,39,1979,34.5
2026-04-17 10:07:01 PM,KXATPCHALLENGERMATCH-26APR18FOMSUN-FOM,34,864,33,2860,32,1784,31,957,30,1312,35,491,36,1266,37,2411,38,2864,39,1979,34.5
2026-04-17 10:07:01 PM,KXATPCHALLENGERMATCH-26APR18FOMSUN-FOM,34,864,33,2860,32,1784,31,957,30,1312,35,491,36,1266,37,2421,38,2864,39,1979,34.5
2026-04-17 10:09:21 PM,KXATPCHALLENGERMATCH-26APR18FOMSUN-FOM,34,864,33,2860,32,1784,31,957,30,1312,35,483,36,1266,37,2421,38,2864,39,1979,34.5
2026-04-17 10:09:21 PM,KXATPCHALLENGERMATCH-26APR18FOMSUN-FOM,34,864,33,2860,32,1784,31,957,30,1312,35,483,36,1258,37,2421,38,2864,39,1979,34.5
2026-04-17 10:09:28 PM,KXATPCHALLENGERMATCH-26APR18FOMSUN-FOM,34,864,33,2860,32,1784,31,957,30,1312,35,478,36,1258,37,2421,38,2864,39,1979,34.5
2026-04-17 10:09:29 PM,KXATPCHALLENGERMATCH-26APR18FOMSUN-FOM,34,864,33,2860,32,1784,31,957,30,1312,35,478,36,1195,37,2421,38,2864,39,1979,34.5
2026-04-17 10:09:29 PM,KXATPCHALLENGERMATCH-26APR18FOMSUN-FOM,34,864,33,2860,32,1784,31,957,30,1312,35,478,36,1253,37,2421,38,2864,39,1979,34.5
2026-04-17 10:09:35 PM,KXATPCHALLENGERMATCH-26APR18FOMSUN-FOM,34,864,33,2860,32,1784,31,957,30,1312,35,478,36,1253,37,2421,38,2889,39,1979,34.5
2026-04-17 10:14:11 PM,KXATPCHALLENGERMATCH-26APR18FOMSUN-FOM,34,864,33,2860,32,1784,31,957,30,1312,35,478,36,1753,37,2421,38,2889,39,1979,34.5
2026-04-17 10:14:17 PM,KXATPCHALLENGERMATCH-26APR18FOMSUN-FOM,34,864,33,2860,32,1784,31,957,30,1312,35,478,36,1753,37,2921,38,2889,39,1979,34.5
2026-04-17 10:18:25 PM,KXATPCHALLENGERMATCH-26APR18FOMSUN-FOM,34,1389,33,2860,32,1784,31,957,30,1312,35,478,36,1753,37,2921,38,2889,39,1979,34.5
2026-04-17 10:18:26 PM,KXATPCHALLENGERMATCH-26APR18FOMSUN-FOM,34,864,33,2860,32,1784,31,957,30,1312,35,478,36,1753,37,2921,38,2889,39,1979,34.5
2026-04-17 10:18:47 PM,KXATPCHALLENGERMATCH-26APR18FOMSUN-FOM,34,864,33,2860,32,1784,31,957,30,1312,35,478,36,1737,37,2921,38,2889,39,1979,34.5
2026-04-17 10:18:47 PM,KXATPCHALLENGERMATCH-26APR18FOMSUN-FOM,34,864,33,2860,32,1768,31,957,30,1312,35,478,36,1737,37,2921,38,2889,39,1979,34.5
2026-04-17 10:18:47 PM,KXATPCHALLENGERMATCH-26APR18FOMSUN-FOM,34,864,33,2860,32,1768,31,947,30,1312,35,478,36,1737,37,2921,38,2889,39,1979,34.5
2026-04-17 10:18:47 PM,KXATPCHALLENGERMATCH-26APR18FOMSUN-FOM,34,864,33,2860,32,1768,31,947,30,1312,35,478,36,1737,37,2911,38,2889,39,1979,34.5
2026-04-17 10:18:47 PM,KXATPCHALLENGERMATCH-26APR18FOMSUN-FOM,34,890,33,2860,32,1768,31,947,30,1312,35,478,36,1737,37,2911,38,2889,39,1979,34.5
2026-04-17 10:18:47 PM,KXATPCHALLENGERMATCH-26APR18FOMSUN-FOM,34,890,33,2870,32,1768,31,947,30,1312,35,478,36,1737,37,2911,38,2889,39,1979,34.5
2026-04-17 10:18:47 PM,KXATPCHALLENGERMATCH-26APR18FOMSUN-FOM,34,890,33,2870,32,1768,31,947,30,1312,35,478,36,1737,37,2911,38,2904,39,1979,34.5
2026-04-17 10:18:47 PM,KXATPCHALLENGERMATCH-26APR18FOMSUN-FOM,34,890,33,2870,32,1768,31,947,30,1312,35,478,36,1737,37,2911,38,2904,39,1990,34.5
2026-04-17 10:19:09 PM,KXATPCHALLENGERMATCH-26APR18FOMSUN-FOM,34,890,33,2345,32,1768,31,947,30,1312,35,478,36,1737,37,2911,38,2904,39,1990,34.5
2026-04-17 10:19:09 PM,KXATPCHALLENGERMATCH-26APR18FOMSUN-FOM,34,890,33,2870,32,1768,31,947,30,1312,35,478,36,1737,37,2911,38,2904,39,1990,34.5
2026-04-17 10:19:25 PM,KXATPCHALLENGERMATCH-26APR18FOMSUN-FOM,34,1415,33,2870,32,1768,31,947,30,1312,35,478,36,1737,37,2911,38,2904,39,1990,34.5
2026-04-17 10:19:25 PM,KXATPCHALLENGERMATCH-26APR18FOMSUN-FOM,34,890,33,2870,32,1768,31,947,30,1312,35,478,36,1737,37,2911,38,2904,39,1990,34.5
2026-04-17 10:19:31 PM,KXATPCHALLENGERMATCH-26APR18FOMSUN-FOM,34,890,33,2870,32,1768,31,947,30,1312,35,465,36,1737,37,2911,38,2904,39,1990,34.5
2026-04-17 10:19:31 PM,KXATPCHALLENGERMATCH-26APR18FOMSUN-FOM,34,890,33,2870,32,1768,31,947,30,1312,35,465,36,1724,37,2911,38,2904,39,1990,34.5
2026-04-17 10:19:34 PM,KXATPCHALLENGERMATCH-26APR18FOMSUN-FOM,34,890,33,2345,32,1768,31,947,30,1312,35,465,36,1724,37,2911,38,2904,39,1990,34.5
2026-04-17 10:19:34 PM,KXATPCHALLENGERMATCH-26APR18FOMSUN-FOM,34,890,33,2870,32,1768,31,947,30,1312,35,465,36,1724,37,2911,38,2904,39,1990,34.5
2026-04-17 10:19:35 PM,KXATPCHALLENGERMATCH-26APR18FOMSUN-FOM,34,890,33,2870,32,1768,31,947,30,1312,35,465,36,1724,37,2911,38,2879,39,1990,34.5
2026-04-17 10:19:39 PM,KXATPCHALLENGERMATCH-26APR18FOMSUN-FOM,34,890,33,2870,32,1768,31,947,30,1312,35,465,36,1724,37,2911,38,2904,39,1990,34.5
2026-04-17 10:19:54 PM,KXATPCHALLENGERMATCH-26APR18FOMSUN-FOM,34,890,33,2870,32,1768,31,947,30,1312,35,465,36,1724,37,2911,38,2912,39,1990,34.5
2026-04-17 10:22:58 PM,KXATPCHALLENGERMATCH-26APR18FOMSUN-FOM,34,864,33,2870,32,1768,31,947,30,1312,35,465,36,1724,37,2911,38,2912,39,1990,34.5
2026-04-17 10:22:58 PM,KXATPCHALLENGERMATCH-26APR18FOMSUN-FOM,34,879,33,2870,32,1768,31,947,30,1312,35,465,36,1724,37,2911,38,2912,39,1990,34.5
2026-04-17 10:25:54 PM,KXATPCHALLENGERMATCH-26APR18FOMSUN-FOM,34,879,33,2870,32,1768,31,947,30,1312,35,321,36,1724,37,2911,38,2912,39,1990,34.5
2026-04-17 10:25:56 PM,KXATPCHALLENGERMATCH-26APR18FOMSUN-FOM,34,879,33,2870,32,1768,31,947,30,1312,35,321,36,1680,37,2911,38,2912,39,1990,34.5
2026-04-17 10:25:57 PM,KXATPCHALLENGERMATCH-26APR18FOMSUN-FOM,34,879,33,2870,32,1768,31,947,30,1312,35,321,36,1523,37,2911,38,2912,39,1990,34.5
2026-04-17 10:25:57 PM,KXATPCHALLENGERMATCH-26APR18FOMSUN-FOM,34,879,33,2870,32,1768,31,947,30,1312,35,321,36,1581,37,2911,38,2912,39,1990,34.5
2026-04-17 10:29:05 PM,KXATPCHALLENGERMATCH-26APR18FOMSUN-FOM,34,914,33,2870,32,1768,31,947,30,1312,35,321,36,1581,37,2911,38,2912,39,1990,34.5
2026-04-17 10:29:39 PM,KXATPCHALLENGERMATCH-26APR18FOMSUN-FOM,34,914,33,2870,32,1768,31,947,30,1312,35,321,36,1581,37,2911,38,2887,39,1990,34.5
2026-04-17 10:29:39 PM,KXATPCHALLENGERMATCH-26APR18FOMSUN-FOM,34,914,33,2870,32,1768,31,947,30,1312,35,321,36,1581,37,2911,38,2912,39,1990,34.5
2026-04-17 10:31:24 PM,KXATPCHALLENGERMATCH-26APR18FOMSUN-FOM,34,879,33,2870,32,1768,31,947,30,1312,35,321,36,1581,37,2911,38,2912,39,1990,34.5
2026-04-17 10:39:38 PM,KXATPCHALLENGERMATCH-26APR18FOMSUN-FOM,34,879,33,2870,32,1768,31,947,30,1312,35,321,36,1581,37,2911,38,2887,39,1990,34.5
2026-04-17 10:40:01 PM,KXATPCHALLENGERMATCH-26APR18FOMSUN-FOM,34,879,33,2870,32,1768,31,947,30,1312,35,321,36,1581,37,2911,38,2912,39,1990,34.5
2026-04-17 10:47:51 PM,KXATPCHALLENGERMATCH-26APR18FOMSUN-FOM,34,879,33,2870,32,1768,31,947,30,1312,35,311,36,1581,37,2911,38,2912,39,1990,34.5
2026-04-17 10:47:51 PM,KXATPCHALLENGERMATCH-26APR18FOMSUN-FOM,34,879,33,2870,32,1768,31,947,30,1312,35,311,36,1571,37,2911,38,2912,39,1990,34.5
2026-04-17 10:48:21 PM,KXATPCHALLENGERMATCH-26APR18FOMSUN-FOM,34,1404,33,2870,32,1768,31,947,30,1312,35,311,36,1571,37,2911,38,2912,39,1990,34.5
2026-04-17 10:48:21 PM,KXATPCHALLENGERMATCH-26APR18FOMSUN-FOM,34,879,33,2870,32,1768,31,947,30,1312,35,311,36,1571,37,2911,38,2912,39,1990,34.5
2026-04-17 10:48:49 PM,KXATPCHALLENGERMATCH-26APR18FOMSUN-FOM,34,879,33,2345,32,1768,31,947,30,1312,35,311,36,1571,37,2911,38,2912,39,1990,34.5
2026-04-17 10:48:50 PM,KXATPCHALLENGERMATCH-26APR18FOMSUN-FOM,34,879,33,2870,32,1768,31,947,30,1312,35,311,36,1571,37,2911,38,2912,39,1990,34.5
2026-04-17 10:48:58 PM,KXATPCHALLENGERMATCH-26APR18FOMSUN-FOM,34,1404,33,2870,32,1768,31,947,30,1312,35,311,36,1571,37,2911,38,2912,39,1990,34.5
2026-04-17 10:48:58 PM,KXATPCHALLENGERMATCH-26APR18FOMSUN-FOM,34,879,33,2870,32,1768,31,947,30,1312,35,311,36,1571,37,2911,38,2912,39,1990,34.5
2026-04-17 10:49:15 PM,KXATPCHALLENGERMATCH-26APR18FOMSUN-FOM,34,879,33,2345,32,1768,31,947,30,1312,35,311,36,1571,37,2911,38,2912,39,1990,34.5
2026-04-17 10:49:16 PM,KXATPCHALLENGERMATCH-26APR18FOMSUN-FOM,34,879,33,2870,32,1768,31,947,30,1312,35,311,36,1571,37,2911,38,2912,39,1990,34.5
2026-04-17 10:49:18 PM,KXATPCHALLENGERMATCH-26APR18FOMSUN-FOM,34,879,33,2870,32,1768,31,947,30,1312,35,306,36,1571,37,2911,38,2912,39,1990,34.5
2026-04-17 10:49:18 PM,KXATPCHALLENGERMATCH-26APR18FOMSUN-FOM,34,879,33,2345,32,1768,31,947,30,1312,35,306,36,1571,37,2911,38,2912,39,1990,34.5
2026-04-17 10:49:18 PM,KXATPCHALLENGERMATCH-26APR18FOMSUN-FOM,34,879,33,2345,32,1768,31,947,30,1312,35,306,36,1566,37,2911,38,2912,39,1990,34.5
2026-04-17 10:49:37 PM,KXATPCHALLENGERMATCH-26APR18FOMSUN-FOM,34,1404,33,2345,32,1768,31,947,30,1312,35,306,36,1566,37,2911,38,2912,39,1990,34.5
2026-04-17 10:49:37 PM,KXATPCHALLENGERMATCH-26APR18FOMSUN-FOM,34,879,33,2345,32,1768,31,947,30,1312,35,306,36,1566,37,2911,38,2912,39,1990,34.5
2026-04-17 10:49:46 PM,KXATPCHALLENGERMATCH-26APR18FOMSUN-FOM,34,879,33,2870,32,1768,31,947,30,1312,35,306,36,1566,37,2911,38,2912,39,1990,34.5
2026-04-17 10:50:00 PM,KXATPCHALLENGERMATCH-26APR18FOMSUN-FOM,34,879,33,2870,32,1768,31,947,30,1312,35,306,36,1566,37,2911,38,2887,39,1990,34.5
2026-04-17 10:50:00 PM,KXATPCHALLENGERMATCH-26APR18FOMSUN-FOM,34,879,33,2870,32,1768,31,947,30,1312,35,306,36,1566,37,2911,38,2912,39,1990,34.5
2026-04-17 10:50:32 PM,KXATPCHALLENGERMATCH-26APR18FOMSUN-FOM,34,1404,33,2870,32,1768,31,947,30,1312,35,306,36,1566,37,2911,38,2912,39,1990,34.5
2026-04-17 10:50:32 PM,KXATPCHALLENGERMATCH-26APR18FOMSUN-FOM,34,1404,33,2870,32,1768,31,947,30,1312,35,306,36,1566,37,2911,38,3437,39,1990,34.5
2026-04-17 10:50:32 PM,KXATPCHALLENGERMATCH-26APR18FOMSUN-FOM,34,1404,33,2870,32,1768,31,947,30,1312,35,306,36,1566,37,2394,38,3437,39,1990,34.5
2026-04-17 10:50:32 PM,KXATPCHALLENGERMATCH-26APR18FOMSUN-FOM,34,1404,33,2356,32,1768,31,947,30,1312,35,306,36,1566,37,2394,38,3437,39,1990,34.5
2026-04-17 10:50:44 PM,KXATPCHALLENGERMATCH-26APR18FOMSUN-FOM,34,1404,33,2881,32,1768,31,947,30,1312,35,306,36,1566,37,2394,38,3437,39,1990,34.5
2026-04-17 10:50:44 PM,KXATPCHALLENGERMATCH-26APR18FOMSUN-FOM,34,1404,33,2881,32,1768,31,947,30,1312,35,306,36,1566,37,2931,38,3437,39,1990,34.5
2026-04-17 10:50:44 PM,KXATPCHALLENGERMATCH-26APR18FOMSUN-FOM,34,879,33,2881,32,1768,31,947,30,1312,35,306,36,1566,37,2931,38,3437,39,1990,34.5
2026-04-17 10:50:44 PM,KXATPCHALLENGERMATCH-26APR18FOMSUN-FOM,34,879,33,2881,32,1768,31,947,30,1312,35,306,36,1566,37,2931,38,2912,39,1990,34.5
2026-04-17 10:51:58 PM,KXATPCHALLENGERMATCH-26APR18FOMSUN-FOM,34,1415,33,2881,32,1768,31,947,30,1312,35,306,36,1566,37,2931,38,2912,39,1990,34.5
2026-04-17 10:51:58 PM,KXATPCHALLENGERMATCH-26APR18FOMSUN-FOM,34,879,33,2881,32,1768,31,947,30,1312,35,306,36,1566,37,2931,38,2912,39,1990,34.5
2026-04-17 10:52:09 PM,KXATPCHALLENGERMATCH-26APR18FOMSUN-FOM,34,879,33,2356,32,1768,31,947,30,1312,35,306,36,1566,37,2931,38,2912,39,1990,34.5
2026-04-17 10:52:09 PM,KXATPCHALLENGERMATCH-26APR18FOMSUN-FOM,34,879,33,2345,32,1768,31,947,30,1312,35,306,36,1566,37,2931,38,2912,39,1990,34.5
2026-04-17 10:52:09 PM,KXATPCHALLENGERMATCH-26APR18FOMSUN-FOM,34,879,33,2882,32,1768,31,947,30,1312,35,306,36,1566,37,2931,38,2912,39,1990,34.5
2026-04-17 10:54:33 PM,KXATPCHALLENGERMATCH-26APR18FOMSUN-FOM,34,879,33,2882,32,1768,31,947,30,1312,35,306,36,2161,37,2931,38,2912,39,1990,34.5
2026-04-17 10:54:36 PM,KXATPCHALLENGERMATCH-26APR18FOMSUN-FOM,34,879,33,2882,32,1768,31,947,30,1312,35,281,36,2161,37,2931,38,2912,39,1990,34.5
2026-04-17 10:54:37 PM,KXATPCHALLENGERMATCH-26APR18FOMSUN-FOM,34,879,33,2882,32,1768,31,947,30,1312,35,281,36,2136,37,2931,38,2912,39,1990,34.5
2026-04-17 10:59:31 PM,KXATPCHALLENGERMATCH-26APR18FOMSUN-FOM,34,879,33,2882,32,1768,31,947,30,1312,35,268,36,2136,37,2931,38,2912,39,1990,34.5
2026-04-17 10:59:31 PM,KXATPCHALLENGERMATCH-26APR18FOMSUN-FOM,34,879,33,2882,32,1768,31,947,30,1312,35,268,36,2123,37,2931,38,2912,39,1990,34.5
2026-04-17 11:00:00 PM,KXATPCHALLENGERMATCH-26APR18FOMSUN-FOM,34,879,33,2882,32,1768,31,947,30,1312,35,268,36,2123,37,2931,38,2887,39,1990,34.5
2026-04-17 11:02:14 PM,KXATPCHALLENGERMATCH-26APR18FOMSUN-FOM,34,879,33,2882,32,1768,31,947,30,1312,35,268,36,2123,37,2931,38,2912,39,1990,34.5
2026-04-17 11:07:23 PM,KXATPCHALLENGERMATCH-26APR18FOMSUN-FOM,34,879,33,2082,32,1768,31,947,30,1312,35,268,36,2123,37,2931,38,2912,39,1990,34.5
2026-04-17 11:07:23 PM,KXATPCHALLENGERMATCH-26APR18FOMSUN-FOM,34,879,33,2082,32,1768,31,947,30,512,35,268,36,2123,37,2931,38,2912,39,1990,34.5
2026-04-17 11:07:23 PM,KXATPCHALLENGERMATCH-26APR18FOMSUN-FOM,34,879,33,2082,32,1768,31,147,30,512,35,268,36,2123,37,2931,38,2912,39,1990,34.5
2026-04-17 11:07:23 PM,KXATPCHALLENGERMATCH-26APR18FOMSUN-FOM,34,879,33,2082,32,1768,31,147,30,512,35,268,36,1323,37,2931,38,2912,39,1990,34.5
2026-04-17 11:07:23 PM,KXATPCHALLENGERMATCH-26APR18FOMSUN-FOM,34,879,33,2082,32,1768,31,147,30,512,35,268,36,1323,37,2931,38,2912,39,1190,34.5
2026-04-17 11:07:23 PM,KXATPCHALLENGERMATCH-26APR18FOMSUN-FOM,34,879,33,2082,32,1768,31,147,30,512,35,268,36,1323,37,2931,38,2112,39,1190,34.5
2026-04-17 11:07:24 PM,KXATPCHALLENGERMATCH-26APR18FOMSUN-FOM,34,879,33,2082,32,1768,31,147,30,1312,35,268,36,1323,37,2931,38,2112,39,1190,34.5
2026-04-17 11:07:24 PM,KXATPCHALLENGERMATCH-26APR18FOMSUN-FOM,34,879,33,2082,32,2568,31,147,30,1312,35,268,36,1323,37,2931,38,2112,39,1190,34.5
2026-04-17 11:07:24 PM,KXATPCHALLENGERMATCH-26APR18FOMSUN-FOM,34,879,33,2082,32,2568,31,147,30,1312,35,1068,36,1323,37,2931,38,2112,39,1190,34.5
2026-04-17 11:07:24 PM,KXATPCHALLENGERMATCH-26APR18FOMSUN-FOM,34,879,33,2082,32,2568,31,147,30,1312,35,1068,36,1323,37,2931,38,2912,39,1190,34.5
2026-04-17 11:07:24 PM,KXATPCHALLENGERMATCH-26APR18FOMSUN-FOM,34,879,33,2082,32,2568,31,147,30,1312,35,1068,36,1323,37,3731,38,2912,39,1190,34.5
2026-04-17 11:08:08 PM,KXATPCHALLENGERMATCH-26APR18FOMSUN-FOM,34,879,33,1545,32,2568,31,147,30,1312,35,1068,36,1323,37,3731,38,2912,39,1190,34.5
2026-04-17 11:08:08 PM,KXATPCHALLENGERMATCH-26APR18FOMSUN-FOM,34,879,33,2082,32,2568,31,147,30,1312,35,1068,36,1323,37,3731,38,2912,39,1190,34.5
2026-04-17 11:09:15 PM,KXATPCHALLENGERMATCH-26APR18FOMSUN-FOM,34,890,33,2082,32,2568,31,147,30,1312,35,1068,36,1323,37,3731,38,2912,39,1190,34.5
2026-04-17 11:12:14 PM,KXATPCHALLENGERMATCH-26APR18FOMSUN-FOM,34,890,33,2082,32,2568,31,147,30,1312,35,1068,36,1323,37,3731,38,2887,39,1190,34.5
2026-04-17 11:16:42 PM,KXATPCHALLENGERMATCH-26APR18FOMSUN-FOM,34,890,33,2082,32,2568,31,147,30,1312,35,1014,36,1323,37,3731,38,2887,39,1190,34.5
2026-04-17 11:16:43 PM,KXATPCHALLENGERMATCH-26APR18FOMSUN-FOM,34,890,33,2082,32,2568,31,147,30,1312,35,1014,36,1320,37,3731,38,2887,39,1190,34.5
2026-04-17 11:16:43 PM,KXATPCHALLENGERMATCH-26APR18FOMSUN-FOM,34,890,33,2082,32,2568,31,147,30,1312,35,1014,36,1211,37,3731,38,2887,39,1190,34.5
2026-04-17 11:16:43 PM,KXATPCHALLENGERMATCH-26APR18FOMSUN-FOM,34,890,33,2082,32,2568,31,147,30,1312,35,1014,36,1269,37,3731,38,2887,39,1190,34.5
2026-04-17 11:20:05 PM,KXATPCHALLENGERMATCH-26APR18FOMSUN-FOM,34,890,33,2082,32,2568,31,147,30,1312,35,1001,36,1269,37,3731,38,2887,39,1190,34.5
2026-04-17 11:20:05 PM,KXATPCHALLENGERMATCH-26APR18FOMSUN-FOM,34,890,33,2082,32,2568,31,147,30,1312,35,1001,36,1256,37,3731,38,2887,39,1190,34.5
2026-04-17 11:23:05 PM,KXATPCHALLENGERMATCH-26APR18FOMSUN-FOM,34,890,33,2082,32,2568,31,147,30,1312,35,929,36,1256,37,3731,38,2887,39,1190,34.5
2026-04-17 11:23:05 PM,KXATPCHALLENGERMATCH-26APR18FOMSUN-FOM,34,890,33,2082,32,2568,31,147,30,1312,35,845,36,1256,37,3731,38,2887,39,1190,34.5
2026-04-17 11:23:05 PM,KXATPCHALLENGERMATCH-26APR18FOMSUN-FOM,34,890,33,2082,32,2568,31,147,30,1312,35,845,36,1212,37,3731,38,2887,39,1190,34.5
2026-04-17 11:23:05 PM,KXATPCHALLENGERMATCH-26APR18FOMSUN-FOM,34,890,33,2082,32,2568,31,147,30,1312,35,845,36,1100,37,3731,38,2887,39,1190,34.5
2026-04-17 11:25:53 PM,KXATPCHALLENGERMATCH-26APR18FOMSUN-FOM,34,890,33,2082,32,3112,31,147,30,1312,35,845,36,1100,37,3731,38,2887,39,1190,34.5
2026-04-17 11:25:53 PM,KXATPCHALLENGERMATCH-26APR18FOMSUN-FOM,34,890,33,2082,32,3112,31,147,30,1312,35,845,36,1644,37,3731,38,2887,39,1190,34.5
2026-04-17 11:25:53 PM,KXATPCHALLENGERMATCH-26APR18FOMSUN-FOM,34,890,33,1545,32,3112,31,147,30,1312,35,845,36,1644,37,3731,38,2887,39,1190,34.5
2026-04-17 11:25:53 PM,KXATPCHALLENGERMATCH-26APR18FOMSUN-FOM,34,890,33,1545,32,3112,31,147,30,1312,35,845,36,1644,37,3194,38,2887,39,1190,34.5
2026-04-17 11:25:59 PM,KXATPCHALLENGERMATCH-26APR18FOMSUN-FOM,34,890,33,1545,32,3112,31,147,30,1312,35,845,36,1100,37,3194,38,2887,39,1190,34.5
2026-04-17 11:26:02 PM,KXATPCHALLENGERMATCH-26APR18FOMSUN-FOM,34,890,33,2089,32,3112,31,147,30,1312,35,845,36,1100,37,3194,38,2887,39,1190,34.5
2026-04-17 11:26:02 PM,KXATPCHALLENGERMATCH-26APR18FOMSUN-FOM,34,890,33,2089,32,3112,31,147,30,1312,35,845,36,1100,37,3738,38,2887,39,1190,34.5
2026-04-17 11:26:02 PM,KXATPCHALLENGERMATCH-26APR18FOMSUN-FOM,34,890,33,2089,32,2568,31,147,30,1312,35,845,36,1100,37,3738,38,2887,39,1190,34.5
2026-04-17 11:26:59 PM,KXATPCHALLENGERMATCH-26APR18FOMSUN-FOM,34,890,33,2089,32,2568,31,147,30,1312,35,813,36,1100,37,3738,38,2887,39,1190,34.5
2026-04-17 11:29:52 PM,KXATPCHALLENGERMATCH-26APR18FOMSUN-FOM,34,590,33,2089,32,2568,31,147,30,1312,35,813,36,1100,37,3738,38,2887,39,1190,34.5
2026-04-17 11:30:22 PM,KXATPCHALLENGERMATCH-26APR18FOMSUN-FOM,34,590,33,2089,32,2568,31,147,30,1312,35,1113,36,1100,37,3738,38,2887,39,1190,34.5
2026-04-17 11:30:37 PM,KXATPCHALLENGERMATCH-26APR18FOMSUN-FOM,34,656,33,2089,32,2568,31,147,30,1312,35,1113,36,1100,37,3738,38,2887,39,1190,34.5
2026-04-17 11:31:06 PM,KXATPCHALLENGERMATCH-26APR18FOMSUN-FOM,34,656,33,2089,32,2568,31,147,30,1312,35,813,36,1100,37,3738,38,2887,39,1190,34.5
2026-04-17 11:31:28 PM,KXATPCHALLENGERMATCH-26APR18FOMSUN-FOM,34,656,33,2089,32,2568,31,147,30,1312,35,813,36,1100,37,3738,38,2920,39,1190,34.5
2026-04-17 11:31:39 PM,KXATPCHALLENGERMATCH-26APR18FOMSUN-FOM,34,112,33,2089,32,2568,31,147,30,1312,35,813,36,1100,37,3738,38,2920,39,1190,34.5
2026-04-17 11:31:49 PM,KXATPCHALLENGERMATCH-26APR18FOMSUN-FOM,34,112,33,2089,32,2568,31,147,30,1312,35,1313,36,1100,37,3738,38,2920,39,1190,34.5
2026-04-17 11:32:51 PM,KXATPCHALLENGERMATCH-26APR18FOMSUN-FOM,34,46,33,2089,32,2568,31,147,30,1312,35,1313,36,1100,37,3738,38,2920,39,1190,34.5
2026-04-17 11:33:06 PM,KXATPCHALLENGERMATCH-26APR18FOMSUN-FOM,34,46,33,2089,32,2568,31,147,30,1312,35,1313,36,2006,37,3738,38,2920,39,1190,34.5
2026-04-17 11:33:06 PM,KXATPCHALLENGERMATCH-26APR18FOMSUN-FOM,34,46,33,2089,32,2568,31,741,30,1312,35,1313,36,2006,37,3738,38,2920,39,1190,34.5
2026-04-17 11:33:06 PM,KXATPCHALLENGERMATCH-26APR18FOMSUN-FOM,34,46,33,2089,32,2568,31,741,30,1312,35,1313,36,2006,37,3738,38,2920,39,399,34.5
2026-04-17 11:33:13 PM,KXATPCHALLENGERMATCH-26APR18FOMSUN-FOM,34,46,33,1545,32,2568,31,741,30,1312,35,1313,36,2006,37,3738,38,2920,39,399,34.5
2026-04-17 11:33:14 PM,KXATPCHALLENGERMATCH-26APR18FOMSUN-FOM,34,46,33,2056,32,2568,31,741,30,1312,35,1313,36,2006,37,3738,38,2920,39,399,34.5
2026-04-17 11:33:45 PM,KXATPCHALLENGERMATCH-26APR18FOMSUN-FOM,34,46,33,2056,32,2568,31,741,30,1312,35,1348,36,2006,37,3738,38,2920,39,399,34.5
2026-04-17 11:34:59 PM,KXATPCHALLENGERMATCH-26APR18FOMSUN-FOM,34,46,33,2056,32,2568,31,5741,30,1312,35,1348,36,2006,37,3738,38,2920,39,399,34.5
2026-04-17 11:34:59 PM,KXATPCHALLENGERMATCH-26APR18FOMSUN-FOM,34,46,33,2056,32,2568,31,5741,30,6312,35,1348,36,2006,37,3738,38,2920,39,399,34.5
2026-04-17 11:34:59 PM,KXATPCHALLENGERMATCH-26APR18FOMSUN-FOM,34,46,33,2056,32,2568,31,741,30,6312,35,1348,36,2006,37,3738,38,2920,39,399,34.5
2026-04-17 11:34:59 PM,KXATPCHALLENGERMATCH-26APR18FOMSUN-FOM,34,46,33,2056,32,2568,31,741,30,1312,35,1348,36,2006,37,3738,38,2920,39,399,34.5
2026-04-17 11:35:12 PM,KXATPCHALLENGERMATCH-26APR18FOMSUN-FOM,34,46,33,2056,32,2568,31,741,30,1312,35,1848,36,2006,37,3738,38,2920,39,399,34.5
2026-04-17 11:35:37 PM,KXATPCHALLENGERMATCH-26APR18FOMSUN-FOM,34,46,33,1545,32,2568,31,741,30,1312,35,1848,36,2006,37,3738,38,2920,39,399,34.5
2026-04-17 11:35:38 PM,KXATPCHALLENGERMATCH-26APR18FOMSUN-FOM,34,46,33,2053,32,2568,31,741,30,1312,35,1848,36,2006,37,3738,38,2920,39,399,34.5
2026-04-17 11:35:52 PM,KXATPCHALLENGERMATCH-26APR18FOMSUN-FOM,34,46,33,2053,32,2568,31,741,30,1312,35,2466,36,2006,37,3738,38,2920,39,399,34.5
2026-04-17 11:35:52 PM,KXATPCHALLENGERMATCH-26APR18FOMSUN-FOM,34,46,33,1913,32,2568,31,741,30,1312,35,2466,36,2006,37,3738,38,2920,39,399,34.5
2026-04-17 11:35:52 PM,KXATPCHALLENGERMATCH-26APR18FOMSUN-FOM,34,46,33,1913,32,2568,31,741,30,1312,35,2466,36,2006,37,3738,38,2347,39,399,34.5
2026-04-17 11:35:52 PM,KXATPCHALLENGERMATCH-26APR18FOMSUN-FOM,34,46,33,1316,32,2568,31,741,30,1312,35,2466,36,2006,37,3738,38,2347,39,399,34.5
2026-04-17 11:36:06 PM,KXATPCHALLENGERMATCH-26APR18FOMSUN-FOM,34,46,33,1207,32,2568,31,741,30,1312,35,2466,36,2006,37,3738,38,2347,39,399,34.5
2026-04-17 11:36:55 PM,KXATPCHALLENGERMATCH-26APR18FOMSUN-FOM,34,46,33,1207,32,2568,31,741,30,1312,35,2431,36,2006,37,3738,38,2347,39,399,34.5
2026-04-17 11:37:56 PM,KXATPCHALLENGERMATCH-26APR18FOMSUN-FOM,34,46,33,1105,32,2568,31,741,30,1312,35,2431,36,2006,37,3738,38,2347,39,399,34.5
2026-04-17 11:40:18 PM,KXATPCHALLENGERMATCH-26APR18FOMSUN-FOM,34,46,33,1105,32,2568,31,5741,30,1312,35,2431,36,2006,37,3738,38,2347,39,399,34.5
2026-04-17 11:40:18 PM,KXATPCHALLENGERMATCH-26APR18FOMSUN-FOM,34,46,33,1105,32,2568,31,5741,30,6312,35,2431,36,2006,37,3738,38,2347,39,399,34.5
2026-04-17 11:40:18 PM,KXATPCHALLENGERMATCH-26APR18FOMSUN-FOM,34,46,33,1105,32,2568,31,5741,30,6312,35,2431,36,2006,37,3738,38,7347,39,399,34.5
2026-04-17 11:40:18 PM,KXATPCHALLENGERMATCH-26APR18FOMSUN-FOM,34,46,33,1105,32,2568,31,5741,30,6312,35,2431,36,2006,37,3738,38,7347,39,5399,34.5
2026-04-17 11:40:19 PM,KXATPCHALLENGERMATCH-26APR18FOMSUN-FOM,34,46,33,1105,32,2568,31,741,30,6312,35,2431,36,2006,37,3738,38,7347,39,5399,34.5
2026-04-17 11:40:19 PM,KXATPCHALLENGERMATCH-26APR18FOMSUN-FOM,34,46,33,1105,32,2568,31,741,30,1312,35,2431,36,2006,37,3738,38,7347,39,5399,34.5
2026-04-17 11:40:19 PM,KXATPCHALLENGERMATCH-26APR18FOMSUN-FOM,34,46,33,1105,32,2568,31,741,30,1312,35,2431,36,2006,37,3738,38,2347,39,5399,34.5
2026-04-17 11:40:19 PM,KXATPCHALLENGERMATCH-26APR18FOMSUN-FOM,34,46,33,1105,32,2568,31,741,30,1312,35,2431,36,2006,37,3738,38,2347,39,399,34.5
2026-04-17 11:41:12 PM,KXATPCHALLENGERMATCH-26APR18FOMSUN-FOM,34,46,33,1105,32,2568,31,1607,30,1312,35,2431,36,2006,37,3738,38,2347,39,399,34.5
2026-04-17 11:41:12 PM,KXATPCHALLENGERMATCH-26APR18FOMSUN-FOM,34,46,33,1105,32,2568,31,1607,30,1312,35,2431,36,2006,37,3194,38,2347,39,399,34.5
2026-04-17 11:41:12 PM,KXATPCHALLENGERMATCH-26APR18FOMSUN-FOM,34,46,33,1105,32,2568,31,1607,30,1312,35,2431,36,2006,37,3746,38,2347,39,399,34.5
2026-04-17 11:41:32 PM,KXATPCHALLENGERMATCH-26APR18FOMSUN-FOM,34,46,33,1105,32,2568,31,1607,30,1312,35,2429,36,2006,37,3746,38,2347,39,399,34.5
2026-04-17 11:42:50 PM,KXATPCHALLENGERMATCH-26APR18FOMSUN-FOM,34,46,33,1105,32,2568,31,6607,30,1312,35,2429,36,2006,37,3746,38,2347,39,399,34.5
2026-04-17 11:42:50 PM,KXATPCHALLENGERMATCH-26APR18FOMSUN-FOM,34,46,33,1105,32,2568,31,6607,30,6312,35,2429,36,2006,37,3746,38,2347,39,399,34.5
2026-04-17 11:42:50 PM,KXATPCHALLENGERMATCH-26APR18FOMSUN-FOM,34,46,33,1105,32,2568,31,6607,30,6312,35,2429,36,2006,37,3746,38,7347,39,399,34.5
2026-04-17 11:42:50 PM,KXATPCHALLENGERMATCH-26APR18FOMSUN-FOM,34,46,33,1105,32,2568,31,6607,30,6312,35,2429,36,2006,37,3746,38,7347,39,5399,34.5
2026-04-17 11:42:50 PM,KXATPCHALLENGERMATCH-26APR18FOMSUN-FOM,34,46,33,1105,32,2568,31,6607,30,6312,35,2429,36,2006,37,3746,38,2347,39,5399,34.5
2026-04-17 11:42:59 PM,KXATPCHALLENGERMATCH-26APR18FOMSUN-FOM,34,46,33,1105,32,2568,31,6607,30,6312,35,2429,36,2006,37,3746,38,7347,39,5399,34.5
2026-04-17 11:43:08 PM,KXATPCHALLENGERMATCH-26APR18FOMSUN-FOM,34,36,33,1105,32,2568,31,6607,30,6312,35,2429,36,2006,37,3746,38,7347,39,5399,34.5
2026-04-17 11:43:08 PM,KXATPCHALLENGERMATCH-26APR18FOMSUN-FOM,34,32,33,1105,32,2568,31,6607,30,6312,35,2429,36,2006,37,3746,38,7347,39,5399,34.5
2026-04-17 11:45:57 PM,KXATPCHALLENGERMATCH-26APR18FOMSUN-FOM,34,32,33,1105,32,2568,31,6607,30,6312,35,2425,36,2006,37,3746,38,7347,39,5399,34.5
2026-04-17 11:45:57 PM,KXATPCHALLENGERMATCH-26APR18FOMSUN-FOM,34,32,33,1105,32,2568,31,6607,30,6312,35,2424,36,2006,37,3746,38,7347,39,5399,34.5
2026-04-17 11:45:57 PM,KXATPCHALLENGERMATCH-26APR18FOMSUN-FOM,34,32,33,1105,32,2568,31,6607,30,6312,35,2378,36,2006,37,3746,38,7347,39,5399,34.5
2026-04-17 11:45:59 PM,KXATPCHALLENGERMATCH-26APR18FOMSUN-FOM,34,32,33,1105,32,2568,31,6607,30,6312,35,2425,36,2006,37,3746,38,7347,39,5399,34.5
2026-04-17 11:46:09 PM,KXATPCHALLENGERMATCH-26APR18FOMSUN-FOM,34,32,33,1190,32,2568,31,6607,30,6312,35,2425,36,2006,37,3746,38,7347,39,5399,34.5
2026-04-17 11:46:18 PM,KXATPCHALLENGERMATCH-26APR18FOMSUN-FOM,34,32,33,1190,32,2568,31,6607,30,6312,35,2425,36,2006,37,3746,38,8347,39,5399,34.5
2026-04-17 11:46:53 PM,KXATPCHALLENGERMATCH-26APR18FOMSUN-FOM,34,32,33,1300,32,2568,31,6607,30,6312,35,2425,36,2006,37,3746,38,8347,39,5399,34.5
2026-04-17 11:48:24 PM,KXATPCHALLENGERMATCH-26APR18FOMSUN-FOM,34,32,33,1300,32,2568,31,6607,30,6312,35,2412,36,2006,37,3746,38,8347,39,5399,34.5
2026-04-17 11:48:27 PM,KXATPCHALLENGERMATCH-26APR18FOMSUN-FOM,34,32,33,1300,32,2568,31,6607,30,6312,35,2426,36,2006,37,3746,38,8347,39,5399,34.5
2026-04-17 11:49:48 PM,KXATPCHALLENGERMATCH-26APR18FOMSUN-FOM,34,32,33,1300,32,2568,31,6607,30,6312,35,2426,36,2563,37,3746,38,8347,39,5399,34.5
2026-04-17 11:49:49 PM,KXATPCHALLENGERMATCH-26APR18FOMSUN-FOM,34,32,33,1300,32,2568,31,6607,30,6312,35,2426,36,2563,37,3194,38,8347,39,5399,34.5
2026-04-17 11:49:49 PM,KXATPCHALLENGERMATCH-26APR18FOMSUN-FOM,34,32,33,1300,32,2568,31,6607,30,6312,35,2426,36,2006,37,3194,38,8347,39,5399,34.5
2026-04-17 11:50:43 PM,KXATPCHALLENGERMATCH-26APR18FOMSUN-FOM,34,32,33,1300,32,2568,31,6607,30,6312,35,2426,36,2006,37,3751,38,8347,39,5399,34.5
2026-04-17 11:50:48 PM,KXATPCHALLENGERMATCH-26APR18FOMSUN-FOM,34,32,33,1300,32,2568,31,1607,30,6312,35,2426,36,2006,37,3751,38,8347,39,5399,34.5
2026-04-17 11:50:48 PM,KXATPCHALLENGERMATCH-26APR18FOMSUN-FOM,34,32,33,1300,32,2568,31,1607,30,1312,35,2426,36,2006,37,3751,38,8347,39,5399,34.5
2026-04-17 11:50:48 PM,KXATPCHALLENGERMATCH-26APR18FOMSUN-FOM,34,32,33,1300,32,2568,31,1607,30,1312,35,2426,36,2006,37,3751,38,8347,39,399,34.5
2026-04-17 11:50:48 PM,KXATPCHALLENGERMATCH-26APR18FOMSUN-FOM,34,32,33,1300,32,2568,31,1607,30,1312,35,2426,36,2006,37,3751,38,3347,39,399,34.5
2026-04-17 11:50:51 PM,KXATPCHALLENGERMATCH-26APR18FOMSUN-FOM,34,32,33,1300,32,2568,31,6607,30,1312,35,2426,36,2006,37,3751,38,3347,39,399,34.5
2026-04-17 11:50:51 PM,KXATPCHALLENGERMATCH-26APR18FOMSUN-FOM,34,32,33,1300,32,2568,31,6607,30,6312,35,2426,36,2006,37,3751,38,3347,39,399,34.5
2026-04-17 11:50:51 PM,KXATPCHALLENGERMATCH-26APR18FOMSUN-FOM,34,32,33,1300,32,2568,31,6607,30,6312,35,2426,36,2006,37,3751,38,8347,39,399,34.5
2026-04-17 11:50:51 PM,KXATPCHALLENGERMATCH-26APR18FOMSUN-FOM,34,32,33,1300,32,2568,31,6607,30,6312,35,2426,36,2006,37,3751,38,8347,39,5399,34.5
2026-04-17 11:50:57 PM,KXATPCHALLENGERMATCH-26APR18FOMSUN-FOM,34,32,33,1300,32,2568,31,6607,30,6312,35,2426,36,2563,37,3751,38,8347,39,5399,34.5
2026-04-17 11:50:57 PM,KXATPCHALLENGERMATCH-26APR18FOMSUN-FOM,34,32,33,1300,32,2568,31,6607,30,6312,35,2426,36,2563,37,3194,38,8347,39,5399,34.5
2026-04-17 11:50:58 PM,KXATPCHALLENGERMATCH-26APR18FOMSUN-FOM,34,32,33,1300,32,2568,31,6607,30,6312,35,2426,36,2006,37,3194,38,8347,39,5399,34.5
2026-04-17 11:51:22 PM,KXATPCHALLENGERMATCH-26APR18FOMSUN-FOM,34,32,33,1300,32,2568,31,6607,30,6312,35,2426,36,2006,37,3751,38,8347,39,5399,34.5
2026-04-17 11:54:18 PM,KXATPCHALLENGERMATCH-26APR18FOMSUN-FOM,34,32,33,1300,32,2568,31,6607,30,6312,35,2426,36,2569,37,3751,38,8347,39,5399,34.5
2026-04-17 11:54:31 PM,KXATPCHALLENGERMATCH-26APR18FOMSUN-FOM,34,32,33,1217,32,2568,31,6607,30,6312,35,2426,36,2569,37,3751,38,8347,39,5399,34.5
2026-04-17 11:54:52 PM,KXATPCHALLENGERMATCH-26APR18FOMSUN-FOM,34,32,33,1217,32,2568,31,6607,30,6312,35,2426,36,3069,37,3751,38,8347,39,5399,34.5
2026-04-17 11:55:02 PM,KXATPCHALLENGERMATCH-26APR18FOMSUN-FOM,34,32,33,1217,32,2568,31,1607,30,6312,35,2426,36,3069,37,3751,38,8347,39,5399,34.5
2026-04-17 11:55:02 PM,KXATPCHALLENGERMATCH-26APR18FOMSUN-FOM,34,32,33,1217,32,2568,31,1607,30,1312,35,2426,36,3069,37,3751,38,8347,39,5399,34.5
2026-04-17 11:55:02 PM,KXATPCHALLENGERMATCH-26APR18FOMSUN-FOM,34,32,33,1217,32,2568,31,1607,30,1312,35,2426,36,3069,37,3751,38,3347,39,5399,34.5
2026-04-17 11:55:02 PM,KXATPCHALLENGERMATCH-26APR18FOMSUN-FOM,34,32,33,1217,32,2568,31,1607,30,1312,35,2426,36,3069,37,3751,38,3347,39,399,34.5
2026-04-17 11:59:03 PM,KXATPCHALLENGERMATCH-26APR18FOMSUN-FOM,34,32,33,1217,32,2568,31,1607,30,1312,35,2358,36,3069,37,3751,38,3347,39,399,34.5
2026-04-17 11:59:05 PM,KXATPCHALLENGERMATCH-26APR18FOMSUN-FOM,34,32,33,1217,32,2568,31,1607,30,1312,35,2344,36,3069,37,3751,38,3347,39,399,34.5
2026-04-17 11:59:05 PM,KXATPCHALLENGERMATCH-26APR18FOMSUN-FOM,34,32,33,1217,32,2568,31,1607,30,1312,35,2426,36,3069,37,3751,38,3347,39,399,34.5
2026-04-18 12:00:05 AM,KXATPCHALLENGERMATCH-26APR18FOMSUN-FOM,34,32,33,1217,32,2568,31,6607,30,1312,35,2426,36,3069,37,3751,38,3347,39,399,34.5
2026-04-18 12:00:05 AM,KXATPCHALLENGERMATCH-26APR18FOMSUN-FOM,34,32,33,1217,32,2568,31,6607,30,6312,35,2426,36,3069,37,3751,38,3347,39,399,34.5
2026-04-18 12:00:05 AM,KXATPCHALLENGERMATCH-26APR18FOMSUN-FOM,34,32,33,1217,32,2568,31,6607,30,6312,35,2426,36,3069,37,3751,38,8347,39,399,34.5
2026-04-18 12:00:05 AM,KXATPCHALLENGERMATCH-26APR18FOMSUN-FOM,34,32,33,1217,32,2568,31,6607,30,6312,35,2426,36,3069,37,3751,38,8347,39,5399,34.5
2026-04-18 12:00:18 AM,KXATPCHALLENGERMATCH-26APR18FOMSUN-FOM,34,32,33,1217,32,2568,31,6607,30,6312,35,2426,36,3634,37,3751,38,8347,39,5399,34.5
2026-04-18 12:00:19 AM,KXATPCHALLENGERMATCH-26APR18FOMSUN-FOM,34,32,33,1217,32,2568,31,6607,30,6312,35,2426,36,3634,37,3194,38,8347,39,5399,34.5
2026-04-18 12:00:19 AM,KXATPCHALLENGERMATCH-26APR18FOMSUN-FOM,34,32,33,1217,32,2568,31,1607,30,6312,35,2426,36,3634,37,3194,38,8347,39,5399,34.5
2026-04-18 12:00:19 AM,KXATPCHALLENGERMATCH-26APR18FOMSUN-FOM,34,32,33,1217,32,2568,31,1607,30,1312,35,2426,36,3634,37,3194,38,8347,39,5399,34.5
2026-04-18 12:00:19 AM,KXATPCHALLENGERMATCH-26APR18FOMSUN-FOM,34,32,33,1217,32,2568,31,1607,30,1312,35,2426,36,3634,37,3194,38,3347,39,5399,34.5
2026-04-18 12:00:19 AM,KXATPCHALLENGERMATCH-26APR18FOMSUN-FOM,34,32,33,1217,32,2568,31,1607,30,1312,35,2426,36,3634,37,3194,38,3347,39,399,34.5
2026-04-18 12:00:21 AM,KXATPCHALLENGERMATCH-26APR18FOMSUN-FOM,34,32,33,1217,32,2568,31,1607,30,1312,35,2426,36,3069,37,3194,38,3347,39,399,34.5
2026-04-18 12:00:27 AM,KXATPCHALLENGERMATCH-26APR18FOMSUN-FOM,34,32,33,1217,32,2568,31,1607,30,1312,35,2426,36,3069,37,3759,38,3347,39,399,34.5
2026-04-18 12:00:28 AM,KXATPCHALLENGERMATCH-26APR18FOMSUN-FOM,34,32,33,1217,32,2568,31,6607,30,1312,35,2426,36,3069,37,3759,38,3347,39,399,34.5
2026-04-18 12:00:28 AM,KXATPCHALLENGERMATCH-26APR18FOMSUN-FOM,34,32,33,1217,32,2568,31,6607,30,6312,35,2426,36,3069,37,3759,38,3347,39,399,34.5
2026-04-18 12:00:28 AM,KXATPCHALLENGERMATCH-26APR18FOMSUN-FOM,34,32,33,1217,32,2568,31,6607,30,6312,35,2426,36,3069,37,3759,38,8347,39,399,34.5
2026-04-18 12:00:28 AM,KXATPCHALLENGERMATCH-26APR18FOMSUN-FOM,34,32,33,1217,32,2568,31,6607,30,6312,35,2426,36,3069,37,3759,38,8347,39,5399,34.5
2026-04-18 12:00:42 AM,KXATPCHALLENGERMATCH-26APR18FOMSUN-FOM,34,32,33,1217,32,2568,31,6607,30,6312,35,2421,36,3069,37,3759,38,8347,39,5399,34.5
2026-04-18 12:00:45 AM,KXATPCHALLENGERMATCH-26APR18FOMSUN-FOM,34,32,33,1217,32,2568,31,6607,30,6312,35,2339,36,3069,37,3759,38,8347,39,5399,34.5
2026-04-18 12:00:45 AM,KXATPCHALLENGERMATCH-26APR18FOMSUN-FOM,34,32,33,1217,32,2568,31,6607,30,6312,35,2426,36,3069,37,3759,38,8347,39,5399,34.5
2026-04-18 12:01:06 AM,KXATPCHALLENGERMATCH-26APR18FOMSUN-FOM,34,32,33,1217,32,2568,31,6607,30,6312,35,2419,36,3069,37,3759,38,8347,39,5399,34.5
2026-04-18 12:01:09 AM,KXATPCHALLENGERMATCH-26APR18FOMSUN-FOM,34,32,33,1217,32,2568,31,6607,30,6312,35,2332,36,3069,37,3759,38,8347,39,5399,34.5
2026-04-18 12:01:09 AM,KXATPCHALLENGERMATCH-26APR18FOMSUN-FOM,34,32,33,1217,32,2568,31,6607,30,6312,35,2426,36,3069,37,3759,38,8347,39,5399,34.5
2026-04-18 12:01:18 AM,KXATPCHALLENGERMATCH-26APR18FOMSUN-FOM,34,32,33,1217,32,2568,31,1607,30,6312,35,2426,36,3069,37,3759,38,8347,39,5399,34.5
2026-04-18 12:01:18 AM,KXATPCHALLENGERMATCH-26APR18FOMSUN-FOM,34,32,33,1217,32,2568,31,1607,30,1312,35,2426,36,3069,37,3759,38,8347,39,5399,34.5
2026-04-18 12:01:27 AM,KXATPCHALLENGERMATCH-26APR18FOMSUN-FOM,34,32,33,1217,32,2568,31,1607,30,1312,35,2324,36,3069,37,3759,38,8347,39,5399,34.5
2026-04-18 12:01:30 AM,KXATPCHALLENGERMATCH-26APR18FOMSUN-FOM,34,32,33,1217,32,2568,31,1607,30,1312,35,2230,36,3069,37,3759,38,8347,39,5399,34.5
2026-04-18 12:01:30 AM,KXATPCHALLENGERMATCH-26APR18FOMSUN-FOM,34,32,33,1217,32,2568,31,1607,30,1312,35,2426,36,3069,37,3759,38,8347,39,5399,34.5
2026-04-18 12:03:30 AM,KXATPCHALLENGERMATCH-26APR18FOMSUN-FOM,34,32,33,1217,32,2568,31,1607,30,1312,35,2418,36,3069,37,3759,38,8347,39,5399,34.5
2026-04-18 12:03:31 AM,KXATPCHALLENGERMATCH-26APR18FOMSUN-FOM,34,32,33,1217,32,2568,31,1607,30,1312,35,2222,36,3069,37,3759,38,8347,39,5399,34.5
2026-04-18 12:03:31 AM,KXATPCHALLENGERMATCH-26APR18FOMSUN-FOM,34,32,33,1217,32,2568,31,1607,30,1312,35,2426,36,3069,37,3759,38,8347,39,5399,34.5
2026-04-18 12:05:34 AM,KXATPCHALLENGERMATCH-26APR18FOMSUN-FOM,34,32,33,1217,32,2568,31,1607,30,1312,35,2461,36,3069,37,3759,38,8347,39,5399,34.5
2026-04-18 12:05:35 AM,KXATPCHALLENGERMATCH-26APR18FOMSUN-FOM,34,32,33,1217,32,2568,31,1607,30,1312,35,2461,36,3069,37,3759,38,3347,39,5399,34.5
2026-04-18 12:05:44 AM,KXATPCHALLENGERMATCH-26APR18FOMSUN-FOM,34,32,33,1217,32,2568,31,1607,30,1312,35,2461,36,3069,37,3759,38,8347,39,5399,34.5
2026-04-18 12:05:44 AM,KXATPCHALLENGERMATCH-26APR18FOMSUN-FOM,34,32,33,1217,32,2568,31,1607,30,1312,35,2461,36,3645,37,3759,38,8347,39,5399,34.5
2026-04-18 12:05:44 AM,KXATPCHALLENGERMATCH-26APR18FOMSUN-FOM,34,32,33,1217,32,2568,31,1607,30,1312,35,2461,36,3645,37,3194,38,8347,39,5399,34.5
2026-04-18 12:05:49 AM,KXATPCHALLENGERMATCH-26APR18FOMSUN-FOM,34,32,33,1217,32,2568,31,1607,30,1312,35,2461,36,3069,37,3194,38,8347,39,5399,34.5
2026-04-18 12:05:55 AM,KXATPCHALLENGERMATCH-26APR18FOMSUN-FOM,34,32,33,1217,32,2568,31,1607,30,1312,35,2461,36,3069,37,3770,38,8347,39,5399,34.5
2026-04-18 12:05:56 AM,KXATPCHALLENGERMATCH-26APR18FOMSUN-FOM,34,32,33,1252,32,2568,31,1607,30,1312,35,2461,36,3069,37,3770,38,8347,39,5399,34.5
2026-04-18 12:06:13 AM,KXATPCHALLENGERMATCH-26APR18FOMSUN-FOM,34,32,33,1252,32,2568,31,1607,30,1312,35,2461,36,3069,37,3194,38,8347,39,5399,34.5
2026-04-18 12:06:13 AM,KXATPCHALLENGERMATCH-26APR18FOMSUN-FOM,34,21,33,1252,32,2568,31,1607,30,1312,35,2461,36,3069,37,3194,38,8347,39,5399,34.5
2026-04-18 12:06:13 AM,KXATPCHALLENGERMATCH-26APR18FOMSUN-FOM,34,6,33,1252,32,2568,31,1607,30,1312,35,2461,36,3069,37,3194,38,8347,39,5399,34.5
2026-04-18 12:06:13 AM,KXATPCHALLENGERMATCH-26APR18FOMSUN-FOM,34,6,33,1242,32,2568,31,1607,30,1312,35,2461,36,3069,37,3194,38,8347,39,5399,34.5
2026-04-18 12:06:13 AM,KXATPCHALLENGERMATCH-26APR18FOMSUN-FOM,34,6,33,1242,32,2568,31,1607,30,1312,35,2461,36,3069,37,3194,38,8347,39,5388,34.5
2026-04-18 12:06:13 AM,KXATPCHALLENGERMATCH-26APR18FOMSUN-FOM,34,6,33,1242,32,2568,31,1607,30,1312,35,2461,36,3069,37,3194,38,8332,39,5388,34.5
2026-04-18 12:06:13 AM,KXATPCHALLENGERMATCH-26APR18FOMSUN-FOM,34,6,33,1242,32,2584,31,1607,30,1312,35,2461,36,3069,37,3194,38,8332,39,5388,34.5
2026-04-18 12:06:13 AM,KXATPCHALLENGERMATCH-26APR18FOMSUN-FOM,34,6,33,1242,32,2584,31,1617,30,1312,35,2461,36,3069,37,3194,38,8332,39,5388,34.5
2026-04-18 12:06:13 AM,KXATPCHALLENGERMATCH-26APR18FOMSUN-FOM,34,6,33,1242,32,2584,31,1617,30,1312,35,2461,36,3085,37,3194,38,8332,39,5388,34.5
2026-04-18 12:06:13 AM,KXATPCHALLENGERMATCH-26APR18FOMSUN-FOM,34,6,33,1242,32,2584,31,1617,30,1312,35,2461,36,3085,37,3204,38,8332,39,5388,34.5
2026-04-18 12:06:13 AM,KXATPCHALLENGERMATCH-26APR18FOMSUN-FOM,34,6,33,1242,32,2584,31,1617,30,1312,35,2461,36,3085,37,3780,38,8332,39,5388,34.5
2026-04-18 12:07:13 AM,KXATPCHALLENGERMATCH-26APR18FOMSUN-FOM,34,6,33,1242,32,2584,31,1617,30,1312,35,2461,36,3069,37,3780,38,8332,39,5388,34.5
2026-04-18 12:07:13 AM,KXATPCHALLENGERMATCH-26APR18FOMSUN-FOM,34,6,33,1242,32,2568,31,1617,30,1312,35,2461,36,3069,37,3780,38,8332,39,5388,34.5
2026-04-18 12:07:13 AM,KXATPCHALLENGERMATCH-26APR18FOMSUN-FOM,34,6,33,1242,32,2568,31,1607,30,1312,35,2461,36,3069,37,3780,38,8332,39,5388,34.5
2026-04-18 12:07:13 AM,KXATPCHALLENGERMATCH-26APR18FOMSUN-FOM,34,6,33,1242,32,2568,31,1607,30,1312,35,2461,36,3069,37,3770,38,8332,39,5388,34.5
2026-04-18 12:07:13 AM,KXATPCHALLENGERMATCH-26APR18FOMSUN-FOM,34,32,33,1242,32,2568,31,1607,30,1312,35,2461,36,3069,37,3770,38,8332,39,5388,34.5
2026-04-18 12:07:13 AM,KXATPCHALLENGERMATCH-26APR18FOMSUN-FOM,34,32,33,1252,32,2568,31,1607,30,1312,35,2461,36,3069,37,3770,38,8332,39,5388,34.5
2026-04-18 12:07:13 AM,KXATPCHALLENGERMATCH-26APR18FOMSUN-FOM,34,32,33,1252,32,2568,31,1607,30,1312,35,2461,36,3069,37,3770,38,8347,39,5388,34.5
2026-04-18 12:07:14 AM,KXATPCHALLENGERMATCH-26APR18FOMSUN-FOM,34,32,33,1252,32,2568,31,1607,30,1312,35,2461,36,3069,37,3770,38,8347,39,5399,34.5
2026-04-18 12:07:22 AM,KXATPCHALLENGERMATCH-26APR18FOMSUN-FOM,34,32,33,1252,32,2568,31,1607,30,1312,35,2446,36,3069,37,3770,38,8347,39,5399,34.5
2026-04-18 12:07:22 AM,KXATPCHALLENGERMATCH-26APR18FOMSUN-FOM,34,32,33,1252,32,2568,31,1607,30,1312,35,2411,36,3069,37,3770,38,8347,39,5399,34.5
2026-04-18 12:07:22 AM,KXATPCHALLENGERMATCH-26APR18FOMSUN-FOM,34,32,33,1217,32,2568,31,1607,30,1312,35,2411,36,3069,37,3770,38,8347,39,5399,34.5
2026-04-18 12:07:25 AM,KXATPCHALLENGERMATCH-26APR18FOMSUN-FOM,34,32,33,1217,32,2568,31,1607,30,1312,35,2207,36,3069,37,3770,38,8347,39,5399,34.5
2026-04-18 12:07:25 AM,KXATPCHALLENGERMATCH-26APR18FOMSUN-FOM,34,32,33,1217,32,2568,31,1607,30,1312,35,2427,36,3069,37,3770,38,8347,39,5399,34.5
2026-04-18 12:07:31 AM,KXATPCHALLENGERMATCH-26APR18FOMSUN-FOM,34,32,33,1217,32,2568,31,1607,30,1312,35,2427,36,3645,37,3770,38,8347,39,5399,34.5
2026-04-18 12:07:31 AM,KXATPCHALLENGERMATCH-26APR18FOMSUN-FOM,34,32,33,1217,32,2568,31,1607,30,1312,35,2427,36,3645,37,3194,38,8347,39,5399,34.5
2026-04-18 12:07:31 AM,KXATPCHALLENGERMATCH-26APR18FOMSUN-FOM,34,32,33,1217,32,2568,31,1607,30,1312,35,2427,36,3069,37,3194,38,8347,39,5399,34.5
2026-04-18 12:07:44 AM,KXATPCHALLENGERMATCH-26APR18FOMSUN-FOM,34,32,33,1217,32,2568,31,1607,30,1312,35,2427,36,3069,37,3771,38,8347,39,5399,34.5
2026-04-18 12:07:51 AM,KXATPCHALLENGERMATCH-26APR18FOMSUN-FOM,34,32,33,1217,32,2568,31,1607,30,1312,35,2400,36,3069,37,3771,38,8347,39,5399,34.5
2026-04-18 12:07:52 AM,KXATPCHALLENGERMATCH-26APR18FOMSUN-FOM,34,32,33,1217,32,2568,31,1607,30,1312,35,2180,36,3069,37,3771,38,8347,39,5399,34.5
2026-04-18 12:07:52 AM,KXATPCHALLENGERMATCH-26APR18FOMSUN-FOM,34,32,33,1217,32,2568,31,1607,30,1312,35,2428,36,3069,37,3771,38,8347,39,5399,34.5
2026-04-18 12:07:55 AM,KXATPCHALLENGERMATCH-26APR18FOMSUN-FOM,34,32,33,1217,32,2568,31,1607,30,1312,35,2463,36,3069,37,3771,38,8347,39,5399,34.5
2026-04-18 12:07:59 AM,KXATPCHALLENGERMATCH-26APR18FOMSUN-FOM,34,32,33,1252,32,2568,31,1607,30,1312,35,2463,36,3069,37,3771,38,8347,39,5399,34.5
2026-04-18 12:08:02 AM,KXATPCHALLENGERMATCH-26APR18FOMSUN-FOM,34,32,33,1252,32,2568,31,1607,30,1312,35,2054,36,3069,37,3771,38,8347,39,5399,34.5
2026-04-18 12:08:02 AM,KXATPCHALLENGERMATCH-26APR18FOMSUN-FOM,34,32,33,1252,32,2568,31,1607,30,1312,35,1959,36,3069,37,3771,38,8347,39,5399,34.5
2026-04-18 12:08:02 AM,KXATPCHALLENGERMATCH-26APR18FOMSUN-FOM,34,32,33,1252,32,2568,31,1607,30,512,35,1959,36,3069,37,3771,38,8347,39,5399,34.5
2026-04-18 12:08:02 AM,KXATPCHALLENGERMATCH-26APR18FOMSUN-FOM,34,32,33,1252,32,1768,31,1607,30,512,35,1959,36,3069,37,3771,38,8347,39,5399,34.5
2026-04-18 12:08:02 AM,KXATPCHALLENGERMATCH-26APR18FOMSUN-FOM,34,32,33,1252,32,1768,31,1607,30,512,35,1959,36,3069,37,3771,38,7547,39,5399,34.5
2026-04-18 12:08:02 AM,KXATPCHALLENGERMATCH-26APR18FOMSUN-FOM,34,32,33,1252,32,1768,31,1607,30,512,35,1959,36,3069,37,2971,38,7547,39,5399,34.5
2026-04-18 12:08:02 AM,KXATPCHALLENGERMATCH-26APR18FOMSUN-FOM,34,32,33,1252,32,1768,31,1607,30,512,35,1912,36,3069,37,2971,38,7547,39,5399,34.5
2026-04-18 12:08:02 AM,KXATPCHALLENGERMATCH-26APR18FOMSUN-FOM,34,32,33,1252,32,1768,31,1607,30,512,35,1664,36,3069,37,2971,38,7547,39,5399,34.5
2026-04-18 12:08:02 AM,KXATPCHALLENGERMATCH-26APR18FOMSUN-FOM,34,32,33,1252,32,1768,31,1607,30,512,35,1629,36,3069,37,2971,38,7547,39,5399,34.5
2026-04-18 12:08:02 AM,KXATPCHALLENGERMATCH-26APR18FOMSUN-FOM,34,32,33,1217,32,1768,31,1607,30,512,35,1629,36,3069,37,2971,38,7547,39,5399,34.5
2026-04-18 12:08:03 AM,KXATPCHALLENGERMATCH-26APR18FOMSUN-FOM,34,32,33,1217,32,1768,31,1607,30,1312,35,1629,36,3069,37,2971,38,7547,39,5399,34.5
2026-04-18 12:08:03 AM,KXATPCHALLENGERMATCH-26APR18FOMSUN-FOM,34,32,33,1217,32,1768,31,2407,30,1312,35,1629,36,3069,37,2971,38,7547,39,5399,34.5
2026-04-18 12:08:03 AM,KXATPCHALLENGERMATCH-26APR18FOMSUN-FOM,34,32,33,2017,32,1768,31,2407,30,1312,35,1629,36,3069,37,2971,38,7547,39,5399,34.5
2026-04-18 12:08:03 AM,KXATPCHALLENGERMATCH-26APR18FOMSUN-FOM,34,32,33,2017,32,1768,31,2407,30,1312,35,1629,36,3869,37,2971,38,7547,39,5399,34.5
2026-04-18 12:08:03 AM,KXATPCHALLENGERMATCH-26APR18FOMSUN-FOM,34,32,33,2017,32,1768,31,2407,30,1312,35,1629,36,3869,37,2971,38,7547,39,6199,34.5
2026-04-18 12:08:03 AM,KXATPCHALLENGERMATCH-26APR18FOMSUN-FOM,34,32,33,2017,32,1768,31,2407,30,1312,35,1629,36,3869,37,2971,38,8347,39,6199,34.5
2026-04-18 12:08:11 AM,KXATPCHALLENGERMATCH-26APR18FOMSUN-FOM,34,32,33,2017,32,1768,31,2407,30,1312,35,1664,36,3869,37,2971,38,8347,39,6199,34.5
2026-04-18 12:08:12 AM,KXATPCHALLENGERMATCH-26APR18FOMSUN-FOM,34,32,33,2017,32,1768,31,7407,30,1312,35,1664,36,3869,37,2971,38,8347,39,6199,34.5
2026-04-18 12:08:12 AM,KXATPCHALLENGERMATCH-26APR18FOMSUN-FOM,34,32,33,2017,32,1768,31,7407,30,6312,35,1664,36,3869,37,2971,38,8347,39,6199,34.5
2026-04-18 12:08:20 AM,KXATPCHALLENGERMATCH-26APR18FOMSUN-FOM,34,32,33,2017,32,1803,31,7407,30,6312,35,1664,36,3869,37,2971,38,8347,39,6199,34.5
2026-04-18 12:08:58 AM,KXATPCHALLENGERMATCH-26APR18FOMSUN-FOM,34,32,33,2017,32,1803,31,7407,30,6312,35,1645,36,3869,37,2971,38,8347,39,6199,34.5
2026-04-18 12:08:58 AM,KXATPCHALLENGERMATCH-26APR18FOMSUN-FOM,34,32,33,2017,32,1768,31,7407,30,6312,35,1645,36,3869,37,2971,38,8347,39,6199,34.5
2026-04-18 12:08:58 AM,KXATPCHALLENGERMATCH-26APR18FOMSUN-FOM,34,32,33,2017,32,1768,31,7407,30,6312,35,1610,36,3869,37,2971,38,8347,39,6199,34.5
2026-04-18 12:09:03 AM,KXATPCHALLENGERMATCH-26APR18FOMSUN-FOM,34,32,33,2017,32,1803,31,7407,30,6312,35,1610,36,3869,37,2971,38,8347,39,6199,34.5
2026-04-18 12:09:03 AM,KXATPCHALLENGERMATCH-26APR18FOMSUN-FOM,34,32,33,2017,32,1803,31,7407,30,6312,35,1645,36,3869,37,2971,38,8347,39,6199,34.5
2026-04-18 12:09:07 AM,KXATPCHALLENGERMATCH-26APR18FOMSUN-FOM,34,32,33,2017,32,1803,31,7407,30,6312,35,1632,36,3869,37,2971,38,8347,39,6199,34.5
2026-04-18 12:09:07 AM,KXATPCHALLENGERMATCH-26APR18FOMSUN-FOM,34,32,33,2017,32,1803,31,2407,30,6312,35,1632,36,3869,37,2971,38,8347,39,6199,34.5
2026-04-18 12:09:07 AM,KXATPCHALLENGERMATCH-26APR18FOMSUN-FOM,34,32,33,2017,32,1803,31,2407,30,1312,35,1632,36,3869,37,2971,38,8347,39,6199,34.5
2026-04-18 12:09:07 AM,KXATPCHALLENGERMATCH-26APR18FOMSUN-FOM,34,32,33,2017,32,1768,31,2407,30,1312,35,1632,36,3869,37,2971,38,8347,39,6199,34.5
2026-04-18 12:09:07 AM,KXATPCHALLENGERMATCH-26APR18FOMSUN-FOM,34,32,33,2017,32,1768,31,2407,30,1312,35,1597,36,3869,37,2971,38,8347,39,6199,34.5
2026-04-18 12:09:10 AM,KXATPCHALLENGERMATCH-26APR18FOMSUN-FOM,34,32,33,2017,32,1768,31,2407,30,1312,35,1632,36,3869,37,2971,38,8347,39,6199,34.5
2026-04-18 12:09:10 AM,KXATPCHALLENGERMATCH-26APR18FOMSUN-FOM,34,32,33,2017,32,1803,31,2407,30,1312,35,1632,36,3869,37,2971,38,8347,39,6199,34.5
2026-04-18 12:09:35 AM,KXATPCHALLENGERMATCH-26APR18FOMSUN-FOM,34,32,33,2017,32,1803,31,2407,30,1312,35,1352,36,3869,37,2971,38,8347,39,6199,34.5
2026-04-18 12:09:35 AM,KXATPCHALLENGERMATCH-26APR18FOMSUN-FOM,34,32,33,2017,32,1803,31,2407,30,1312,35,1317,36,3869,37,2971,38,8347,39,6199,34.5
2026-04-18 12:09:35 AM,KXATPCHALLENGERMATCH-26APR18FOMSUN-FOM,34,32,33,2017,32,1768,31,2407,30,1312,35,1317,36,3869,37,2971,38,8347,39,6199,34.5
2026-04-18 12:09:38 AM,KXATPCHALLENGERMATCH-26APR18FOMSUN-FOM,34,32,33,2017,32,1768,31,2407,30,1312,35,1352,36,3869,37,2971,38,8347,39,6199,34.5
2026-04-18 12:09:43 AM,KXATPCHALLENGERMATCH-26APR18FOMSUN-FOM,34,32,33,2017,32,1803,31,2407,30,1312,35,1352,36,3869,37,2971,38,8347,39,6199,34.5
2026-04-18 12:09:55 AM,KXATPCHALLENGERMATCH-26APR18FOMSUN-FOM,34,32,33,2017,32,1803,31,2407,30,1312,35,1357,36,3869,37,2971,38,8347,39,6199,34.5
2026-04-18 12:10:00 AM,KXATPCHALLENGERMATCH-26APR18FOMSUN-FOM,34,32,33,2017,32,1803,31,2407,30,1312,35,1357,36,3869,37,2961,38,8347,39,6199,34.5
2026-04-18 12:10:00 AM,KXATPCHALLENGERMATCH-26APR18FOMSUN-FOM,34,32,33,2017,32,1803,31,2296,30,1312,35,1357,36,3869,37,2961,38,8347,39,6199,34.5
2026-04-18 12:10:00 AM,KXATPCHALLENGERMATCH-26APR18FOMSUN-FOM,34,32,33,2017,32,1606,31,2296,30,1312,35,1357,36,3869,37,2961,38,8347,39,6199,34.5
2026-04-18 12:10:00 AM,KXATPCHALLENGERMATCH-26APR18FOMSUN-FOM,34,32,33,2017,32,1606,31,2260,30,1312,35,1357,36,3869,37,2961,38,8347,39,6199,34.5
2026-04-18 12:10:00 AM,KXATPCHALLENGERMATCH-26APR18FOMSUN-FOM,34,32,33,2007,32,1606,31,2260,30,1312,35,1357,36,3869,37,2961,38,8347,39,6199,34.5
2026-04-18 12:10:00 AM,KXATPCHALLENGERMATCH-26APR18FOMSUN-FOM,34,32,33,2007,32,1495,31,2260,30,1312,35,1357,36,3869,37,2961,38,8347,39,6199,34.5
2026-04-18 12:10:00 AM,KXATPCHALLENGERMATCH-26APR18FOMSUN-FOM,34,32,33,2007,32,1495,31,2260,30,1200,35,1357,36,3869,37,2961,38,8347,39,6199,34.5
2026-04-18 12:10:00 AM,KXATPCHALLENGERMATCH-26APR18FOMSUN-FOM,34,32,33,2007,32,1494,31,2260,30,1200,35,1357,36,3869,37,2961,38,8347,39,6199,34.5
2026-04-18 12:10:00 AM,KXATPCHALLENGERMATCH-26APR18FOMSUN-FOM,34,32,33,1997,32,1494,31,2260,30,1200,35,1357,36,3869,37,2961,38,8347,39,6199,34.5
2026-04-18 12:10:00 AM,KXATPCHALLENGERMATCH-26APR18FOMSUN-FOM,34,32,33,1997,32,1494,31,2260,30,1200,35,1357,36,3869,37,2951,38,8347,39,6199,34.5
2026-04-18 12:10:00 AM,KXATPCHALLENGERMATCH-26APR18FOMSUN-FOM,34,32,33,1997,32,1494,31,2260,30,1200,35,1357,36,3869,37,2322,38,8347,39,6199,34.5
2026-04-18 12:10:00 AM,KXATPCHALLENGERMATCH-26APR18FOMSUN-FOM,34,32,33,1997,32,1494,31,2260,30,1200,35,1357,36,3869,37,2322,38,7708,39,6199,34.5
2026-04-18 12:10:00 AM,KXATPCHALLENGERMATCH-26APR18FOMSUN-FOM,34,32,33,1997,32,1494,31,2260,30,1200,35,1357,36,3869,37,2322,38,7708,39,5811,34.5
2026-04-18 12:10:00 AM,KXATPCHALLENGERMATCH-26APR18FOMSUN-FOM,34,32,33,1997,32,1494,31,2260,30,1200,35,1357,36,3869,37,3054,38,7708,39,5811,34.5
2026-04-18 12:10:00 AM,KXATPCHALLENGERMATCH-26APR18FOMSUN-FOM,34,32,33,1997,32,1494,31,2260,30,1200,35,1357,36,3869,37,3054,38,7708,39,811,34.5
2026-04-18 12:10:00 AM,KXATPCHALLENGERMATCH-26APR18FOMSUN-FOM,34,32,33,1997,32,1494,31,2260,30,1200,35,1358,36,3869,37,3054,38,7708,39,811,34.5
2026-04-18 12:11:10 AM,KXATPCHALLENGERMATCH-26APR18FOMSUN-FOM,34,32,33,1997,32,1494,31,2260,30,1200,35,1368,36,3869,37,3054,38,7708,39,811,34.5
2026-04-18 12:11:10 AM,KXATPCHALLENGERMATCH-26APR18FOMSUN-FOM,34,32,33,1997,32,1504,31,2260,30,1200,35,1368,36,3869,37,3054,38,7708,39,811,34.5
2026-04-18 12:11:10 AM,KXATPCHALLENGERMATCH-26APR18FOMSUN-FOM,34,32,33,2007,32,1504,31,2260,30,1200,35,1368,36,3869,37,3054,38,7708,39,811,34.5
2026-04-18 12:11:10 AM,KXATPCHALLENGERMATCH-26APR18FOMSUN-FOM,34,32,33,2007,32,1504,31,2260,30,1200,35,1368,36,3879,37,3054,38,7708,39,811,34.5
2026-04-18 12:11:13 AM,KXATPCHALLENGERMATCH-26APR18FOMSUN-FOM,34,32,33,2017,32,1504,31,2260,30,1200,35,1368,36,3879,37,3054,38,7708,39,811,34.5
2026-04-18 12:11:13 AM,KXATPCHALLENGERMATCH-26APR18FOMSUN-FOM,34,32,33,2027,32,1504,31,2260,30,1200,35,1368,36,3879,37,3054,38,7708,39,811,34.5
2026-04-18 12:11:13 AM,KXATPCHALLENGERMATCH-26APR18FOMSUN-FOM,34,32,33,2027,32,1504,31,2260,30,1200,35,1368,36,3879,37,3064,38,7708,39,811,34.5
2026-04-18 12:11:13 AM,KXATPCHALLENGERMATCH-26APR18FOMSUN-FOM,34,32,33,2027,32,1504,31,2260,30,1200,35,1368,36,3879,37,3074,38,7708,39,811,34.5
2026-04-18 12:11:56 AM,KXATPCHALLENGERMATCH-26APR18FOMSUN-FOM,34,32,33,2027,32,1504,31,2260,30,1200,35,1349,36,3879,37,3074,38,7708,39,811,34.5
2026-04-18 12:11:56 AM,KXATPCHALLENGERMATCH-26APR18FOMSUN-FOM,34,32,33,2027,32,1504,31,2260,30,1200,35,1314,36,3879,37,3074,38,7708,39,811,34.5
2026-04-18 12:11:56 AM,KXATPCHALLENGERMATCH-26APR18FOMSUN-FOM,34,32,33,2027,32,1469,31,2260,30,1200,35,1314,36,3879,37,3074,38,7708,39,811,34.5
2026-04-18 12:12:03 AM,KXATPCHALLENGERMATCH-26APR18FOMSUN-FOM,34,32,33,2027,32,1469,31,2260,30,1200,35,1274,36,3879,37,3074,38,7708,39,811,34.5
2026-04-18 12:13:00 AM,KXATPCHALLENGERMATCH-26APR18FOMSUN-FOM,34,32,33,2027,32,1469,31,2260,30,400,35,1274,36,3879,37,3074,38,7708,39,811,34.5
2026-04-18 12:13:00 AM,KXATPCHALLENGERMATCH-26APR18FOMSUN-FOM,34,32,33,2027,32,1469,31,1460,30,400,35,1274,36,3879,37,3074,38,7708,39,811,34.5
2026-04-18 12:13:00 AM,KXATPCHALLENGERMATCH-26APR18FOMSUN-FOM,34,32,33,1227,32,1469,31,1460,30,400,35,1274,36,3879,37,3074,38,7708,39,811,34.5
2026-04-18 12:13:00 AM,KXATPCHALLENGERMATCH-26APR18FOMSUN-FOM,34,32,33,1227,32,1469,31,1460,30,400,35,1274,36,3079,37,3074,38,7708,39,811,34.5
2026-04-18 12:13:00 AM,KXATPCHALLENGERMATCH-26APR18FOMSUN-FOM,34,32,33,1227,32,1469,31,1460,30,400,35,1274,36,3079,37,3074,38,7708,39,11,34.5
2026-04-18 12:13:00 AM,KXATPCHALLENGERMATCH-26APR18FOMSUN-FOM,34,32,33,1227,32,1469,31,1460,30,400,35,1274,36,3079,37,3074,38,6908,39,11,34.5
2026-04-18 12:13:00 AM,KXATPCHALLENGERMATCH-26APR18FOMSUN-FOM,34,32,33,1227,32,1469,31,1460,30,400,35,1274,36,3079,37,3074,38,6908,41,1193,34.5
2026-04-18 12:13:00 AM,KXATPCHALLENGERMATCH-26APR18FOMSUN-FOM,34,32,33,1227,32,1469,31,1460,30,400,35,1274,36,3079,37,3074,38,6908,40,21,34.5
2026-04-18 12:13:43 AM,KXATPCHALLENGERMATCH-26APR18FOMSUN-FOM,34,52,33,1227,32,1469,31,1460,30,400,35,1274,36,3079,37,3074,38,6908,40,21,34.5
2026-04-18 12:13:52 AM,KXATPCHALLENGERMATCH-26APR18FOMSUN-FOM,34,52,33,1227,32,1469,31,1460,30,400,35,1302,36,3079,37,3074,38,6908,40,21,34.5
2026-04-18 12:14:09 AM,KXATPCHALLENGERMATCH-26APR18FOMSUN-FOM,34,46,33,1227,32,1469,31,1460,30,400,35,1302,36,3079,37,3074,38,6908,40,21,34.5
2026-04-18 12:14:09 AM,KXATPCHALLENGERMATCH-26APR18FOMSUN-FOM,34,39,33,1227,32,1469,31,1460,30,400,35,1302,36,3079,37,3074,38,6908,40,21,34.5
2026-04-18 12:14:09 AM,KXATPCHALLENGERMATCH-26APR18FOMSUN-FOM,34,39,33,1227,32,1469,31,1460,30,400,35,1302,36,3079,37,3074,38,6908,41,1193,34.5
2026-04-18 12:14:09 AM,KXATPCHALLENGERMATCH-26APR18FOMSUN-FOM,34,39,33,1227,32,1469,31,1460,30,400,35,1302,36,3079,37,3081,38,6908,41,1193,34.5
2026-04-18 12:14:14 AM,KXATPCHALLENGERMATCH-26APR18FOMSUN-FOM,34,39,33,1227,32,1469,31,1460,30,400,35,1302,36,2516,37,3081,38,6908,41,1193,34.5
2026-04-18 12:15:46 AM,KXATPCHALLENGERMATCH-26APR18FOMSUN-FOM,34,39,33,1227,32,1469,31,1460,30,400,35,1302,36,2516,37,3081,38,6900,41,1193,34.5
2026-04-18 12:16:22 AM,KXATPCHALLENGERMATCH-26APR18FOMSUN-FOM,34,39,33,1227,32,1469,31,1460,30,400,35,1302,36,2516,37,2349,38,6900,41,1193,34.5
2026-04-18 12:16:22 AM,KXATPCHALLENGERMATCH-26APR18FOMSUN-FOM,34,39,33,1227,32,1469,31,1460,30,400,35,1302,36,2516,37,2349,38,1900,41,1193,34.5
2026-04-18 12:16:22 AM,KXATPCHALLENGERMATCH-26APR18FOMSUN-FOM,34,39,33,1227,32,1469,31,1460,30,400,35,1302,36,2516,37,2349,38,1900,40,732,34.5
2026-04-18 12:16:33 AM,KXATPCHALLENGERMATCH-26APR18FOMSUN-FOM,34,39,33,1227,32,1469,31,1460,30,400,35,1302,36,2516,37,2349,38,1900,41,1925,34.5
2026-04-18 12:16:33 AM,KXATPCHALLENGERMATCH-26APR18FOMSUN-FOM,34,39,33,1227,32,1469,31,1460,30,400,35,1302,36,2516,37,2349,38,1900,41,1193,34.5
2026-04-18 12:16:33 AM,KXATPCHALLENGERMATCH-26APR18FOMSUN-FOM,34,39,33,1227,32,1469,31,1460,30,400,35,1302,36,2516,37,3081,38,1900,41,1193,34.5
2026-04-18 12:16:33 AM,KXATPCHALLENGERMATCH-26APR18FOMSUN-FOM,34,39,33,1227,32,1469,31,1460,30,400,35,1302,36,2516,37,3081,38,2632,41,1193,34.5
2026-04-18 12:16:33 AM,KXATPCHALLENGERMATCH-26APR18FOMSUN-FOM,34,39,33,1227,32,1469,31,1460,30,400,35,1302,36,2516,37,3081,38,2632,40,1548,34.5
2026-04-18 12:16:33 AM,KXATPCHALLENGERMATCH-26APR18FOMSUN-FOM,34,39,33,1227,32,1469,31,1460,30,400,35,1337,36,2516,37,3081,38,2632,40,1548,34.5
2026-04-18 12:16:51 AM,KXATPCHALLENGERMATCH-26APR18FOMSUN-FOM,34,39,33,1227,32,1469,31,1460,30,400,35,1337,36,2516,37,3081,38,2632,41,1193,34.5
2026-04-18 12:17:02 AM,KXATPCHALLENGERMATCH-26APR18FOMSUN-FOM,34,39,33,1227,32,1469,31,1460,30,400,35,1336,36,2516,37,3081,38,2632,41,1193,34.5
2026-04-18 12:17:02 AM,KXATPCHALLENGERMATCH-26APR18FOMSUN-FOM,34,39,33,1227,32,1469,31,1460,30,400,35,1336,36,2517,37,3081,38,2632,41,1193,34.5
2026-04-18 12:17:04 AM,KXATPCHALLENGERMATCH-26APR18FOMSUN-FOM,34,39,33,1227,32,1469,31,1460,30,400,35,1308,36,2517,37,3081,38,2632,41,1193,34.5
2026-04-18 12:17:04 AM,KXATPCHALLENGERMATCH-26APR18FOMSUN-FOM,34,39,33,1227,32,1469,31,1460,30,400,35,1308,36,2516,37,3081,38,2632,41,1193,34.5
2026-04-18 12:17:04 AM,KXATPCHALLENGERMATCH-26APR18FOMSUN-FOM,34,39,33,1227,32,1469,31,1460,30,400,35,1309,36,2516,37,3081,38,2632,41,1193,34.5
2026-04-18 12:17:04 AM,KXATPCHALLENGERMATCH-26APR18FOMSUN-FOM,34,39,33,1227,32,1469,31,1460,30,400,35,1337,36,2516,37,3081,38,2632,41,1193,34.5
2026-04-18 12:17:15 AM,KXATPCHALLENGERMATCH-26APR18FOMSUN-FOM,34,39,33,1227,32,1469,31,1460,30,400,35,1337,36,3098,37,3081,38,2632,41,1193,34.5
2026-04-18 12:17:15 AM,KXATPCHALLENGERMATCH-26APR18FOMSUN-FOM,34,39,33,1227,32,1469,31,1460,30,400,35,1337,36,3098,37,2504,38,2632,41,1193,34.5
2026-04-18 12:17:18 AM,KXATPCHALLENGERMATCH-26APR18FOMSUN-FOM,34,39,33,1227,32,1469,31,1460,30,400,35,1337,36,2516,37,2504,38,2632,41,1193,34.5
2026-04-18 12:17:23 AM,KXATPCHALLENGERMATCH-26APR18FOMSUN-FOM,34,39,33,1227,32,1469,31,1460,30,400,35,1337,36,2516,37,3086,38,2632,41,1193,34.5
2026-04-18 12:17:33 AM,KXATPCHALLENGERMATCH-26APR18FOMSUN-FOM,34,39,33,1227,32,1469,31,1460,30,400,35,1302,36,2516,37,3086,38,2632,41,1193,34.5
2026-04-18 12:18:40 AM,KXATPCHALLENGERMATCH-26APR18FOMSUN-FOM,34,39,33,1227,32,1469,31,1460,30,400,35,1274,36,2516,37,3086,38,2632,41,1193,34.5
2026-04-18 12:18:54 AM,KXATPCHALLENGERMATCH-26APR18FOMSUN-FOM,34,39,33,1227,32,1469,31,1460,30,400,35,1302,36,2516,37,3086,38,2632,41,1193,34.5
2026-04-18 12:19:10 AM,KXATPCHALLENGERMATCH-26APR18FOMSUN-FOM,34,39,33,1227,32,1469,31,1460,30,400,35,1302,36,2516,37,2504,38,2632,41,1193,34.5
2026-04-18 12:19:11 AM,KXATPCHALLENGERMATCH-26APR18FOMSUN-FOM,34,39,33,1227,32,1469,31,1460,30,400,35,1302,36,2516,37,3086,38,2632,41,1193,34.5
2026-04-18 12:19:28 AM,KXATPCHALLENGERMATCH-26APR18FOMSUN-FOM,34,39,33,1227,32,1469,31,1460,30,400,35,1227,36,2516,37,3086,38,2632,41,1193,34.5
2026-04-18 12:19:32 AM,KXATPCHALLENGERMATCH-26APR18FOMSUN-FOM,34,39,33,1227,32,1791,31,1460,30,400,35,1227,36,2516,37,3086,38,2632,41,1193,34.5
2026-04-18 12:19:32 AM,KXATPCHALLENGERMATCH-26APR18FOMSUN-FOM,34,39,33,1227,32,1791,31,1460,30,400,35,1227,36,3098,37,3086,38,2632,41,1193,34.5
2026-04-18 12:19:32 AM,KXATPCHALLENGERMATCH-26APR18FOMSUN-FOM,34,39,33,1070,32,1791,31,1460,30,400,35,1227,36,3098,37,3086,38,2632,41,1193,34.5
2026-04-18 12:19:32 AM,KXATPCHALLENGERMATCH-26APR18FOMSUN-FOM,34,39,33,1043,32,1791,31,1460,30,400,35,1227,36,3098,37,3086,38,2632,41,1193,34.5
2026-04-18 12:19:32 AM,KXATPCHALLENGERMATCH-26APR18FOMSUN-FOM,34,39,33,958,32,1791,31,1460,30,400,35,1227,36,3098,37,3086,38,2632,41,1193,34.5
2026-04-18 12:19:32 AM,KXATPCHALLENGERMATCH-26APR18FOMSUN-FOM,34,39,33,958,32,1791,31,1460,30,400,35,1227,36,3098,37,2504,38,2632,41,1193,34.5
2026-04-18 12:19:32 AM,KXATPCHALLENGERMATCH-26APR18FOMSUN-FOM,34,39,33,958,32,1469,31,1460,30,400,35,1227,36,3098,37,2504,38,2632,41,1193,34.5
2026-04-18 12:19:37 AM,KXATPCHALLENGERMATCH-26APR18FOMSUN-FOM,34,39,33,958,32,1469,31,1460,30,400,35,1227,36,2516,37,2504,38,2632,41,1193,34.5
2026-04-18 12:19:37 AM,KXATPCHALLENGERMATCH-26APR18FOMSUN-FOM,34,39,33,958,32,1469,31,1460,30,400,35,1227,36,2516,37,1772,38,2632,41,1193,34.5
2026-04-18 12:19:37 AM,KXATPCHALLENGERMATCH-26APR18FOMSUN-FOM,34,39,33,958,32,1469,31,1460,30,400,35,1227,36,2516,37,1772,38,1900,41,1193,34.5
2026-04-18 12:19:42 AM,KXATPCHALLENGERMATCH-26APR18FOMSUN-FOM,34,39,33,1279,32,1469,31,1460,30,400,35,1227,36,2516,37,1772,38,1900,41,1193,34.5
2026-04-18 12:19:42 AM,KXATPCHALLENGERMATCH-26APR18FOMSUN-FOM,34,39,33,1279,32,1469,31,1460,30,400,35,1227,36,2516,37,2504,38,1900,41,1193,34.5
2026-04-18 12:19:42 AM,KXATPCHALLENGERMATCH-26APR18FOMSUN-FOM,34,39,33,1279,32,1469,31,1460,30,400,35,1227,36,2516,37,2504,38,2632,41,1193,34.5
2026-04-18 12:19:52 AM,KXATPCHALLENGERMATCH-26APR18FOMSUN-FOM,34,39,33,1279,32,1469,31,1460,30,400,35,1227,36,2516,37,3086,38,2632,41,1193,34.5
2026-04-18 12:19:59 AM,KXATPCHALLENGERMATCH-26APR18FOMSUN-FOM,34,39,33,1279,32,1469,31,1460,30,400,35,1227,36,2516,37,2504,38,2632,41,1193,34.5
2026-04-18 12:20:00 AM,KXATPCHALLENGERMATCH-26APR18FOMSUN-FOM,34,39,33,1269,32,1469,31,1460,30,400,35,1227,36,2516,37,2504,38,2632,41,1193,34.5
2026-04-18 12:20:00 AM,KXATPCHALLENGERMATCH-26APR18FOMSUN-FOM,34,39,33,1259,32,1469,31,1460,30,400,35,1227,36,2516,37,2504,38,2632,41,1193,34.5
2026-04-18 12:20:00 AM,KXATPCHALLENGERMATCH-26APR18FOMSUN-FOM,34,39,33,1259,32,1469,31,1460,30,400,35,1227,36,2516,37,2494,38,2632,41,1193,34.5
2026-04-18 12:20:00 AM,KXATPCHALLENGERMATCH-26APR18FOMSUN-FOM,34,39,33,1259,32,1469,31,1460,30,400,35,1227,36,2516,37,2484,38,2632,41,1193,34.5
2026-04-18 12:20:00 AM,KXATPCHALLENGERMATCH-26APR18FOMSUN-FOM,34,21,33,1259,32,1469,31,1460,30,400,35,1227,36,2516,37,2484,38,2632,41,1193,34.5
2026-04-18 12:20:00 AM,KXATPCHALLENGERMATCH-26APR18FOMSUN-FOM,34,21,33,1249,32,1469,31,1460,30,400,35,1227,36,2516,37,2484,38,2632,41,1193,34.5
2026-04-18 12:20:00 AM,KXATPCHALLENGERMATCH-26APR18FOMSUN-FOM,34,21,33,1249,32,1469,31,1460,30,400,35,1227,36,2516,37,2484,38,2617,41,1193,34.5
2026-04-18 12:20:00 AM,KXATPCHALLENGERMATCH-26APR18FOMSUN-FOM,34,21,33,1249,32,1469,31,1460,30,400,35,1227,36,2516,37,2477,38,2617,41,1193,34.5
2026-04-18 12:20:00 AM,KXATPCHALLENGERMATCH-26APR18FOMSUN-FOM,34,21,33,1249,32,1477,31,1460,30,400,35,1227,36,2516,37,2477,38,2617,41,1193,34.5
2026-04-18 12:20:00 AM,KXATPCHALLENGERMATCH-26APR18FOMSUN-FOM,34,21,33,1249,32,1477,31,1460,30,400,35,1227,36,2516,37,2477,38,2617,39,5,34.5
2026-04-18 12:20:00 AM,KXATPCHALLENGERMATCH-26APR18FOMSUN-FOM,34,21,33,1254,32,1477,31,1460,30,400,35,1227,36,2516,37,2477,38,2617,39,5,34.5
2026-04-18 12:20:01 AM,KXATPCHALLENGERMATCH-26APR18FOMSUN-FOM,34,21,33,1254,32,1477,31,1460,30,400,35,1227,36,2516,37,3059,38,2617,39,5,34.5
2026-04-18 12:20:01 AM,KXATPCHALLENGERMATCH-26APR18FOMSUN-FOM,34,21,33,1254,32,1477,31,1460,30,400,35,1227,36,2516,37,2477,38,2617,39,5,34.5
2026-04-18 12:20:12 AM,KXATPCHALLENGERMATCH-26APR18FOMSUN-FOM,34,21,33,1254,32,1477,31,1460,30,400,35,1227,36,3098,37,2477,38,2617,39,5,34.5
2026-04-18 12:20:16 AM,KXATPCHALLENGERMATCH-26APR18FOMSUN-FOM,34,21,33,1254,32,1477,31,1460,30,400,35,1227,36,2516,37,2477,38,2617,39,5,34.5
2026-04-18 12:20:59 AM,KXATPCHALLENGERMATCH-26APR18FOMSUN-FOM,34,21,33,1264,32,1477,31,1460,30,400,35,1227,36,2516,37,2477,38,2617,39,5,34.5
2026-04-18 12:20:59 AM,KXATPCHALLENGERMATCH-26APR18FOMSUN-FOM,34,21,33,1274,32,1477,31,1460,30,400,35,1227,36,2516,37,2477,38,2617,39,5,34.5
2026-04-18 12:20:59 AM,KXATPCHALLENGERMATCH-26APR18FOMSUN-FOM,34,21,33,1274,32,1477,31,1460,30,400,35,1227,36,2516,37,2487,38,2617,39,5,34.5
2026-04-18 12:20:59 AM,KXATPCHALLENGERMATCH-26APR18FOMSUN-FOM,34,21,33,1274,32,1477,31,1460,30,400,35,1227,36,2516,37,3069,38,2617,39,5,34.5
2026-04-18 12:20:59 AM,KXATPCHALLENGERMATCH-26APR18FOMSUN-FOM,34,21,33,1274,32,1477,31,1460,30,400,35,1227,36,2516,37,3079,38,2617,39,5,34.5
2026-04-18 12:21:02 AM,KXATPCHALLENGERMATCH-26APR18FOMSUN-FOM,34,21,33,1274,32,1477,31,1460,30,400,35,1227,36,2516,37,2497,38,2617,39,5,34.5
2026-04-18 12:21:08 AM,KXATPCHALLENGERMATCH-26APR18FOMSUN-FOM,34,21,33,1274,32,1477,31,1460,30,400,35,1226,36,2516,37,2497,38,2617,39,5,34.5
2026-04-18 12:21:08 AM,KXATPCHALLENGERMATCH-26APR18FOMSUN-FOM,34,21,33,1274,32,1477,31,1460,30,400,35,1226,36,2517,37,2497,38,2617,39,5,34.5
2026-04-18 12:21:08 AM,KXATPCHALLENGERMATCH-26APR18FOMSUN-FOM,34,21,33,1274,32,1477,31,1460,30,400,35,1226,36,3099,37,2497,38,2617,39,5,34.5
2026-04-18 12:21:19 AM,KXATPCHALLENGERMATCH-26APR18FOMSUN-FOM,34,21,33,1274,32,1477,31,1460,30,400,35,1226,36,2517,37,2497,38,2617,39,5,34.5
2026-04-18 12:21:24 AM,KXATPCHALLENGERMATCH-26APR18FOMSUN-FOM,34,21,33,1274,32,1477,31,1460,30,400,35,1174,36,2517,37,2497,38,2617,39,5,34.5
2026-04-18 12:21:24 AM,KXATPCHALLENGERMATCH-26APR18FOMSUN-FOM,34,21,33,1274,32,1477,31,1460,30,400,35,1172,36,2517,37,2497,38,2617,39,5,34.5
2026-04-18 12:22:10 AM,KXATPCHALLENGERMATCH-26APR18FOMSUN-FOM,34,21,33,1274,32,1477,31,1460,30,400,35,1144,36,2517,37,2497,38,2617,39,5,34.5
2026-04-18 12:22:10 AM,KXATPCHALLENGERMATCH-26APR18FOMSUN-FOM,34,21,33,1274,32,1477,31,1460,30,400,35,1174,36,2517,37,2497,38,2617,39,5,34.5
2026-04-18 12:22:52 AM,KXATPCHALLENGERMATCH-26APR18FOMSUN-FOM,34,21,33,1274,32,1477,31,1460,30,400,35,956,36,2517,37,2497,38,2617,39,5,34.5
2026-04-18 12:22:52 AM,KXATPCHALLENGERMATCH-26APR18FOMSUN-FOM,34,21,33,1274,32,1477,31,1460,30,400,35,991,36,2517,37,2497,38,2617,39,5,34.5
2026-04-18 12:22:52 AM,KXATPCHALLENGERMATCH-26APR18FOMSUN-FOM,34,21,33,1274,32,1512,31,1460,30,400,35,991,36,2517,37,2497,38,2617,39,5,34.5
2026-04-18 12:22:52 AM,KXATPCHALLENGERMATCH-26APR18FOMSUN-FOM,34,21,33,1274,32,1512,31,1460,30,400,35,956,36,2517,37,2497,38,2617,39,5,34.5
2026-04-18 12:22:52 AM,KXATPCHALLENGERMATCH-26APR18FOMSUN-FOM,34,21,33,1274,32,1477,31,1460,30,400,35,956,36,2517,37,2497,38,2617,39,5,34.5
2026-04-18 12:22:53 AM,KXATPCHALLENGERMATCH-26APR18FOMSUN-FOM,34,56,33,1274,32,1477,31,1460,30,400,35,956,36,2517,37,2497,38,2617,39,5,34.5
2026-04-18 12:22:53 AM,KXATPCHALLENGERMATCH-26APR18FOMSUN-FOM,34,56,33,1274,32,1477,31,1460,30,400,35,956,36,2552,37,2497,38,2617,39,5,34.5
2026-04-18 12:23:53 AM,KXATPCHALLENGERMATCH-26APR18FOMSUN-FOM,34,56,33,1274,32,1477,31,1460,30,400,35,926,36,2552,37,2497,38,2617,39,5,34.5
2026-04-18 12:23:53 AM,KXATPCHALLENGERMATCH-26APR18FOMSUN-FOM,34,56,33,1274,32,1477,31,1460,30,400,35,926,36,2517,37,2497,38,2617,39,5,34.5
2026-04-18 12:23:53 AM,KXATPCHALLENGERMATCH-26APR18FOMSUN-FOM,34,21,33,1274,32,1477,31,1460,30,400,35,926,36,2517,37,2497,38,2617,39,5,34.5
2026-04-18 12:24:08 AM,KXATPCHALLENGERMATCH-26APR18FOMSUN-FOM,34,21,33,1274,32,1477,31,1460,30,400,35,926,36,2517,37,3079,38,2617,39,5,34.5
2026-04-18 12:24:11 AM,KXATPCHALLENGERMATCH-26APR18FOMSUN-FOM,34,21,33,1274,32,1477,31,1460,30,400,35,926,36,2517,37,2497,38,2617,39,5,34.5
2026-04-18 12:24:11 AM,KXATPCHALLENGERMATCH-26APR18FOMSUN-FOM,34,21,33,1274,32,1477,31,1460,30,400,35,959,36,2517,37,2497,38,2617,39,5,34.5
2026-04-18 12:24:50 AM,KXATPCHALLENGERMATCH-26APR18FOMSUN-FOM,34,21,33,356,32,1477,31,1460,30,400,35,959,36,2517,37,2497,38,2617,39,5,34.5
2026-04-18 12:24:50 AM,KXATPCHALLENGERMATCH-26APR18FOMSUN-FOM,34,21,33,356,32,1477,31,1460,30,400,35,959,36,3099,37,2497,38,2617,39,5,34.5
2026-04-18 12:24:58 AM,KXATPCHALLENGERMATCH-26APR18FOMSUN-FOM,34,21,33,356,32,1477,31,1460,30,400,35,959,36,2517,37,2497,38,2617,39,5,34.5
2026-04-18 12:24:58 AM,KXATPCHALLENGERMATCH-26APR18FOMSUN-FOM,34,21,33,356,32,2209,31,1460,30,400,35,959,36,2517,37,2497,38,2617,39,5,34.5
2026-04-18 12:24:58 AM,KXATPCHALLENGERMATCH-26APR18FOMSUN-FOM,34,21,33,356,32,2209,31,2192,30,400,35,959,36,2517,37,2497,38,2617,39,5,34.5
2026-04-18 12:24:58 AM,KXATPCHALLENGERMATCH-26APR18FOMSUN-FOM,34,21,33,356,32,2209,31,2192,30,400,35,959,36,2517,37,3078,38,2617,39,5,34.5
2026-04-18 12:25:12 AM,KXATPCHALLENGERMATCH-26APR18FOMSUN-FOM,34,21,33,356,32,2209,31,2192,30,400,35,994,36,2517,37,3078,38,2617,39,5,34.5
2026-04-18 12:25:14 AM,KXATPCHALLENGERMATCH-26APR18FOMSUN-FOM,34,21,33,391,32,2209,31,2192,30,400,35,994,36,2517,37,3078,38,2617,39,5,34.5
2026-04-18 12:25:54 AM,KXATPCHALLENGERMATCH-26APR18FOMSUN-FOM,34,21,33,391,32,2531,31,2192,30,400,35,994,36,2517,37,3078,38,2617,39,5,34.5
2026-04-18 12:25:54 AM,KXATPCHALLENGERMATCH-26APR18FOMSUN-FOM,34,21,33,391,32,2531,31,2192,30,400,35,994,36,3098,37,3078,38,2617,39,5,34.5
2026-04-18 12:25:54 AM,KXATPCHALLENGERMATCH-26APR18FOMSUN-FOM,34,21,33,70,32,2531,31,2192,30,400,35,994,36,3098,37,3078,38,2617,39,5,34.5
2026-04-18 12:25:55 AM,KXATPCHALLENGERMATCH-26APR18FOMSUN-FOM,34,21,33,70,32,2531,31,2192,30,400,35,994,36,3098,37,2497,38,2617,39,5,34.5
2026-04-18 12:26:02 AM,KXATPCHALLENGERMATCH-26APR18FOMSUN-FOM,34,21,33,391,32,2531,31,2192,30,400,35,994,36,3098,37,2497,38,2617,39,5,34.5
2026-04-18 12:26:03 AM,KXATPCHALLENGERMATCH-26APR18FOMSUN-FOM,34,21,33,391,32,2531,31,2192,30,400,35,994,36,2517,37,2497,38,2617,39,5,34.5
2026-04-18 12:26:03 AM,KXATPCHALLENGERMATCH-26APR18FOMSUN-FOM,34,21,33,391,32,2209,31,2192,30,400,35,994,36,2517,37,2497,38,2617,39,5,34.5
2026-04-18 12:26:03 AM,KXATPCHALLENGERMATCH-26APR18FOMSUN-FOM,34,21,33,391,32,2209,31,2192,30,400,35,994,36,2517,37,3079,38,2617,39,5,34.5
2026-04-18 12:26:05 AM,KXATPCHALLENGERMATCH-26APR18FOMSUN-FOM,34,21,33,391,32,2209,31,2192,30,400,35,923,36,2517,37,3079,38,2617,39,5,34.5
2026-04-18 12:26:05 AM,KXATPCHALLENGERMATCH-26APR18FOMSUN-FOM,34,21,33,391,32,2209,31,2192,30,400,35,888,36,2517,37,3079,38,2617,39,5,34.5
2026-04-18 12:26:14 AM,KXATPCHALLENGERMATCH-26APR18FOMSUN-FOM,34,21,33,391,32,2209,31,2192,30,400,35,923,36,2517,37,3079,38,2617,39,5,34.5
2026-04-18 12:27:15 AM,KXATPCHALLENGERMATCH-26APR18FOMSUN-FOM,34,21,33,391,32,2209,31,2192,30,400,35,923,36,2517,37,2497,38,2617,39,5,34.5
2026-04-18 12:27:20 AM,KXATPCHALLENGERMATCH-26APR18FOMSUN-FOM,34,21,33,391,32,2209,31,2192,30,400,35,890,36,2517,37,2497,38,2617,39,5,34.5
2026-04-18 12:27:20 AM,KXATPCHALLENGERMATCH-26APR18FOMSUN-FOM,34,21,33,391,32,2209,31,2192,30,400,35,890,36,2517,37,3079,38,2617,39,5,34.5
2026-04-18 12:27:20 AM,KXATPCHALLENGERMATCH-26APR18FOMSUN-FOM,34,21,33,391,32,2209,31,2192,30,400,35,924,36,2517,37,3079,38,2617,39,5,34.5
2026-04-18 12:27:40 AM,KXATPCHALLENGERMATCH-26APR18FOMSUN-FOM,34,21,33,391,32,2209,31,2192,30,400,35,788,36,2517,37,3079,38,2617,39,5,34.5
2026-04-18 12:27:40 AM,KXATPCHALLENGERMATCH-26APR18FOMSUN-FOM,34,21,33,391,32,2209,31,2192,30,400,35,753,36,2517,37,3079,38,2617,39,5,34.5
2026-04-18 12:27:42 AM,KXATPCHALLENGERMATCH-26APR18FOMSUN-FOM,34,21,33,391,32,2209,31,2192,30,400,35,788,36,2517,37,3079,38,2617,39,5,34.5
2026-04-18 12:27:46 AM,KXATPCHALLENGERMATCH-26APR18FOMSUN-FOM,34,21,33,391,32,2201,31,2192,30,400,35,788,36,2517,37,3079,38,2617,39,5,34.5
2026-04-18 12:27:46 AM,KXATPCHALLENGERMATCH-26APR18FOMSUN-FOM,34,21,33,386,32,2201,31,2192,30,400,35,788,36,2517,37,3079,38,2617,39,5,34.5
2026-04-18 12:27:46 AM,KXATPCHALLENGERMATCH-26APR18FOMSUN-FOM,34,21,33,386,32,2201,31,2192,30,400,35,788,36,2517,37,3079,38,2617,40,8,34.5
2026-04-18 12:27:46 AM,KXATPCHALLENGERMATCH-26APR18FOMSUN-FOM,34,21,33,386,32,2201,31,2192,30,400,35,788,36,2517,37,3079,38,2617,41,4844,34.5
2026-04-18 12:27:46 AM,KXATPCHALLENGERMATCH-26APR18FOMSUN-FOM,34,21,33,386,32,2201,31,2192,30,400,35,1288,36,2517,37,3079,38,2617,41,4844,34.5
2026-04-18 12:27:47 AM,KXATPCHALLENGERMATCH-26APR18FOMSUN-FOM,34,21,33,391,32,2201,31,2192,30,400,35,1288,36,2517,37,3079,38,2617,41,4844,34.5
2026-04-18 12:27:47 AM,KXATPCHALLENGERMATCH-26APR18FOMSUN-FOM,34,21,33,391,32,2209,31,2192,30,400,35,1288,36,2517,37,3079,38,2617,41,4844,34.5
2026-04-18 12:27:47 AM,KXATPCHALLENGERMATCH-26APR18FOMSUN-FOM,34,21,33,391,32,2209,31,2192,30,400,35,1288,36,2517,37,3079,38,2617,39,5,34.5
2026-04-18 12:27:51 AM,KXATPCHALLENGERMATCH-26APR18FOMSUN-FOM,34,21,33,391,32,2209,31,2192,30,400,35,1270,36,2517,37,3079,38,2617,39,5,34.5
2026-04-18 12:27:51 AM,KXATPCHALLENGERMATCH-26APR18FOMSUN-FOM,34,21,33,391,32,2209,31,2192,30,400,35,1235,36,2517,37,3079,38,2617,39,5,34.5
2026-04-18 12:27:52 AM,KXATPCHALLENGERMATCH-26APR18FOMSUN-FOM,34,21,33,391,32,2209,31,2192,30,400,35,1270,36,2517,37,3079,38,2617,39,5,34.5
2026-04-18 12:27:58 AM,KXATPCHALLENGERMATCH-26APR18FOMSUN-FOM,34,21,33,391,32,2209,31,2192,30,400,35,652,36,2517,37,3079,38,2617,39,5,34.5
2026-04-18 12:27:58 AM,KXATPCHALLENGERMATCH-26APR18FOMSUN-FOM,34,21,33,1412,32,2209,31,2192,30,400,35,652,36,2517,37,3079,38,2617,39,5,34.5
2026-04-18 12:27:59 AM,KXATPCHALLENGERMATCH-26APR18FOMSUN-FOM,34,21,33,1412,32,2209,31,2192,30,400,35,652,36,3097,37,3079,38,2617,39,5,34.5
2026-04-18 12:27:59 AM,KXATPCHALLENGERMATCH-26APR18FOMSUN-FOM,34,21,33,1412,32,2209,31,2192,30,400,35,652,36,3097,37,2497,38,2617,39,5,34.5
2026-04-18 12:28:16 AM,KXATPCHALLENGERMATCH-26APR18FOMSUN-FOM,34,21,33,1412,32,2209,31,2192,30,400,35,644,36,3097,37,2497,38,2617,39,5,34.5
2026-04-18 12:28:16 AM,KXATPCHALLENGERMATCH-26APR18FOMSUN-FOM,34,21,33,1412,32,2209,31,2192,30,400,35,609,36,3097,37,2497,38,2617,39,5,34.5
2026-04-18 12:28:19 AM,KXATPCHALLENGERMATCH-26APR18FOMSUN-FOM,34,21,33,1412,32,2209,31,2192,30,400,35,644,36,3097,37,2497,38,2617,39,5,34.5
2026-04-18 12:28:24 AM,KXATPCHALLENGERMATCH-26APR18FOMSUN-FOM,34,21,33,1412,32,2209,31,2192,30,400,35,644,36,4097,37,2497,38,2617,39,5,34.5
2026-04-18 12:28:36 AM,KXATPCHALLENGERMATCH-26APR18FOMSUN-FOM,34,21,33,1412,32,2209,31,2192,28,1548,35,644,36,4097,37,2497,38,2617,39,5,34.5
2026-04-18 12:28:40 AM,KXATPCHALLENGERMATCH-26APR18FOMSUN-FOM,34,21,33,1412,32,2209,31,2592,28,1548,35,644,36,4097,37,2497,38,2617,39,5,34.5
2026-04-18 12:28:41 AM,KXATPCHALLENGERMATCH-26APR18FOMSUN-FOM,34,21,33,1412,32,2209,31,2592,28,1548,35,644,36,3517,37,2497,38,2617,39,5,34.5
2026-04-18 12:28:41 AM,KXATPCHALLENGERMATCH-26APR18FOMSUN-FOM,34,21,33,1412,32,2209,31,2592,28,1548,35,644,36,3517,37,3077,38,2617,39,5,34.5
2026-04-18 12:29:10 AM,KXATPCHALLENGERMATCH-26APR18FOMSUN-FOM,34,21,33,1412,32,2209,31,2592,28,1548,35,610,36,3517,37,3077,38,2617,39,5,34.5
2026-04-18 12:29:10 AM,KXATPCHALLENGERMATCH-26APR18FOMSUN-FOM,34,21,33,1412,32,2209,31,2592,28,1548,35,610,36,3517,37,2497,38,2617,39,5,34.5
2026-04-18 12:29:11 AM,KXATPCHALLENGERMATCH-26APR18FOMSUN-FOM,34,21,33,1412,32,2209,31,2592,28,1548,35,610,36,3517,37,3077,38,2617,39,5,34.5
2026-04-18 12:29:11 AM,KXATPCHALLENGERMATCH-26APR18FOMSUN-FOM,34,21,33,1412,32,2529,31,2592,28,1548,35,610,36,3517,37,3077,38,2617,39,5,34.5
2026-04-18 12:29:11 AM,KXATPCHALLENGERMATCH-26APR18FOMSUN-FOM,34,21,33,1091,32,2529,31,2592,28,1548,35,610,36,3517,37,3077,38,2617,39,5,34.5
2026-04-18 12:29:11 AM,KXATPCHALLENGERMATCH-26APR18FOMSUN-FOM,34,21,33,1091,32,2209,31,2592,28,1548,35,610,36,3517,37,3077,38,2617,39,5,34.5
2026-04-18 12:29:23 AM,KXATPCHALLENGERMATCH-26APR18FOMSUN-FOM,34,21,33,1410,32,2209,31,2592,28,1548,35,610,36,3517,37,3077,38,2617,39,5,34.5
2026-04-18 12:29:23 AM,KXATPCHALLENGERMATCH-26APR18FOMSUN-FOM,34,21,33,1410,32,2209,31,2592,28,1548,35,610,36,4097,37,3077,38,2617,39,5,34.5
2026-04-18 12:29:23 AM,KXATPCHALLENGERMATCH-26APR18FOMSUN-FOM,34,21,33,1410,32,2209,31,2592,28,1548,35,610,36,4097,37,2497,38,2617,39,5,34.5
2026-04-18 12:29:24 AM,KXATPCHALLENGERMATCH-26APR18FOMSUN-FOM,34,21,33,1410,32,2209,31,2592,28,1548,35,647,36,4097,37,2497,38,2617,39,5,34.5
2026-04-18 12:29:25 AM,KXATPCHALLENGERMATCH-26APR18FOMSUN-FOM,34,21,33,1410,32,2209,31,2592,28,1548,35,610,36,4097,37,2497,38,2617,39,5,34.5
2026-04-18 12:29:45 AM,KXATPCHALLENGERMATCH-26APR18FOMSUN-FOM,34,21,33,1410,32,2209,31,2592,28,1548,35,610,36,4097,37,3077,38,2617,39,5,34.5
2026-04-18 12:29:45 AM,KXATPCHALLENGERMATCH-26APR18FOMSUN-FOM,34,21,33,1410,32,2209,31,2592,28,1548,35,610,36,3517,37,3077,38,2617,39,5,34.5
2026-04-18 12:30:00 AM,KXATPCHALLENGERMATCH-26APR18FOMSUN-FOM,34,21,33,1410,32,2209,31,2592,28,1548,35,610,36,3517,37,3067,38,2617,39,5,34.5
2026-04-18 12:30:00 AM,KXATPCHALLENGERMATCH-26APR18FOMSUN-FOM,34,21,33,1400,32,2209,31,2592,28,1548,35,610,36,3517,37,3067,38,2617,39,5,34.5
2026-04-18 12:30:00 AM,KXATPCHALLENGERMATCH-26APR18FOMSUN-FOM,34,21,33,1390,32,2209,31,2592,28,1548,35,610,36,3517,37,3067,38,2617,39,5,34.5
2026-04-18 12:30:00 AM,KXATPCHALLENGERMATCH-26APR18FOMSUN-FOM,34,21,33,1390,32,2209,31,2592,28,1548,35,610,36,3517,37,3057,38,2617,39,5,34.5
2026-04-18 12:30:00 AM,KXATPCHALLENGERMATCH-26APR18FOMSUN-FOM,34,21,33,1390,32,2209,31,2592,28,1548,35,600,36,3517,37,3057,38,2617,39,5,34.5
2026-04-18 12:30:00 AM,KXATPCHALLENGERMATCH-26APR18FOMSUN-FOM,34,21,33,1390,32,2209,31,2592,28,1548,35,600,36,3517,37,3067,38,2617,39,5,34.5
2026-04-18 12:30:01 AM,KXATPCHALLENGERMATCH-26APR18FOMSUN-FOM,34,21,33,1390,32,2209,31,2592,28,1548,35,600,36,4097,37,3067,38,2617,39,5,34.5
2026-04-18 12:30:01 AM,KXATPCHALLENGERMATCH-26APR18FOMSUN-FOM,34,21,33,1390,32,2209,31,2592,28,1548,35,600,36,4097,37,2487,38,2617,39,5,34.5
2026-04-18 12:30:02 AM,KXATPCHALLENGERMATCH-26APR18FOMSUN-FOM,34,21,33,1390,32,2209,31,2592,29,59,35,600,36,4097,37,2487,38,2617,39,5,34.5
2026-04-18 12:30:37 AM,KXATPCHALLENGERMATCH-26APR18FOMSUN-FOM,34,21,33,1390,32,2209,31,2592,29,59,35,556,36,4097,37,2487,38,2617,39,5,34.5
2026-04-18 12:30:37 AM,KXATPCHALLENGERMATCH-26APR18FOMSUN-FOM,34,21,33,1390,32,2209,31,2592,29,59,35,551,36,4097,37,2487,38,2617,39,5,34.5
2026-04-18 12:30:37 AM,KXATPCHALLENGERMATCH-26APR18FOMSUN-FOM,34,21,33,1390,32,2209,31,2592,29,59,35,443,36,4097,37,2487,38,2617,39,5,34.5
2026-04-18 12:30:37 AM,KXATPCHALLENGERMATCH-26APR18FOMSUN-FOM,34,21,33,1390,32,2209,31,2592,29,59,35,408,36,4097,37,2487,38,2617,39,5,34.5
2026-04-18 12:30:45 AM,KXATPCHALLENGERMATCH-26APR18FOMSUN-FOM,34,21,33,1390,32,2209,31,2592,29,59,35,413,36,4097,37,2487,38,2617,39,5,34.5
2026-04-18 12:30:56 AM,KXATPCHALLENGERMATCH-26APR18FOMSUN-FOM,34,21,33,1390,32,2209,31,2592,29,59,35,413,36,4097,37,2487,38,2617,39,1005,34.5
2026-04-18 12:31:16 AM,KXATPCHALLENGERMATCH-26APR18FOMSUN-FOM,34,21,33,1390,32,2209,31,2592,29,59,35,413,36,4097,37,3067,38,2617,39,1005,34.5
2026-04-18 12:31:16 AM,KXATPCHALLENGERMATCH-26APR18FOMSUN-FOM,34,21,33,1390,32,2209,31,2592,29,59,35,413,36,3517,37,3067,38,2617,39,1005,34.5
2026-04-18 12:31:20 AM,KXATPCHALLENGERMATCH-26APR18FOMSUN-FOM,34,21,33,1390,32,2199,31,2592,29,59,35,413,36,3517,37,3067,38,2617,39,1005,34.5
2026-04-18 12:31:20 AM,KXATPCHALLENGERMATCH-26APR18FOMSUN-FOM,34,32,33,1390,32,2199,31,2592,29,59,35,413,36,3517,37,3067,38,2617,39,1005,34.5
2026-04-18 12:31:20 AM,KXATPCHALLENGERMATCH-26APR18FOMSUN-FOM,34,32,33,1390,32,2199,31,2592,29,59,35,413,36,3517,37,2487,38,2617,39,1005,34.5
2026-04-18 12:31:25 AM,KXATPCHALLENGERMATCH-26APR18FOMSUN-FOM,34,32,33,1390,32,2199,31,2592,29,59,35,413,36,3517,37,3067,38,2617,39,1005,34.5
2026-04-18 12:31:25 AM,KXATPCHALLENGERMATCH-26APR18FOMSUN-FOM,34,32,33,2122,32,2199,31,2592,29,59,35,413,36,3517,37,3067,38,2617,39,1005,34.5
2026-04-18 12:31:25 AM,KXATPCHALLENGERMATCH-26APR18FOMSUN-FOM,34,32,33,2122,32,2199,31,1860,29,59,35,413,36,3517,37,3067,38,2617,39,1005,34.5
2026-04-18 12:31:33 AM,KXATPCHALLENGERMATCH-26APR18FOMSUN-FOM,34,32,33,2122,32,2199,31,1860,29,59,35,413,36,4097,37,3067,38,2617,39,1005,34.5
2026-04-18 12:31:34 AM,KXATPCHALLENGERMATCH-26APR18FOMSUN-FOM,34,32,33,2122,32,2199,31,1860,29,59,35,413,36,4097,37,2487,38,2617,39,1005,34.5
2026-04-18 12:31:36 AM,KXATPCHALLENGERMATCH-26APR18FOMSUN-FOM,34,32,33,2122,32,2199,31,1860,29,59,35,413,36,4097,37,1755,38,2617,39,1005,34.5
2026-04-18 12:31:36 AM,KXATPCHALLENGERMATCH-26APR18FOMSUN-FOM,34,32,33,2122,32,2199,31,1860,29,59,35,413,36,4097,37,1755,38,2617,39,1737,34.5
2026-04-18 12:31:37 AM,KXATPCHALLENGERMATCH-26APR18FOMSUN-FOM,34,21,33,2122,32,2199,31,1860,29,59,35,413,36,4097,37,1755,38,2617,39,1737,34.5
2026-04-18 12:31:37 AM,KXATPCHALLENGERMATCH-26APR18FOMSUN-FOM,34,21,33,2122,32,2209,31,1860,29,59,35,413,36,4097,37,1755,38,2617,39,1737,34.5
2026-04-18 12:31:37 AM,KXATPCHALLENGERMATCH-26APR18FOMSUN-FOM,34,21,33,2122,32,2209,31,1860,29,59,35,413,36,3517,37,1755,38,2617,39,1737,34.5
2026-04-18 12:31:38 AM,KXATPCHALLENGERMATCH-26APR18FOMSUN-FOM,34,21,33,2122,32,2209,31,1860,29,59,35,413,36,3517,37,1745,38,2617,39,1737,34.5
2026-04-18 12:31:38 AM,KXATPCHALLENGERMATCH-26APR18FOMSUN-FOM,34,21,33,2122,32,2209,31,1860,29,59,35,423,36,3517,37,1745,38,2617,39,1737,34.5
2026-04-18 12:31:38 AM,KXATPCHALLENGERMATCH-26APR18FOMSUN-FOM,34,21,33,2132,32,2209,31,1860,29,59,35,423,36,3517,37,1745,38,2617,39,1737,34.5
2026-04-18 12:31:38 AM,KXATPCHALLENGERMATCH-26APR18FOMSUN-FOM,34,21,33,2142,32,2209,31,1860,29,59,35,423,36,3517,37,1745,38,2617,39,1737,34.5
2026-04-18 12:31:39 AM,KXATPCHALLENGERMATCH-26APR18FOMSUN-FOM,34,21,33,2142,32,2209,31,1860,29,59,35,423,36,3517,37,1755,38,2617,39,1737,34.5
2026-04-18 12:31:39 AM,KXATPCHALLENGERMATCH-26APR18FOMSUN-FOM,34,21,33,2142,32,2209,31,1860,29,59,35,423,36,3517,37,1765,38,2617,39,1737,34.5
2026-04-18 12:31:42 AM,KXATPCHALLENGERMATCH-26APR18FOMSUN-FOM,34,21,33,2142,32,2209,31,1860,29,59,35,423,36,3517,37,2345,38,2617,39,1737,34.5
2026-04-18 12:31:42 AM,KXATPCHALLENGERMATCH-26APR18FOMSUN-FOM,34,21,33,2142,32,2209,31,1860,29,59,35,423,36,3517,37,3077,38,2617,39,1737,34.5
2026-04-18 12:31:43 AM,KXATPCHALLENGERMATCH-26APR18FOMSUN-FOM,34,21,33,2142,32,2209,31,1860,29,59,35,423,36,3517,37,3077,38,2617,39,1005,34.5
2026-04-18 12:33:57 AM,KXATPCHALLENGERMATCH-26APR18FOMSUN-FOM,34,21,33,2142,32,2209,31,1860,29,59,35,458,36,3517,37,3077,38,2617,39,1005,34.5
2026-04-18 12:34:17 AM,KXATPCHALLENGERMATCH-26APR18FOMSUN-FOM,34,21,33,2142,32,2209,31,1860,29,59,35,442,36,3517,37,3077,38,2617,39,1005,34.5
2026-04-18 12:34:17 AM,KXATPCHALLENGERMATCH-26APR18FOMSUN-FOM,34,21,33,2142,32,2209,31,1860,29,59,35,407,36,3517,37,3077,38,2617,39,1005,34.5
2026-04-18 12:35:45 AM,KXATPCHALLENGERMATCH-26APR18FOMSUN-FOM,34,21,33,2142,32,2209,31,1860,29,59,35,394,36,3517,37,3077,38,2617,39,1005,34.5
2026-04-18 12:36:10 AM,KXATPCHALLENGERMATCH-26APR18FOMSUN-FOM,34,21,33,2142,32,2209,31,1860,29,59,35,33,36,3517,37,3077,38,2617,39,1005,34.5
2026-04-18 12:36:10 AM,KXATPCHALLENGERMATCH-26APR18FOMSUN-FOM,34,21,33,2142,32,2209,31,1860,29,59,35,28,36,3517,37,3077,38,2617,39,1005,34.5
2026-04-18 12:36:10 AM,KXATPCHALLENGERMATCH-26APR18FOMSUN-FOM,34,21,33,2142,32,2209,31,1860,29,59,35,18,36,3517,37,3077,38,2617,39,1005,34.5
2026-04-18 12:36:10 AM,KXATPCHALLENGERMATCH-26APR18FOMSUN-FOM,34,21,33,2142,32,2209,31,1860,29,59,35,18,36,3522,37,3077,38,2617,39,1005,34.5
2026-04-18 12:36:10 AM,KXATPCHALLENGERMATCH-26APR18FOMSUN-FOM,34,21,33,2142,32,2209,31,1860,29,59,35,18,36,3522,37,3077,38,2584,39,1005,34.5
2026-04-18 12:36:10 AM,KXATPCHALLENGERMATCH-26APR18FOMSUN-FOM,34,21,33,2142,32,2209,31,1860,29,59,35,18,36,3522,37,3077,38,2584,39,1039,34.5
2026-04-18 12:36:10 AM,KXATPCHALLENGERMATCH-26APR18FOMSUN-FOM,34,21,33,2142,32,2209,31,1860,29,59,35,18,36,3522,37,2497,38,2584,39,1039,34.5
2026-04-18 12:36:13 AM,KXATPCHALLENGERMATCH-26APR18FOMSUN-FOM,34,21,33,2142,32,2209,31,1860,29,59,35,53,36,3522,37,2497,38,2584,39,1039,34.5
2026-04-18 12:36:13 AM,KXATPCHALLENGERMATCH-26APR18FOMSUN-FOM,34,21,33,2142,32,2209,31,1860,29,59,35,63,36,3522,37,2497,38,2584,39,1039,34.5
2026-04-18 12:36:13 AM,KXATPCHALLENGERMATCH-26APR18FOMSUN-FOM,34,21,33,2142,32,2209,31,1860,29,59,35,63,36,3522,37,3077,38,2584,39,1039,34.5
2026-04-18 12:37:27 AM,KXATPCHALLENGERMATCH-26APR18FOMSUN-FOM,34,21,33,2142,32,2209,31,1860,29,59,35,57,36,3522,37,3077,38,2584,39,1039,34.5
2026-04-18 12:37:27 AM,KXATPCHALLENGERMATCH-26APR18FOMSUN-FOM,34,21,33,2142,32,2209,31,1860,29,59,35,29,36,3522,37,3077,38,2584,39,1039,34.5
2026-04-18 12:37:27 AM,KXATPCHALLENGERMATCH-26APR18FOMSUN-FOM,34,21,33,2142,32,2209,31,1860,29,59,35,19,36,3522,37,3077,38,2584,39,1039,34.5
2026-04-18 12:37:27 AM,KXATPCHALLENGERMATCH-26APR18FOMSUN-FOM,34,21,33,2142,32,2209,31,1860,29,59,35,19,36,3522,37,3087,38,2584,39,1039,34.5
2026-04-18 12:37:27 AM,KXATPCHALLENGERMATCH-26APR18FOMSUN-FOM,34,21,33,2142,32,2209,31,1860,29,59,35,19,36,3522,37,2507,38,2584,39,1039,34.5
2026-04-18 12:37:29 AM,KXATPCHALLENGERMATCH-26APR18FOMSUN-FOM,34,21,33,2142,32,2209,31,1860,29,59,35,54,36,3522,37,2507,38,2584,39,1039,34.5
2026-04-18 12:37:29 AM,KXATPCHALLENGERMATCH-26APR18FOMSUN-FOM,34,21,33,2142,32,2209,31,1860,29,59,35,54,36,3522,37,2497,38,2584,39,1039,34.5
2026-04-18 12:37:29 AM,KXATPCHALLENGERMATCH-26APR18FOMSUN-FOM,34,21,33,2142,32,2209,31,1860,29,59,35,64,36,3522,37,2497,38,2584,39,1039,34.5
2026-04-18 12:37:29 AM,KXATPCHALLENGERMATCH-26APR18FOMSUN-FOM,34,21,33,2142,32,2209,31,1860,29,59,35,64,36,3522,37,3077,38,2584,39,1039,34.5
2026-04-18 12:38:47 AM,KXATPCHALLENGERMATCH-26APR18FOMSUN-FOM,34,21,33,2137,32,2209,31,1860,29,59,35,64,36,3522,37,3077,38,2584,39,1039,34.5
2026-04-18 12:38:47 AM,KXATPCHALLENGERMATCH-26APR18FOMSUN-FOM,34,21,33,2137,32,2201,31,1860,29,59,35,64,36,3522,37,3077,38,2584,39,1039,34.5
2026-04-18 12:38:47 AM,KXATPCHALLENGERMATCH-26APR18FOMSUN-FOM,34,21,33,2137,32,2201,31,1860,29,59,35,64,36,3522,37,3077,38,2584,39,1034,34.5
2026-04-18 12:38:47 AM,KXATPCHALLENGERMATCH-26APR18FOMSUN-FOM,34,21,33,2142,32,2201,31,1860,29,59,35,64,36,3522,37,3077,38,2584,39,1034,34.5
2026-04-18 12:38:47 AM,KXATPCHALLENGERMATCH-26APR18FOMSUN-FOM,34,21,33,2142,32,2209,31,1860,29,59,35,64,36,3522,37,3077,38,2584,39,1034,34.5
2026-04-18 12:38:47 AM,KXATPCHALLENGERMATCH-26APR18FOMSUN-FOM,34,21,33,2142,32,2209,31,1860,29,59,35,64,36,3522,37,3077,38,2584,39,1039,34.5
2026-04-18 12:38:57 AM,KXATPCHALLENGERMATCH-26APR18FOMSUN-FOM,34,21,33,2142,32,2529,31,1860,29,59,35,64,36,3522,37,3077,38,2584,39,1039,34.5
2026-04-18 12:38:57 AM,KXATPCHALLENGERMATCH-26APR18FOMSUN-FOM,34,21,33,2142,32,2529,31,1860,29,59,35,64,36,4102,37,3077,38,2584,39,1039,34.5
2026-04-18 12:38:57 AM,KXATPCHALLENGERMATCH-26APR18FOMSUN-FOM,34,21,33,1823,32,2529,31,1860,29,59,35,64,36,4102,37,3077,38,2584,39,1039,34.5
2026-04-18 12:38:57 AM,KXATPCHALLENGERMATCH-26APR18FOMSUN-FOM,34,21,33,1823,32,2209,31,1860,29,59,35,64,36,4102,37,3077,38,2584,39,1039,34.5
2026-04-18 12:38:57 AM,KXATPCHALLENGERMATCH-26APR18FOMSUN-FOM,34,21,33,1823,32,2209,31,1860,29,59,35,64,36,4102,37,2497,38,2584,39,1039,34.5
2026-04-18 12:39:01 AM,KXATPCHALLENGERMATCH-26APR18FOMSUN-FOM,34,21,33,1823,32,2209,31,1860,29,59,35,64,36,4102,37,1765,38,2584,39,1039,34.5
2026-04-18 12:39:01 AM,KXATPCHALLENGERMATCH-26APR18FOMSUN-FOM,34,21,33,1823,32,2209,31,1860,29,59,35,64,36,4102,37,1765,38,2584,39,1771,34.5
2026-04-18 12:39:04 AM,KXATPCHALLENGERMATCH-26APR18FOMSUN-FOM,34,21,33,1823,32,2209,31,1860,29,59,35,64,36,3522,37,1765,38,2584,39,1771,34.5
2026-04-18 12:39:05 AM,KXATPCHALLENGERMATCH-26APR18FOMSUN-FOM,34,21,33,2141,32,2209,31,1860,29,59,35,64,36,3522,37,1765,38,2584,39,1771,34.5
2026-04-18 12:39:05 AM,KXATPCHALLENGERMATCH-26APR18FOMSUN-FOM,34,21,33,2141,32,2209,31,1860,29,59,35,64,36,3522,37,2345,38,2584,39,1771,34.5
2026-04-18 12:39:05 AM,KXATPCHALLENGERMATCH-26APR18FOMSUN-FOM,34,21,33,2141,32,2209,31,1860,29,59,35,64,36,3522,37,3077,38,2584,39,1771,34.5
2026-04-18 12:39:05 AM,KXATPCHALLENGERMATCH-26APR18FOMSUN-FOM,34,21,33,2141,32,2209,31,1860,29,59,35,64,36,3522,37,3077,38,2584,39,1039,34.5
2026-04-18 12:39:06 AM,KXATPCHALLENGERMATCH-26APR18FOMSUN-FOM,34,3221,33,2141,32,2209,31,1860,29,59,35,64,36,3522,37,3077,38,2584,39,1039,34.5
2026-04-18 12:39:06 AM,KXATPCHALLENGERMATCH-26APR18FOMSUN-FOM,34,3221,33,2141,32,2209,31,1860,29,59,35,29,36,3522,37,3077,38,2584,39,1039,34.5
2026-04-18 12:39:06 AM,KXATPCHALLENGERMATCH-26APR18FOMSUN-FOM,34,3221,33,2141,32,2209,31,1860,29,59,35,19,36,3522,37,3077,38,2584,39,1039,34.5
2026-04-18 12:39:06 AM,KXATPCHALLENGERMATCH-26APR18FOMSUN-FOM,34,3221,33,2141,32,2209,31,1860,29,59,35,19,36,3522,37,3087,38,2584,39,1039,34.5
2026-04-18 12:39:06 AM,KXATPCHALLENGERMATCH-26APR18FOMSUN-FOM,34,3221,33,2141,32,2209,31,1860,29,59,35,19,36,3522,37,2507,38,2584,39,1039,34.5
2026-04-18 12:39:14 AM,KXATPCHALLENGERMATCH-26APR18FOMSUN-FOM,34,3221,33,2141,32,2209,31,1860,29,59,35,19,36,3522,37,3087,38,2584,39,1039,34.5
2026-04-18 12:39:24 AM,KXATPCHALLENGERMATCH-26APR18FOMSUN-FOM,34,3221,33,2141,32,2209,31,1860,29,59,35,19,36,3519,37,3087,38,2584,39,1039,34.5
2026-04-18 12:39:46 AM,KXATPCHALLENGERMATCH-26APR18FOMSUN-FOM,34,3221,33,2141,32,2209,31,1860,29,59,35,19,36,3504,37,3087,38,2584,39,1039,34.5
2026-04-18 12:39:56 AM,KXATPCHALLENGERMATCH-26APR18FOMSUN-FOM,34,3221,33,2141,32,2209,31,1860,29,59,35,19,36,4084,37,3087,38,2584,39,1039,34.5
2026-04-18 12:39:56 AM,KXATPCHALLENGERMATCH-26APR18FOMSUN-FOM,34,3221,33,2141,32,2209,31,1860,29,59,35,19,36,4084,37,2507,38,2584,39,1039,34.5
2026-04-18 12:39:59 AM,KXATPCHALLENGERMATCH-26APR18FOMSUN-FOM,34,3221,33,2141,32,2209,31,1860,29,59,35,19,36,3504,37,2507,38,2584,39,1039,34.5
2026-04-18 12:40:00 AM,KXATPCHALLENGERMATCH-26APR18FOMSUN-FOM,34,3221,33,2131,32,2209,31,1860,29,59,35,19,36,3504,37,2507,38,2584,39,1039,34.5
2026-04-18 12:40:00 AM,KXATPCHALLENGERMATCH-26APR18FOMSUN-FOM,34,3221,33,2121,32,2209,31,1860,29,59,35,19,36,3504,37,2507,38,2584,39,1039,34.5
2026-04-18 12:40:00 AM,KXATPCHALLENGERMATCH-26APR18FOMSUN-FOM,34,3221,33,2121,32,2209,31,1860,29,59,35,19,36,3504,37,2497,38,2584,39,1039,34.5
2026-04-18 12:40:00 AM,KXATPCHALLENGERMATCH-26APR18FOMSUN-FOM,34,3221,33,2121,32,2209,31,1860,29,59,35,19,36,3504,37,2487,38,2584,39,1039,34.5
2026-04-18 12:40:00 AM,KXATPCHALLENGERMATCH-26APR18FOMSUN-FOM,34,3221,33,2121,32,2209,31,1860,29,59,35,19,36,3504,37,1755,38,2584,39,1039,34.5
2026-04-18 12:40:00 AM,KXATPCHALLENGERMATCH-26APR18FOMSUN-FOM,34,3221,33,2121,32,2209,31,1860,29,59,35,19,36,3504,37,1755,38,2584,39,1771,34.5
2026-04-18 12:40:01 AM,KXATPCHALLENGERMATCH-26APR18FOMSUN-FOM,34,3221,33,2121,32,2209,31,1860,29,59,35,19,36,3504,37,1790,38,2584,39,1771,34.5
2026-04-18 12:40:05 AM,KXATPCHALLENGERMATCH-26APR18FOMSUN-FOM,34,3221,33,2121,32,2209,31,1860,29,59,35,19,36,3504,37,2358,38,2584,39,1771,34.5
2026-04-18 12:40:05 AM,KXATPCHALLENGERMATCH-26APR18FOMSUN-FOM,34,3221,33,2121,32,2209,31,1860,29,59,35,19,36,3504,37,2358,38,2584,39,1039,34.5
2026-04-18 12:40:05 AM,KXATPCHALLENGERMATCH-26APR18FOMSUN-FOM,34,3221,33,2121,32,2209,31,1860,29,59,35,19,36,3504,37,3090,38,2584,39,1039,34.5
2026-04-18 12:40:42 AM,KXATPCHALLENGERMATCH-26APR18FOMSUN-FOM,34,3221,33,2121,32,2209,31,1860,29,59,35,19,36,3504,37,2358,38,2584,39,1039,34.5
2026-04-18 12:40:42 AM,KXATPCHALLENGERMATCH-26APR18FOMSUN-FOM,34,3221,33,2121,32,2209,31,1860,29,59,35,19,36,3504,37,2358,38,2584,39,1771,34.5
2026-04-18 12:40:42 AM,KXATPCHALLENGERMATCH-26APR18FOMSUN-FOM,34,3221,33,2121,32,2209,31,1860,29,59,35,19,36,3549,37,2358,38,2584,39,1771,34.5
2026-04-18 12:40:44 AM,KXATPCHALLENGERMATCH-26APR18FOMSUN-FOM,34,3221,33,2111,32,2209,31,1860,29,59,35,19,36,3549,37,2358,38,2584,39,1771,34.5
2026-04-18 12:40:44 AM,KXATPCHALLENGERMATCH-26APR18FOMSUN-FOM,34,3221,33,2111,32,2209,31,1875,29,59,35,19,36,3549,37,2358,38,2584,39,1771,34.5
2026-04-18 12:40:44 AM,KXATPCHALLENGERMATCH-26APR18FOMSUN-FOM,34,3221,33,2111,32,2209,31,1875,29,59,35,19,36,3549,37,2358,38,2584,39,1039,34.5
2026-04-18 12:40:44 AM,KXATPCHALLENGERMATCH-26APR18FOMSUN-FOM,34,3221,33,1090,32,2209,31,1875,29,59,35,19,36,3549,37,2358,38,2584,39,1039,34.5
2026-04-18 12:40:44 AM,KXATPCHALLENGERMATCH-26APR18FOMSUN-FOM,34,3221,33,868,32,2209,31,1875,29,59,35,19,36,3549,37,2358,38,2584,39,1039,34.5
2026-04-18 12:40:44 AM,KXATPCHALLENGERMATCH-26APR18FOMSUN-FOM,34,3221,33,833,32,2209,31,1875,29,59,35,19,36,3549,37,2358,38,2584,39,1039,34.5
2026-04-18 12:40:44 AM,KXATPCHALLENGERMATCH-26APR18FOMSUN-FOM,34,3221,33,833,32,2209,31,1875,29,59,35,19,36,4117,37,2358,38,2584,39,1039,34.5
2026-04-18 12:40:44 AM,KXATPCHALLENGERMATCH-26APR18FOMSUN-FOM,34,3221,33,833,32,2209,31,1860,29,59,35,19,36,4117,37,2358,38,2584,39,1039,34.5
2026-04-18 12:40:44 AM,KXATPCHALLENGERMATCH-26APR18FOMSUN-FOM,34,3221,33,844,32,2209,31,1860,29,59,35,19,36,4117,37,2358,38,2584,39,1039,34.5
2026-04-18 12:40:44 AM,KXATPCHALLENGERMATCH-26APR18FOMSUN-FOM,34,3221,33,844,32,2309,31,1860,29,59,35,19,36,4117,37,2358,38,2584,39,1039,34.5
2026-04-18 12:40:44 AM,KXATPCHALLENGERMATCH-26APR18FOMSUN-FOM,34,3221,33,748,32,2309,31,1860,29,59,35,19,36,4117,37,2358,38,2584,39,1039,34.5
2026-04-18 12:40:44 AM,KXATPCHALLENGERMATCH-26APR18FOMSUN-FOM,34,3221,33,737,32,2309,31,1860,29,59,35,19,36,4117,37,2358,38,2584,39,1039,34.5
2026-04-18 12:40:44 AM,KXATPCHALLENGERMATCH-26APR18FOMSUN-FOM,34,3221,33,737,32,2309,31,1870,29,59,35,19,36,4117,37,2358,38,2584,39,1039,34.5
2026-04-18 12:40:45 AM,KXATPCHALLENGERMATCH-26APR18FOMSUN-FOM,34,3221,33,737,32,2309,31,1870,29,59,35,19,36,4117,37,1790,38,2584,39,1039,34.5
2026-04-18 12:40:45 AM,KXATPCHALLENGERMATCH-26APR18FOMSUN-FOM,34,3221,33,737,32,2309,31,1870,29,59,35,19,36,4117,37,2522,38,2584,39,1039,34.5
2026-04-18 12:40:49 AM,KXATPCHALLENGERMATCH-26APR18FOMSUN-FOM,34,3221,33,737,32,2309,31,1870,29,59,35,19,36,4166,37,2522,38,2584,39,1039,34.5
2026-04-18 12:40:56 AM,KXATPCHALLENGERMATCH-26APR18FOMSUN-FOM,34,3221,33,834,32,2309,31,1870,29,59,35,19,36,4166,37,2522,38,2584,39,1039,34.5
2026-04-18 12:40:56 AM,KXATPCHALLENGERMATCH-26APR18FOMSUN-FOM,34,3221,33,834,32,2309,31,1860,29,59,35,19,36,4166,37,2522,38,2584,39,1039,34.5
2026-04-18 12:40:56 AM,KXATPCHALLENGERMATCH-26APR18FOMSUN-FOM,34,3221,33,845,32,2309,31,1860,29,59,35,19,36,4166,37,2522,38,2584,39,1039,34.5
2026-04-18 12:40:57 AM,KXATPCHALLENGERMATCH-26APR18FOMSUN-FOM,34,3221,33,845,32,2209,31,1860,29,59,35,19,36,4166,37,2522,38,2584,39,1039,34.5
2026-04-18 12:40:57 AM,KXATPCHALLENGERMATCH-26APR18FOMSUN-FOM,34,3221,33,855,32,2209,31,1860,29,59,35,19,36,4166,37,2522,38,2584,39,1039,34.5
2026-04-18 12:40:57 AM,KXATPCHALLENGERMATCH-26APR18FOMSUN-FOM,34,3221,33,865,32,2209,31,1860,29,59,35,19,36,4166,37,2522,38,2584,39,1039,34.5
2026-04-18 12:40:57 AM,KXATPCHALLENGERMATCH-26APR18FOMSUN-FOM,34,3221,33,865,32,2209,31,1860,29,59,35,19,36,4166,37,2532,38,2584,39,1039,34.5
2026-04-18 12:40:57 AM,KXATPCHALLENGERMATCH-26APR18FOMSUN-FOM,34,3221,33,865,32,2209,31,1860,29,59,35,19,36,4166,37,2542,38,2584,39,1039,34.5
2026-04-18 12:40:57 AM,KXATPCHALLENGERMATCH-26APR18FOMSUN-FOM,34,3221,33,865,32,2209,31,1860,29,59,35,19,36,4215,37,2542,38,2584,39,1039,34.5
2026-04-18 12:40:57 AM,KXATPCHALLENGERMATCH-26APR18FOMSUN-FOM,34,3221,33,865,32,2209,31,1860,29,59,35,19,36,4166,37,2542,38,2584,39,1039,34.5
2026-04-18 12:41:07 AM,KXATPCHALLENGERMATCH-26APR18FOMSUN-FOM,34,3221,33,865,32,2209,31,1860,29,59,35,19,36,4117,37,2542,38,2584,39,1039,34.5
2026-04-18 12:41:07 AM,KXATPCHALLENGERMATCH-26APR18FOMSUN-FOM,34,3221,33,865,32,2209,31,1860,29,59,35,19,36,4166,37,2542,38,2584,39,1039,34.5
2026-04-18 12:41:12 AM,KXATPCHALLENGERMATCH-26APR18FOMSUN-FOM,34,3221,33,800,32,2209,31,1860,29,59,35,19,36,4166,37,2542,38,2584,39,1039,34.5
2026-04-18 12:41:17 AM,KXATPCHALLENGERMATCH-26APR18FOMSUN-FOM,34,3221,33,800,32,2209,31,1860,29,59,35,19,36,4117,37,2542,38,2584,39,1039,34.5
2026-04-18 12:41:17 AM,KXATPCHALLENGERMATCH-26APR18FOMSUN-FOM,34,3221,33,800,32,2209,31,1860,29,59,35,19,36,4166,37,2542,38,2584,39,1039,34.5
2026-04-18 12:41:20 AM,KXATPCHALLENGERMATCH-26APR18FOMSUN-FOM,34,3221,33,792,32,2209,31,1860,29,59,35,19,36,4166,37,2542,38,2584,39,1039,34.5
2026-04-18 12:41:27 AM,KXATPCHALLENGERMATCH-26APR18FOMSUN-FOM,34,3221,33,792,32,2209,31,1860,29,59,35,19,36,4215,37,2542,38,2584,39,1039,34.5
2026-04-18 12:41:27 AM,KXATPCHALLENGERMATCH-26APR18FOMSUN-FOM,34,3221,33,792,32,2209,31,1860,29,59,35,19,36,4166,37,2542,38,2584,39,1039,34.5
2026-04-18 12:41:28 AM,KXATPCHALLENGERMATCH-26APR18FOMSUN-FOM,34,3221,33,781,32,2209,31,1860,29,59,35,19,36,4166,37,2542,38,2584,39,1039,34.5
2026-04-18 12:41:28 AM,KXATPCHALLENGERMATCH-26APR18FOMSUN-FOM,34,3221,33,781,32,2209,31,1871,29,59,35,19,36,4166,37,2542,38,2584,39,1039,34.5
2026-04-18 12:41:28 AM,KXATPCHALLENGERMATCH-26APR18FOMSUN-FOM,34,3221,33,757,32,2209,31,1871,29,59,35,19,36,4166,37,2542,38,2584,39,1039,34.5
2026-04-18 12:41:28 AM,KXATPCHALLENGERMATCH-26APR18FOMSUN-FOM,34,3221,33,939,32,2209,31,1871,29,59,35,19,36,4166,37,2542,38,2584,39,1039,34.5
2026-04-18 12:41:28 AM,KXATPCHALLENGERMATCH-26APR18FOMSUN-FOM,34,3221,33,939,32,2209,31,1860,29,59,35,19,36,4166,37,2542,38,2584,39,1039,34.5
2026-04-18 12:41:28 AM,KXATPCHALLENGERMATCH-26APR18FOMSUN-FOM,34,3221,33,949,32,2209,31,1860,29,59,35,19,36,4166,37,2542,38,2584,39,1039,34.5
2026-04-18 12:41:37 AM,KXATPCHALLENGERMATCH-26APR18FOMSUN-FOM,34,3221,33,949,32,2209,31,1860,29,59,35,19,36,4215,37,2542,38,2584,39,1039,34.5
2026-04-18 12:41:37 AM,KXATPCHALLENGERMATCH-26APR18FOMSUN-FOM,34,3221,33,949,32,2209,31,1860,29,59,35,19,36,4166,37,2542,38,2584,39,1039,34.5
2026-04-18 12:41:39 AM,KXATPCHALLENGERMATCH-26APR18FOMSUN-FOM,34,3221,33,939,32,2209,31,1860,29,59,35,19,36,4166,37,2542,38,2584,39,1039,34.5
2026-04-18 12:41:39 AM,KXATPCHALLENGERMATCH-26APR18FOMSUN-FOM,34,3221,33,939,32,2209,31,1870,29,59,35,19,36,4166,37,2542,38,2584,39,1039,34.5
2026-04-18 12:41:39 AM,KXATPCHALLENGERMATCH-26APR18FOMSUN-FOM,34,3221,33,939,32,2209,31,1860,29,59,35,19,36,4166,37,2542,38,2584,39,1039,34.5
2026-04-18 12:41:39 AM,KXATPCHALLENGERMATCH-26APR18FOMSUN-FOM,34,3221,33,949,32,2209,31,1860,29,59,35,19,36,4166,37,2542,38,2584,39,1039,34.5
2026-04-18 12:41:39 AM,KXATPCHALLENGERMATCH-26APR18FOMSUN-FOM,34,3221,33,809,32,2209,31,1860,29,59,35,19,36,4166,37,2542,38,2584,39,1039,34.5
2026-04-18 12:41:41 AM,KXATPCHALLENGERMATCH-26APR18FOMSUN-FOM,34,3221,33,809,32,2209,31,1860,29,59,35,19,36,4265,37,2542,38,2584,39,1039,34.5
2026-04-18 12:41:41 AM,KXATPCHALLENGERMATCH-26APR18FOMSUN-FOM,34,3221,33,809,32,2209,31,1860,29,59,35,19,36,4216,37,2542,38,2584,39,1039,34.5
2026-04-18 12:41:46 AM,KXATPCHALLENGERMATCH-26APR18FOMSUN-FOM,34,3221,33,809,32,2209,31,1860,29,59,35,19,36,3736,37,2542,38,2584,39,1039,34.5
2026-04-18 12:41:46 AM,KXATPCHALLENGERMATCH-26APR18FOMSUN-FOM,34,3221,33,809,32,2209,31,1860,29,59,35,19,36,3141,37,2542,38,2584,39,1039,34.5
2026-04-18 12:41:46 AM,KXATPCHALLENGERMATCH-26APR18FOMSUN-FOM,34,3221,33,809,32,2209,31,1860,29,59,35,19,36,3118,37,2542,38,2584,39,1039,34.5
2026-04-18 12:41:46 AM,KXATPCHALLENGERMATCH-26APR18FOMSUN-FOM,34,3221,33,809,32,2209,31,1860,29,59,35,19,36,3118,37,2507,38,2584,39,1039,34.5
2026-04-18 12:41:46 AM,KXATPCHALLENGERMATCH-26APR18FOMSUN-FOM,34,3221,33,1445,32,2209,31,1860,29,59,35,19,36,3118,37,2507,38,2584,39,1039,34.5
2026-04-18 12:41:46 AM,KXATPCHALLENGERMATCH-26APR18FOMSUN-FOM,34,3221,33,1445,32,2209,31,1860,29,59,35,19,36,3730,37,2507,38,2584,39,1039,34.5
2026-04-18 12:41:47 AM,KXATPCHALLENGERMATCH-26APR18FOMSUN-FOM,34,3221,33,1445,32,2209,31,1860,29,59,35,19,36,3829,37,2507,38,2584,39,1039,34.5
2026-04-18 12:41:47 AM,KXATPCHALLENGERMATCH-26APR18FOMSUN-FOM,34,3221,33,1445,32,2209,31,1860,29,59,35,19,36,3730,37,2507,38,2584,39,1039,34.5
2026-04-18 12:41:49 AM,KXATPCHALLENGERMATCH-26APR18FOMSUN-FOM,34,3221,33,1445,32,2209,31,1860,29,59,35,19,36,4730,37,2507,38,2584,39,1039,34.5
