ts_et,ticker,bid_1,bid_1_sz,bid_2,bid_2_sz,bid_3,bid_3_sz,bid_4,bid_4_sz,bid_5,bid_5_sz,ask_1,ask_1_sz,ask_2,ask_2_sz,ask_3,ask_3_sz,ask_4,ask_4_sz,ask_5,ask_5_sz,mid
2026-04-18 02:14:10 PM,KXATPCHALLENGERMATCH-26APR19SUNTUL-SUN,6,116,5,194,4,823,3,540,2,900,94,368,95,25,96,543,97,82,98,123,50.0
2026-04-18 02:14:40 PM,KXATPCHALLENGERMATCH-26APR19SUNTUL-SUN,6,116,5,194,4,823,3,540,2,900,94,365,95,25,96,543,97,82,98,123,50.0
2026-04-18 02:15:13 PM,KXATPCHALLENGERMATCH-26APR19SUNTUL-SUN,6,116,5,194,4,823,3,540,2,900,94,368,95,25,96,543,97,82,98,123,50.0
2026-04-18 02:15:44 PM,KXATPCHALLENGERMATCH-26APR19SUNTUL-SUN,6,116,5,194,4,823,3,540,2,900,94,365,95,25,96,543,97,82,98,123,50.0
2026-04-18 02:16:06 PM,KXATPCHALLENGERMATCH-26APR19SUNTUL-SUN,6,116,5,194,4,823,3,540,2,900,94,368,95,25,96,543,97,82,98,123,50.0
2026-04-18 02:16:21 PM,KXATPCHALLENGERMATCH-26APR19SUNTUL-SUN,6,116,5,194,4,823,3,540,2,900,94,368,95,25,96,543,97,84,98,123,50.0
2026-04-18 02:16:37 PM,KXATPCHALLENGERMATCH-26APR19SUNTUL-SUN,6,116,5,194,4,823,3,540,2,900,94,365,95,25,96,543,97,84,98,123,50.0
2026-04-18 02:18:24 PM,KXATPCHALLENGERMATCH-26APR19SUNTUL-SUN,6,116,5,194,4,823,3,540,2,900,94,368,95,25,96,543,97,84,98,123,50.0
2026-04-18 02:18:54 PM,KXATPCHALLENGERMATCH-26APR19SUNTUL-SUN,6,116,5,194,4,823,3,540,2,900,94,365,95,25,96,543,97,84,98,123,50.0
2026-04-18 02:21:22 PM,KXATPCHALLENGERMATCH-26APR19SUNTUL-SUN,6,116,5,194,4,823,3,540,2,900,93,500,94,365,95,25,96,543,97,84,49.5
2026-04-18 02:21:22 PM,KXATPCHALLENGERMATCH-26APR19SUNTUL-SUN,6,116,5,194,4,823,3,540,2,900,93,500,94,1365,95,25,96,543,97,84,49.5
2026-04-18 02:21:22 PM,KXATPCHALLENGERMATCH-26APR19SUNTUL-SUN,7,250,6,116,5,194,4,823,3,540,93,500,94,1365,95,25,96,543,97,84,50.0
2026-04-18 02:21:22 PM,KXATPCHALLENGERMATCH-26APR19SUNTUL-SUN,7,250,6,366,5,194,4,823,3,540,93,500,94,1365,95,25,96,543,97,84,50.0
2026-04-18 02:21:23 PM,KXATPCHALLENGERMATCH-26APR19SUNTUL-SUN,7,250,6,366,5,194,4,823,3,540,93,500,94,365,95,25,96,543,97,84,50.0
2026-04-18 02:21:23 PM,KXATPCHALLENGERMATCH-26APR19SUNTUL-SUN,7,250,6,366,5,194,4,823,3,540,92,500,93,500,94,365,95,25,96,543,49.5
2026-04-18 02:21:23 PM,KXATPCHALLENGERMATCH-26APR19SUNTUL-SUN,7,250,6,366,5,194,4,823,3,540,92,500,93,1000,94,365,95,25,96,543,49.5
2026-04-18 02:21:23 PM,KXATPCHALLENGERMATCH-26APR19SUNTUL-SUN,7,250,6,116,5,194,4,823,3,540,92,500,93,1000,94,365,95,25,96,543,49.5
2026-04-18 02:21:23 PM,KXATPCHALLENGERMATCH-26APR19SUNTUL-SUN,8,250,7,250,6,116,5,194,4,823,92,500,93,1000,94,365,95,25,96,543,50.0
2026-04-18 02:21:24 PM,KXATPCHALLENGERMATCH-26APR19SUNTUL-SUN,8,250,7,250,6,116,5,194,4,823,92,500,93,500,94,365,95,25,96,543,50.0
2026-04-18 02:21:24 PM,KXATPCHALLENGERMATCH-26APR19SUNTUL-SUN,8,250,7,250,6,116,5,194,4,823,92,500,94,365,95,25,96,543,97,84,50.0
2026-04-18 02:21:24 PM,KXATPCHALLENGERMATCH-26APR19SUNTUL-SUN,8,250,7,250,6,116,5,194,4,823,91,500,92,500,94,365,95,25,96,543,49.5
2026-04-18 02:21:24 PM,KXATPCHALLENGERMATCH-26APR19SUNTUL-SUN,8,250,7,250,6,116,5,194,4,823,91,500,92,1000,94,365,95,25,96,543,49.5
2026-04-18 02:21:24 PM,KXATPCHALLENGERMATCH-26APR19SUNTUL-SUN,8,250,6,116,5,194,4,823,3,540,91,500,92,1000,94,365,95,25,96,543,49.5
2026-04-18 02:21:24 PM,KXATPCHALLENGERMATCH-26APR19SUNTUL-SUN,9,250,8,250,6,116,5,194,4,823,91,500,92,1000,94,365,95,25,96,543,50.0
2026-04-18 02:21:24 PM,KXATPCHALLENGERMATCH-26APR19SUNTUL-SUN,9,250,6,116,5,194,4,823,3,540,91,500,92,1000,94,365,95,25,96,543,50.0
2026-04-18 02:21:25 PM,KXATPCHALLENGERMATCH-26APR19SUNTUL-SUN,9,250,6,116,5,194,4,823,3,540,91,500,92,500,94,365,95,25,96,543,50.0
2026-04-18 02:21:25 PM,KXATPCHALLENGERMATCH-26APR19SUNTUL-SUN,9,250,6,116,5,194,4,823,3,540,91,500,94,365,95,25,96,543,97,84,50.0
2026-04-18 02:21:25 PM,KXATPCHALLENGERMATCH-26APR19SUNTUL-SUN,9,250,6,116,5,194,4,823,3,540,90,500,91,500,94,365,95,25,96,543,49.5
2026-04-18 02:21:25 PM,KXATPCHALLENGERMATCH-26APR19SUNTUL-SUN,9,250,6,116,5,194,4,823,3,540,90,500,91,1000,94,365,95,25,96,543,49.5
2026-04-18 02:21:25 PM,KXATPCHALLENGERMATCH-26APR19SUNTUL-SUN,10,250,9,250,6,116,5,194,4,823,90,500,91,1000,94,365,95,25,96,543,50.0
2026-04-18 02:21:25 PM,KXATPCHALLENGERMATCH-26APR19SUNTUL-SUN,10,250,6,116,5,194,4,823,3,540,90,500,91,1000,94,365,95,25,96,543,50.0
2026-04-18 02:21:26 PM,KXATPCHALLENGERMATCH-26APR19SUNTUL-SUN,10,250,6,116,5,194,4,823,3,540,90,500,91,500,94,365,95,25,96,543,50.0
2026-04-18 02:21:26 PM,KXATPCHALLENGERMATCH-26APR19SUNTUL-SUN,10,250,6,116,5,194,4,823,3,540,90,500,94,365,95,25,96,543,97,84,50.0
2026-04-18 02:21:26 PM,KXATPCHALLENGERMATCH-26APR19SUNTUL-SUN,10,250,6,116,5,194,4,823,3,540,89,500,90,500,94,365,95,25,96,543,49.5
2026-04-18 02:21:26 PM,KXATPCHALLENGERMATCH-26APR19SUNTUL-SUN,10,250,6,116,5,194,4,823,3,540,89,500,90,1000,94,365,95,25,96,543,49.5
2026-04-18 02:21:26 PM,KXATPCHALLENGERMATCH-26APR19SUNTUL-SUN,11,250,10,250,6,116,5,194,4,823,89,500,90,1000,94,365,95,25,96,543,50.0
2026-04-18 02:21:26 PM,KXATPCHALLENGERMATCH-26APR19SUNTUL-SUN,11,250,6,116,5,194,4,823,3,540,89,500,90,1000,94,365,95,25,96,543,50.0
2026-04-18 02:21:27 PM,KXATPCHALLENGERMATCH-26APR19SUNTUL-SUN,11,250,6,116,5,194,4,823,3,540,89,500,90,500,94,365,95,25,96,543,50.0
2026-04-18 02:21:27 PM,KXATPCHALLENGERMATCH-26APR19SUNTUL-SUN,11,250,6,116,5,194,4,823,3,540,89,500,94,365,95,25,96,543,97,84,50.0
2026-04-18 02:21:27 PM,KXATPCHALLENGERMATCH-26APR19SUNTUL-SUN,11,250,6,116,5,194,4,823,3,540,88,500,89,500,94,365,95,25,96,543,49.5
2026-04-18 02:21:27 PM,KXATPCHALLENGERMATCH-26APR19SUNTUL-SUN,11,250,6,116,5,194,4,823,3,540,88,500,89,1000,94,365,95,25,96,543,49.5
2026-04-18 02:21:27 PM,KXATPCHALLENGERMATCH-26APR19SUNTUL-SUN,12,250,11,250,6,116,5,194,4,823,88,500,89,1000,94,365,95,25,96,543,50.0
2026-04-18 02:21:27 PM,KXATPCHALLENGERMATCH-26APR19SUNTUL-SUN,12,250,6,116,5,194,4,823,3,540,88,500,89,1000,94,365,95,25,96,543,50.0
2026-04-18 02:21:28 PM,KXATPCHALLENGERMATCH-26APR19SUNTUL-SUN,12,250,6,116,5,194,4,823,3,540,88,500,89,500,94,365,95,25,96,543,50.0
2026-04-18 02:21:28 PM,KXATPCHALLENGERMATCH-26APR19SUNTUL-SUN,12,250,6,116,5,194,4,823,3,540,88,500,94,365,95,25,96,543,97,84,50.0
2026-04-18 02:21:28 PM,KXATPCHALLENGERMATCH-26APR19SUNTUL-SUN,12,250,6,116,5,194,4,823,3,540,87,500,88,500,94,365,95,25,96,543,49.5
2026-04-18 02:21:28 PM,KXATPCHALLENGERMATCH-26APR19SUNTUL-SUN,12,250,6,116,5,194,4,823,3,540,87,500,88,1000,94,365,95,25,96,543,49.5
2026-04-18 02:21:28 PM,KXATPCHALLENGERMATCH-26APR19SUNTUL-SUN,13,250,12,250,6,116,5,194,4,823,87,500,88,1000,94,365,95,25,96,543,50.0
2026-04-18 02:21:29 PM,KXATPCHALLENGERMATCH-26APR19SUNTUL-SUN,13,250,6,116,5,194,4,823,3,540,87,500,88,1000,94,365,95,25,96,543,50.0
2026-04-18 02:21:29 PM,KXATPCHALLENGERMATCH-26APR19SUNTUL-SUN,13,250,6,116,5,194,4,823,3,540,87,500,88,500,94,365,95,25,96,543,50.0
2026-04-18 02:21:29 PM,KXATPCHALLENGERMATCH-26APR19SUNTUL-SUN,13,250,6,116,5,194,4,823,3,540,87,500,94,365,95,25,96,543,97,84,50.0
2026-04-18 02:21:29 PM,KXATPCHALLENGERMATCH-26APR19SUNTUL-SUN,13,250,6,116,5,194,4,823,3,540,86,500,87,500,94,365,95,25,96,543,49.5
2026-04-18 02:21:29 PM,KXATPCHALLENGERMATCH-26APR19SUNTUL-SUN,13,250,6,116,5,194,4,823,3,540,86,500,87,1000,94,365,95,25,96,543,49.5
2026-04-18 02:21:30 PM,KXATPCHALLENGERMATCH-26APR19SUNTUL-SUN,14,250,13,250,6,116,5,194,4,823,86,500,87,1000,94,365,95,25,96,543,50.0
2026-04-18 02:21:30 PM,KXATPCHALLENGERMATCH-26APR19SUNTUL-SUN,14,250,6,116,5,194,4,823,3,540,86,500,87,1000,94,365,95,25,96,543,50.0
2026-04-18 02:21:30 PM,KXATPCHALLENGERMATCH-26APR19SUNTUL-SUN,14,250,6,116,5,194,4,823,3,540,86,500,87,500,94,365,95,25,96,543,50.0
2026-04-18 02:21:30 PM,KXATPCHALLENGERMATCH-26APR19SUNTUL-SUN,14,250,6,116,5,194,4,823,3,540,86,500,94,365,95,25,96,543,97,84,50.0
2026-04-18 02:21:30 PM,KXATPCHALLENGERMATCH-26APR19SUNTUL-SUN,14,250,6,116,5,194,4,823,3,540,85,500,86,500,94,365,95,25,96,543,49.5
2026-04-18 02:21:31 PM,KXATPCHALLENGERMATCH-26APR19SUNTUL-SUN,14,250,6,116,5,194,4,823,3,540,85,500,86,1000,94,365,95,25,96,543,49.5
2026-04-18 02:21:31 PM,KXATPCHALLENGERMATCH-26APR19SUNTUL-SUN,15,250,14,250,6,116,5,194,4,823,85,500,86,1000,94,365,95,25,96,543,50.0
2026-04-18 02:21:31 PM,KXATPCHALLENGERMATCH-26APR19SUNTUL-SUN,15,250,6,116,5,194,4,823,3,540,85,500,86,1000,94,365,95,25,96,543,50.0
2026-04-18 02:21:31 PM,KXATPCHALLENGERMATCH-26APR19SUNTUL-SUN,15,250,6,116,5,194,4,823,3,540,85,500,86,500,94,365,95,25,96,543,50.0
2026-04-18 02:21:31 PM,KXATPCHALLENGERMATCH-26APR19SUNTUL-SUN,15,250,6,116,5,194,4,823,3,540,85,500,94,365,95,25,96,543,97,84,50.0
2026-04-18 02:21:32 PM,KXATPCHALLENGERMATCH-26APR19SUNTUL-SUN,15,250,6,116,5,194,4,823,3,540,84,500,85,500,94,365,95,25,96,543,49.5
2026-04-18 02:21:32 PM,KXATPCHALLENGERMATCH-26APR19SUNTUL-SUN,15,250,6,116,5,194,4,823,3,540,84,500,85,1000,94,365,95,25,96,543,49.5
2026-04-18 02:21:32 PM,KXATPCHALLENGERMATCH-26APR19SUNTUL-SUN,16,250,15,250,6,116,5,194,4,823,84,500,85,1000,94,365,95,25,96,543,50.0
2026-04-18 02:21:32 PM,KXATPCHALLENGERMATCH-26APR19SUNTUL-SUN,16,250,6,116,5,194,4,823,3,540,84,500,85,1000,94,365,95,25,96,543,50.0
2026-04-18 02:21:32 PM,KXATPCHALLENGERMATCH-26APR19SUNTUL-SUN,16,250,6,116,5,194,4,823,3,540,84,500,85,500,94,365,95,25,96,543,50.0
2026-04-18 02:21:32 PM,KXATPCHALLENGERMATCH-26APR19SUNTUL-SUN,16,250,6,116,5,194,4,823,3,540,84,500,94,365,95,25,96,543,97,84,50.0
2026-04-18 02:21:33 PM,KXATPCHALLENGERMATCH-26APR19SUNTUL-SUN,16,250,6,116,5,194,4,823,3,540,83,500,84,500,94,365,95,25,96,543,49.5
2026-04-18 02:21:33 PM,KXATPCHALLENGERMATCH-26APR19SUNTUL-SUN,16,250,6,116,5,194,4,823,3,540,83,500,84,1000,94,365,95,25,96,543,49.5
2026-04-18 02:21:33 PM,KXATPCHALLENGERMATCH-26APR19SUNTUL-SUN,17,250,16,250,6,116,5,194,4,823,83,500,84,1000,94,365,95,25,96,543,50.0
2026-04-18 02:21:33 PM,KXATPCHALLENGERMATCH-26APR19SUNTUL-SUN,17,250,6,116,5,194,4,823,3,540,83,500,84,1000,94,365,95,25,96,543,50.0
2026-04-18 02:21:34 PM,KXATPCHALLENGERMATCH-26APR19SUNTUL-SUN,17,250,6,116,5,194,4,823,3,540,83,500,84,500,94,365,95,25,96,543,50.0
2026-04-18 02:21:34 PM,KXATPCHALLENGERMATCH-26APR19SUNTUL-SUN,17,250,6,116,5,194,4,823,3,540,83,500,94,365,95,25,96,543,97,84,50.0
2026-04-18 02:21:34 PM,KXATPCHALLENGERMATCH-26APR19SUNTUL-SUN,17,250,6,116,5,194,4,823,3,540,82,500,83,500,94,365,95,25,96,543,49.5
2026-04-18 02:21:34 PM,KXATPCHALLENGERMATCH-26APR19SUNTUL-SUN,17,250,6,116,5,194,4,823,3,540,82,500,83,1000,94,365,95,25,96,543,49.5
2026-04-18 02:21:34 PM,KXATPCHALLENGERMATCH-26APR19SUNTUL-SUN,18,250,17,250,6,116,5,194,4,823,82,500,83,1000,94,365,95,25,96,543,50.0
2026-04-18 02:21:34 PM,KXATPCHALLENGERMATCH-26APR19SUNTUL-SUN,18,250,6,116,5,194,4,823,3,540,82,500,83,1000,94,365,95,25,96,543,50.0
2026-04-18 02:21:35 PM,KXATPCHALLENGERMATCH-26APR19SUNTUL-SUN,18,250,6,116,5,194,4,823,3,540,82,500,83,500,94,365,95,25,96,543,50.0
2026-04-18 02:21:35 PM,KXATPCHALLENGERMATCH-26APR19SUNTUL-SUN,18,250,6,116,5,194,4,823,3,540,82,500,94,365,95,25,96,543,97,84,50.0
2026-04-18 02:21:35 PM,KXATPCHALLENGERMATCH-26APR19SUNTUL-SUN,18,250,6,116,5,194,4,823,3,540,81,500,82,500,94,365,95,25,96,543,49.5
2026-04-18 02:21:35 PM,KXATPCHALLENGERMATCH-26APR19SUNTUL-SUN,18,250,6,116,5,194,4,823,3,540,81,500,82,1000,94,365,95,25,96,543,49.5
2026-04-18 02:21:35 PM,KXATPCHALLENGERMATCH-26APR19SUNTUL-SUN,19,250,18,250,6,116,5,194,4,823,81,500,82,1000,94,365,95,25,96,543,50.0
2026-04-18 02:21:35 PM,KXATPCHALLENGERMATCH-26APR19SUNTUL-SUN,19,250,6,116,5,194,4,823,3,540,81,500,82,1000,94,365,95,25,96,543,50.0
2026-04-18 02:21:36 PM,KXATPCHALLENGERMATCH-26APR19SUNTUL-SUN,19,250,6,116,5,194,4,823,3,540,81,500,82,500,94,365,95,25,96,543,50.0
2026-04-18 02:21:36 PM,KXATPCHALLENGERMATCH-26APR19SUNTUL-SUN,19,250,6,116,5,194,4,823,3,540,81,500,94,365,95,25,96,543,97,84,50.0
2026-04-18 02:21:36 PM,KXATPCHALLENGERMATCH-26APR19SUNTUL-SUN,19,250,6,116,5,194,4,823,3,540,80,500,81,500,94,365,95,25,96,543,49.5
2026-04-18 02:21:36 PM,KXATPCHALLENGERMATCH-26APR19SUNTUL-SUN,19,250,6,116,5,194,4,823,3,540,80,500,81,1000,94,365,95,25,96,543,49.5
2026-04-18 02:21:36 PM,KXATPCHALLENGERMATCH-26APR19SUNTUL-SUN,20,250,19,250,6,116,5,194,4,823,80,500,81,1000,94,365,95,25,96,543,50.0
2026-04-18 02:21:36 PM,KXATPCHALLENGERMATCH-26APR19SUNTUL-SUN,20,250,6,116,5,194,4,823,3,540,80,500,81,1000,94,365,95,25,96,543,50.0
2026-04-18 02:21:37 PM,KXATPCHALLENGERMATCH-26APR19SUNTUL-SUN,20,250,6,116,5,194,4,823,3,540,80,500,81,500,94,365,95,25,96,543,50.0
2026-04-18 02:21:37 PM,KXATPCHALLENGERMATCH-26APR19SUNTUL-SUN,20,250,6,116,5,194,4,823,3,540,80,500,94,365,95,25,96,543,97,84,50.0
2026-04-18 02:21:37 PM,KXATPCHALLENGERMATCH-26APR19SUNTUL-SUN,20,250,6,116,5,194,4,823,3,540,79,500,80,500,94,365,95,25,96,543,49.5
2026-04-18 02:21:37 PM,KXATPCHALLENGERMATCH-26APR19SUNTUL-SUN,20,250,6,116,5,194,4,823,3,540,79,500,80,1000,94,365,95,25,96,543,49.5
2026-04-18 02:21:37 PM,KXATPCHALLENGERMATCH-26APR19SUNTUL-SUN,21,250,20,250,6,116,5,194,4,823,79,500,80,1000,94,365,95,25,96,543,50.0
2026-04-18 02:21:37 PM,KXATPCHALLENGERMATCH-26APR19SUNTUL-SUN,21,250,6,116,5,194,4,823,3,540,79,500,80,1000,94,365,95,25,96,543,50.0
2026-04-18 02:21:38 PM,KXATPCHALLENGERMATCH-26APR19SUNTUL-SUN,21,250,6,116,5,194,4,823,3,540,79,500,80,500,94,365,95,25,96,543,50.0
2026-04-18 02:21:38 PM,KXATPCHALLENGERMATCH-26APR19SUNTUL-SUN,21,250,6,116,5,194,4,823,3,540,79,500,94,365,95,25,96,543,97,84,50.0
2026-04-18 02:21:38 PM,KXATPCHALLENGERMATCH-26APR19SUNTUL-SUN,21,250,6,116,5,194,4,823,3,540,78,500,79,500,94,365,95,25,96,543,49.5
2026-04-18 02:21:38 PM,KXATPCHALLENGERMATCH-26APR19SUNTUL-SUN,21,250,6,116,5,194,4,823,3,540,78,500,79,1000,94,365,95,25,96,543,49.5
2026-04-18 02:21:38 PM,KXATPCHALLENGERMATCH-26APR19SUNTUL-SUN,22,250,21,250,6,116,5,194,4,823,78,500,79,1000,94,365,95,25,96,543,50.0
2026-04-18 02:21:38 PM,KXATPCHALLENGERMATCH-26APR19SUNTUL-SUN,22,250,6,116,5,194,4,823,3,540,78,500,79,1000,94,365,95,25,96,543,50.0
2026-04-18 02:21:39 PM,KXATPCHALLENGERMATCH-26APR19SUNTUL-SUN,22,250,6,116,5,194,4,823,3,540,78,500,79,500,94,365,95,25,96,543,50.0
2026-04-18 02:21:39 PM,KXATPCHALLENGERMATCH-26APR19SUNTUL-SUN,22,250,6,116,5,194,4,823,3,540,78,500,94,365,95,25,96,543,97,84,50.0
2026-04-18 02:21:39 PM,KXATPCHALLENGERMATCH-26APR19SUNTUL-SUN,22,250,6,116,5,194,4,823,3,540,77,500,78,500,94,365,95,25,96,543,49.5
2026-04-18 02:21:39 PM,KXATPCHALLENGERMATCH-26APR19SUNTUL-SUN,22,250,6,116,5,194,4,823,3,540,77,500,78,1000,94,365,95,25,96,543,49.5
2026-04-18 02:21:39 PM,KXATPCHALLENGERMATCH-26APR19SUNTUL-SUN,23,250,22,250,6,116,5,194,4,823,77,500,78,1000,94,365,95,25,96,543,50.0
2026-04-18 02:21:39 PM,KXATPCHALLENGERMATCH-26APR19SUNTUL-SUN,23,250,6,116,5,194,4,823,3,540,77,500,78,1000,94,365,95,25,96,543,50.0
2026-04-18 02:21:40 PM,KXATPCHALLENGERMATCH-26APR19SUNTUL-SUN,23,250,6,116,5,194,4,823,3,540,77,500,78,500,94,365,95,25,96,543,50.0
2026-04-18 02:21:40 PM,KXATPCHALLENGERMATCH-26APR19SUNTUL-SUN,23,250,6,116,5,194,4,823,3,540,77,500,94,365,95,25,96,543,97,84,50.0
2026-04-18 02:21:40 PM,KXATPCHALLENGERMATCH-26APR19SUNTUL-SUN,23,250,6,116,5,194,4,823,3,540,76,500,77,500,94,365,95,25,96,543,49.5
2026-04-18 02:21:40 PM,KXATPCHALLENGERMATCH-26APR19SUNTUL-SUN,23,250,6,116,5,194,4,823,3,540,76,500,77,1000,94,365,95,25,96,543,49.5
2026-04-18 02:21:40 PM,KXATPCHALLENGERMATCH-26APR19SUNTUL-SUN,24,250,23,250,6,116,5,194,4,823,76,500,77,1000,94,365,95,25,96,543,50.0
2026-04-18 02:21:41 PM,KXATPCHALLENGERMATCH-26APR19SUNTUL-SUN,24,250,6,116,5,194,4,823,3,540,76,500,77,1000,94,365,95,25,96,543,50.0
2026-04-18 02:21:41 PM,KXATPCHALLENGERMATCH-26APR19SUNTUL-SUN,24,250,6,116,5,194,4,823,3,540,76,500,77,500,94,365,95,25,96,543,50.0
2026-04-18 02:21:41 PM,KXATPCHALLENGERMATCH-26APR19SUNTUL-SUN,24,250,6,116,5,194,4,823,3,540,76,500,94,365,95,25,96,543,97,84,50.0
2026-04-18 02:21:41 PM,KXATPCHALLENGERMATCH-26APR19SUNTUL-SUN,24,250,6,116,5,194,4,823,3,540,75,500,76,500,94,365,95,25,96,543,49.5
2026-04-18 02:21:41 PM,KXATPCHALLENGERMATCH-26APR19SUNTUL-SUN,24,250,6,116,5,194,4,823,3,540,75,500,76,1000,94,365,95,25,96,543,49.5
2026-04-18 02:21:42 PM,KXATPCHALLENGERMATCH-26APR19SUNTUL-SUN,25,250,24,250,6,116,5,194,4,823,75,500,76,1000,94,365,95,25,96,543,50.0
2026-04-18 02:21:42 PM,KXATPCHALLENGERMATCH-26APR19SUNTUL-SUN,25,250,6,116,5,194,4,823,3,540,75,500,76,1000,94,365,95,25,96,543,50.0
2026-04-18 02:21:42 PM,KXATPCHALLENGERMATCH-26APR19SUNTUL-SUN,25,250,6,116,5,194,4,823,3,540,75,500,76,500,94,365,95,25,96,543,50.0
2026-04-18 02:21:42 PM,KXATPCHALLENGERMATCH-26APR19SUNTUL-SUN,25,250,6,116,5,194,4,823,3,540,75,500,94,365,95,25,96,543,97,84,50.0
2026-04-18 02:21:42 PM,KXATPCHALLENGERMATCH-26APR19SUNTUL-SUN,25,250,6,116,5,194,4,823,3,540,74,500,75,500,94,365,95,25,96,543,49.5
2026-04-18 02:21:42 PM,KXATPCHALLENGERMATCH-26APR19SUNTUL-SUN,25,250,6,116,5,194,4,823,3,540,74,500,75,1000,94,365,95,25,96,543,49.5
2026-04-18 02:21:43 PM,KXATPCHALLENGERMATCH-26APR19SUNTUL-SUN,26,250,25,250,6,116,5,194,4,823,74,500,75,1000,94,365,95,25,96,543,50.0
2026-04-18 02:21:43 PM,KXATPCHALLENGERMATCH-26APR19SUNTUL-SUN,26,250,6,116,5,194,4,823,3,540,74,500,75,1000,94,365,95,25,96,543,50.0
2026-04-18 02:21:43 PM,KXATPCHALLENGERMATCH-26APR19SUNTUL-SUN,26,250,6,116,5,194,4,823,3,540,74,500,75,500,94,365,95,25,96,543,50.0
2026-04-18 02:21:43 PM,KXATPCHALLENGERMATCH-26APR19SUNTUL-SUN,26,250,6,116,5,194,4,823,3,540,74,500,94,365,95,25,96,543,97,84,50.0
2026-04-18 02:21:43 PM,KXATPCHALLENGERMATCH-26APR19SUNTUL-SUN,26,250,6,116,5,194,4,823,3,540,73,500,74,500,94,365,95,25,96,543,49.5
2026-04-18 02:21:44 PM,KXATPCHALLENGERMATCH-26APR19SUNTUL-SUN,26,250,6,116,5,194,4,823,3,540,73,500,74,1000,94,365,95,25,96,543,49.5
2026-04-18 02:21:44 PM,KXATPCHALLENGERMATCH-26APR19SUNTUL-SUN,27,250,26,250,6,116,5,194,4,823,73,500,74,1000,94,365,95,25,96,543,50.0
2026-04-18 02:21:44 PM,KXATPCHALLENGERMATCH-26APR19SUNTUL-SUN,27,250,6,116,5,194,4,823,3,540,73,500,74,1000,94,365,95,25,96,543,50.0
2026-04-18 02:21:44 PM,KXATPCHALLENGERMATCH-26APR19SUNTUL-SUN,27,250,6,116,5,194,4,823,3,540,73,500,74,500,94,365,95,25,96,543,50.0
2026-04-18 02:21:44 PM,KXATPCHALLENGERMATCH-26APR19SUNTUL-SUN,27,250,6,116,5,194,4,823,3,540,73,500,94,365,95,25,96,543,97,84,50.0
2026-04-18 02:21:45 PM,KXATPCHALLENGERMATCH-26APR19SUNTUL-SUN,27,250,6,116,5,194,4,823,3,540,72,500,73,500,94,365,95,25,96,543,49.5
2026-04-18 02:21:45 PM,KXATPCHALLENGERMATCH-26APR19SUNTUL-SUN,27,250,6,116,5,194,4,823,3,540,72,500,73,1000,94,365,95,25,96,543,49.5
2026-04-18 02:21:45 PM,KXATPCHALLENGERMATCH-26APR19SUNTUL-SUN,28,250,27,250,6,116,5,194,4,823,72,500,73,1000,94,365,95,25,96,543,50.0
2026-04-18 02:21:45 PM,KXATPCHALLENGERMATCH-26APR19SUNTUL-SUN,28,250,6,116,5,194,4,823,3,540,72,500,73,1000,94,365,95,25,96,543,50.0
2026-04-18 02:21:45 PM,KXATPCHALLENGERMATCH-26APR19SUNTUL-SUN,28,250,6,116,5,194,4,823,3,540,72,500,73,500,94,365,95,25,96,543,50.0
2026-04-18 02:21:45 PM,KXATPCHALLENGERMATCH-26APR19SUNTUL-SUN,28,250,6,116,5,194,4,823,3,540,72,500,94,365,95,25,96,543,97,84,50.0
2026-04-18 02:21:46 PM,KXATPCHALLENGERMATCH-26APR19SUNTUL-SUN,28,250,6,116,5,194,4,823,3,540,71,500,72,500,94,365,95,25,96,543,49.5
2026-04-18 02:21:46 PM,KXATPCHALLENGERMATCH-26APR19SUNTUL-SUN,28,250,6,116,5,194,4,823,3,540,71,500,72,1000,94,365,95,25,96,543,49.5
2026-04-18 02:21:46 PM,KXATPCHALLENGERMATCH-26APR19SUNTUL-SUN,29,250,28,250,6,116,5,194,4,823,71,500,72,1000,94,365,95,25,96,543,50.0
2026-04-18 02:21:46 PM,KXATPCHALLENGERMATCH-26APR19SUNTUL-SUN,29,250,6,116,5,194,4,823,3,540,71,500,72,1000,94,365,95,25,96,543,50.0
2026-04-18 02:21:47 PM,KXATPCHALLENGERMATCH-26APR19SUNTUL-SUN,29,250,6,116,5,194,4,823,3,540,71,500,72,500,94,365,95,25,96,543,50.0
2026-04-18 02:21:47 PM,KXATPCHALLENGERMATCH-26APR19SUNTUL-SUN,29,250,6,116,5,194,4,823,3,540,71,500,94,365,95,25,96,543,97,84,50.0
2026-04-18 02:21:47 PM,KXATPCHALLENGERMATCH-26APR19SUNTUL-SUN,29,250,6,116,5,194,4,823,3,540,70,500,71,500,94,365,95,25,96,543,49.5
2026-04-18 02:21:47 PM,KXATPCHALLENGERMATCH-26APR19SUNTUL-SUN,29,250,6,116,5,194,4,823,3,540,70,500,71,1000,94,365,95,25,96,543,49.5
2026-04-18 02:21:47 PM,KXATPCHALLENGERMATCH-26APR19SUNTUL-SUN,30,250,29,250,6,116,5,194,4,823,70,500,71,1000,94,365,95,25,96,543,50.0
2026-04-18 02:21:47 PM,KXATPCHALLENGERMATCH-26APR19SUNTUL-SUN,30,250,6,116,5,194,4,823,3,540,70,500,71,1000,94,365,95,25,96,543,50.0
2026-04-18 02:21:48 PM,KXATPCHALLENGERMATCH-26APR19SUNTUL-SUN,30,250,6,116,5,194,4,823,3,540,70,500,71,500,94,365,95,25,96,543,50.0
2026-04-18 02:21:48 PM,KXATPCHALLENGERMATCH-26APR19SUNTUL-SUN,30,250,6,116,5,194,4,823,3,540,70,500,94,365,95,25,96,543,97,84,50.0
2026-04-18 02:21:48 PM,KXATPCHALLENGERMATCH-26APR19SUNTUL-SUN,30,250,6,116,5,194,4,823,3,540,69,500,70,500,94,365,95,25,96,543,49.5
2026-04-18 02:21:48 PM,KXATPCHALLENGERMATCH-26APR19SUNTUL-SUN,30,250,6,116,5,194,4,823,3,540,69,500,70,1000,94,365,95,25,96,543,49.5
2026-04-18 02:21:48 PM,KXATPCHALLENGERMATCH-26APR19SUNTUL-SUN,31,250,30,250,6,116,5,194,4,823,69,500,70,1000,94,365,95,25,96,543,50.0
2026-04-18 02:21:48 PM,KXATPCHALLENGERMATCH-26APR19SUNTUL-SUN,31,250,6,116,5,194,4,823,3,540,69,500,70,1000,94,365,95,25,96,543,50.0
2026-04-18 02:21:49 PM,KXATPCHALLENGERMATCH-26APR19SUNTUL-SUN,31,250,6,116,5,194,4,823,3,540,69,500,70,500,94,365,95,25,96,543,50.0
2026-04-18 02:21:49 PM,KXATPCHALLENGERMATCH-26APR19SUNTUL-SUN,31,250,6,116,5,194,4,823,3,540,69,500,94,365,95,25,96,543,97,84,50.0
2026-04-18 02:21:49 PM,KXATPCHALLENGERMATCH-26APR19SUNTUL-SUN,31,250,6,116,5,194,4,823,3,540,68,500,69,500,94,365,95,25,96,543,49.5
2026-04-18 02:21:49 PM,KXATPCHALLENGERMATCH-26APR19SUNTUL-SUN,31,250,6,116,5,194,4,823,3,540,68,500,69,1000,94,365,95,25,96,543,49.5
2026-04-18 02:21:49 PM,KXATPCHALLENGERMATCH-26APR19SUNTUL-SUN,32,250,31,250,6,116,5,194,4,823,68,500,69,1000,94,365,95,25,96,543,50.0
2026-04-18 02:21:49 PM,KXATPCHALLENGERMATCH-26APR19SUNTUL-SUN,32,250,6,116,5,194,4,823,3,540,68,500,69,1000,94,365,95,25,96,543,50.0
2026-04-18 02:21:50 PM,KXATPCHALLENGERMATCH-26APR19SUNTUL-SUN,32,250,6,116,5,194,4,823,3,540,68,500,69,500,94,365,95,25,96,543,50.0
2026-04-18 02:21:50 PM,KXATPCHALLENGERMATCH-26APR19SUNTUL-SUN,32,250,6,116,5,194,4,823,3,540,68,500,94,365,95,25,96,543,97,84,50.0
2026-04-18 02:21:50 PM,KXATPCHALLENGERMATCH-26APR19SUNTUL-SUN,32,250,6,116,5,194,4,823,3,540,67,500,68,500,94,365,95,25,96,543,49.5
2026-04-18 02:21:50 PM,KXATPCHALLENGERMATCH-26APR19SUNTUL-SUN,32,250,6,116,5,194,4,823,3,540,67,500,68,1000,94,365,95,25,96,543,49.5
2026-04-18 02:21:50 PM,KXATPCHALLENGERMATCH-26APR19SUNTUL-SUN,33,250,32,250,6,116,5,194,4,823,67,500,68,1000,94,365,95,25,96,543,50.0
2026-04-18 02:21:50 PM,KXATPCHALLENGERMATCH-26APR19SUNTUL-SUN,33,250,6,116,5,194,4,823,3,540,67,500,68,1000,94,365,95,25,96,543,50.0
2026-04-18 02:21:51 PM,KXATPCHALLENGERMATCH-26APR19SUNTUL-SUN,33,250,6,116,5,194,4,823,3,540,67,500,68,500,94,365,95,25,96,543,50.0
2026-04-18 02:21:51 PM,KXATPCHALLENGERMATCH-26APR19SUNTUL-SUN,33,250,6,116,5,194,4,823,3,540,67,500,94,365,95,25,96,543,97,84,50.0
2026-04-18 02:21:51 PM,KXATPCHALLENGERMATCH-26APR19SUNTUL-SUN,33,250,6,116,5,194,4,823,3,540,66,500,67,500,94,365,95,25,96,543,49.5
2026-04-18 02:21:51 PM,KXATPCHALLENGERMATCH-26APR19SUNTUL-SUN,33,250,6,116,5,194,4,823,3,540,66,500,67,1000,94,365,95,25,96,543,49.5
2026-04-18 02:21:51 PM,KXATPCHALLENGERMATCH-26APR19SUNTUL-SUN,34,250,33,250,6,116,5,194,4,823,66,500,67,1000,94,365,95,25,96,543,50.0
2026-04-18 02:21:51 PM,KXATPCHALLENGERMATCH-26APR19SUNTUL-SUN,34,250,6,116,5,194,4,823,3,540,66,500,67,1000,94,365,95,25,96,543,50.0
2026-04-18 02:21:52 PM,KXATPCHALLENGERMATCH-26APR19SUNTUL-SUN,34,250,24,8,6,116,5,194,4,823,66,500,67,1000,94,365,95,25,96,543,50.0
2026-04-18 02:21:52 PM,KXATPCHALLENGERMATCH-26APR19SUNTUL-SUN,34,250,24,8,6,116,5,194,4,823,66,500,67,1000,76,8,94,365,95,25,50.0
2026-04-18 02:21:52 PM,KXATPCHALLENGERMATCH-26APR19SUNTUL-SUN,34,250,24,8,6,116,5,194,4,823,66,500,67,500,76,8,94,365,95,25,50.0
2026-04-18 02:21:52 PM,KXATPCHALLENGERMATCH-26APR19SUNTUL-SUN,34,250,24,8,6,116,5,194,4,823,66,500,76,8,94,365,95,25,96,543,50.0
2026-04-18 02:21:52 PM,KXATPCHALLENGERMATCH-26APR19SUNTUL-SUN,34,250,24,8,6,116,5,194,4,823,65,500,66,500,76,8,94,365,95,25,49.5
2026-04-18 02:21:52 PM,KXATPCHALLENGERMATCH-26APR19SUNTUL-SUN,34,250,24,8,6,116,5,194,4,823,65,500,66,1000,76,8,94,365,95,25,49.5
2026-04-18 02:21:52 PM,KXATPCHALLENGERMATCH-26APR19SUNTUL-SUN,35,250,34,250,24,8,6,116,5,194,65,500,66,1000,76,8,94,365,95,25,50.0
2026-04-18 02:21:52 PM,KXATPCHALLENGERMATCH-26APR19SUNTUL-SUN,35,250,24,8,6,116,5,194,4,823,65,500,66,1000,76,8,94,365,95,25,50.0
2026-04-18 02:21:53 PM,KXATPCHALLENGERMATCH-26APR19SUNTUL-SUN,35,250,24,8,6,116,5,194,4,823,66,1000,76,8,94,365,95,25,96,543,50.5
2026-04-18 02:21:53 PM,KXATPCHALLENGERMATCH-26APR19SUNTUL-SUN,35,250,24,8,6,116,5,194,4,823,66,500,76,8,94,365,95,25,96,543,50.5
2026-04-18 02:21:53 PM,KXATPCHALLENGERMATCH-26APR19SUNTUL-SUN,35,250,24,8,6,116,5,194,4,823,76,8,94,365,95,25,96,543,97,84,55.5
2026-04-18 02:21:53 PM,KXATPCHALLENGERMATCH-26APR19SUNTUL-SUN,35,250,24,8,6,116,5,194,4,823,74,500,76,8,94,365,95,25,96,543,54.5
2026-04-18 02:21:53 PM,KXATPCHALLENGERMATCH-26APR19SUNTUL-SUN,35,250,24,8,6,116,5,194,4,823,74,500,75,1000,76,8,94,365,95,25,54.5
2026-04-18 02:21:54 PM,KXATPCHALLENGERMATCH-26APR19SUNTUL-SUN,36,250,35,250,24,8,6,116,5,194,74,500,75,1000,76,8,94,365,95,25,55.0
2026-04-18 02:21:54 PM,KXATPCHALLENGERMATCH-26APR19SUNTUL-SUN,36,250,24,8,6,116,5,194,4,823,74,500,75,1000,76,8,94,365,95,25,55.0
2026-04-18 02:21:54 PM,KXATPCHALLENGERMATCH-26APR19SUNTUL-SUN,37,250,36,250,24,8,6,116,5,194,74,500,75,1000,76,8,94,365,95,25,55.5
2026-04-18 02:21:55 PM,KXATPCHALLENGERMATCH-26APR19SUNTUL-SUN,37,250,36,250,24,8,6,116,5,194,74,500,76,8,94,365,95,25,96,543,55.5
2026-04-18 02:21:55 PM,KXATPCHALLENGERMATCH-26APR19SUNTUL-SUN,37,250,36,250,24,8,6,116,5,194,73,500,74,500,76,8,94,365,95,25,55.0
2026-04-18 02:21:55 PM,KXATPCHALLENGERMATCH-26APR19SUNTUL-SUN,37,250,36,250,24,8,6,116,5,194,73,500,74,1000,76,8,94,365,95,25,55.0
2026-04-18 02:21:55 PM,KXATPCHALLENGERMATCH-26APR19SUNTUL-SUN,37,250,24,8,6,116,5,194,4,823,73,500,74,1000,76,8,94,365,95,25,55.0
2026-04-18 02:21:55 PM,KXATPCHALLENGERMATCH-26APR19SUNTUL-SUN,38,250,37,250,24,8,6,116,5,194,73,500,74,1000,76,8,94,365,95,25,55.5
2026-04-18 02:21:55 PM,KXATPCHALLENGERMATCH-26APR19SUNTUL-SUN,38,250,24,8,6,116,5,194,4,823,73,500,74,1000,76,8,94,365,95,25,55.5
2026-04-18 02:21:56 PM,KXATPCHALLENGERMATCH-26APR19SUNTUL-SUN,38,250,24,8,6,116,5,194,4,823,74,1000,76,8,94,365,95,25,96,543,56.0
2026-04-18 02:21:56 PM,KXATPCHALLENGERMATCH-26APR19SUNTUL-SUN,38,250,24,8,6,116,5,194,4,823,74,500,76,8,94,365,95,25,96,543,56.0
2026-04-18 02:21:56 PM,KXATPCHALLENGERMATCH-26APR19SUNTUL-SUN,38,250,24,8,6,116,5,194,4,823,76,8,94,365,95,25,96,543,97,84,57.0
2026-04-18 02:21:56 PM,KXATPCHALLENGERMATCH-26APR19SUNTUL-SUN,38,250,24,8,6,116,5,194,4,823,75,500,76,8,94,365,95,25,96,543,56.5
2026-04-18 02:21:56 PM,KXATPCHALLENGERMATCH-26APR19SUNTUL-SUN,38,250,24,8,6,116,5,194,4,823,75,500,76,1008,94,365,95,25,96,543,56.5
2026-04-18 02:21:56 PM,KXATPCHALLENGERMATCH-26APR19SUNTUL-SUN,39,250,38,250,24,8,6,116,5,194,75,500,76,1008,94,365,95,25,96,543,57.0
2026-04-18 02:21:56 PM,KXATPCHALLENGERMATCH-26APR19SUNTUL-SUN,39,250,24,8,6,116,5,194,4,823,75,500,76,1008,94,365,95,25,96,543,57.0
2026-04-18 02:21:57 PM,KXATPCHALLENGERMATCH-26APR19SUNTUL-SUN,40,250,39,250,24,8,6,116,5,194,75,500,76,1008,94,365,95,25,96,543,57.5
2026-04-18 02:21:58 PM,KXATPCHALLENGERMATCH-26APR19SUNTUL-SUN,40,250,39,250,24,8,6,116,5,194,75,500,76,8,94,365,95,25,96,543,57.5
2026-04-18 02:21:58 PM,KXATPCHALLENGERMATCH-26APR19SUNTUL-SUN,40,250,39,250,24,8,6,116,5,194,74,500,75,500,76,8,94,365,95,25,57.0
2026-04-18 02:21:58 PM,KXATPCHALLENGERMATCH-26APR19SUNTUL-SUN,40,250,39,250,24,8,6,116,5,194,74,500,75,1000,76,8,94,365,95,25,57.0
2026-04-18 02:21:58 PM,KXATPCHALLENGERMATCH-26APR19SUNTUL-SUN,40,250,24,8,6,116,5,194,4,823,74,500,75,1000,76,8,94,365,95,25,57.0
2026-04-18 02:21:58 PM,KXATPCHALLENGERMATCH-26APR19SUNTUL-SUN,41,250,40,250,24,8,6,116,5,194,74,500,75,1000,76,8,94,365,95,25,57.5
2026-04-18 02:21:58 PM,KXATPCHALLENGERMATCH-26APR19SUNTUL-SUN,41,250,24,8,6,116,5,194,4,823,74,500,75,1000,76,8,94,365,95,25,57.5
2026-04-18 02:21:58 PM,KXATPCHALLENGERMATCH-26APR19SUNTUL-SUN,41,250,24,8,6,116,5,194,4,823,75,1000,76,8,94,365,95,25,96,543,58.0
2026-04-18 02:21:59 PM,KXATPCHALLENGERMATCH-26APR19SUNTUL-SUN,41,250,24,8,6,116,5,194,4,823,75,500,76,8,94,365,95,25,96,543,58.0
2026-04-18 02:21:59 PM,KXATPCHALLENGERMATCH-26APR19SUNTUL-SUN,41,250,24,8,6,116,5,194,4,823,75,500,76,1008,94,365,95,25,96,543,58.0
2026-04-18 02:21:59 PM,KXATPCHALLENGERMATCH-26APR19SUNTUL-SUN,41,250,40,250,24,8,6,116,5,194,75,500,76,1008,94,365,95,25,96,543,58.0
2026-04-18 02:21:59 PM,KXATPCHALLENGERMATCH-26APR19SUNTUL-SUN,41,250,40,250,24,8,6,116,5,194,75,500,76,8,94,365,95,25,96,543,58.0
2026-04-18 02:21:59 PM,KXATPCHALLENGERMATCH-26APR19SUNTUL-SUN,41,250,40,250,24,8,6,116,5,194,74,500,75,500,76,8,94,365,95,25,57.5
2026-04-18 02:21:59 PM,KXATPCHALLENGERMATCH-26APR19SUNTUL-SUN,41,250,40,250,24,8,6,116,5,194,74,500,75,1000,76,8,94,365,95,25,57.5
2026-04-18 02:22:00 PM,KXATPCHALLENGERMATCH-26APR19SUNTUL-SUN,41,250,40,250,24,8,6,116,5,194,74,500,75,500,76,8,94,365,95,25,57.5
2026-04-18 02:22:00 PM,KXATPCHALLENGERMATCH-26APR19SUNTUL-SUN,41,250,40,250,24,8,6,116,5,194,74,500,76,8,94,365,95,25,96,543,57.5
2026-04-18 02:22:00 PM,KXATPCHALLENGERMATCH-26APR19SUNTUL-SUN,41,250,40,250,24,8,6,116,5,194,73,500,74,500,76,8,94,365,95,25,57.0
2026-04-18 02:22:00 PM,KXATPCHALLENGERMATCH-26APR19SUNTUL-SUN,41,250,40,250,24,8,6,116,5,194,73,500,74,1000,76,8,94,365,95,25,57.0
2026-04-18 02:22:00 PM,KXATPCHALLENGERMATCH-26APR19SUNTUL-SUN,41,250,40,250,24,8,6,116,5,194,73,500,74,500,76,8,94,365,95,25,57.0
2026-04-18 02:22:00 PM,KXATPCHALLENGERMATCH-26APR19SUNTUL-SUN,41,250,40,250,24,8,6,116,5,194,73,500,76,8,94,365,95,25,96,543,57.0
2026-04-18 02:22:00 PM,KXATPCHALLENGERMATCH-26APR19SUNTUL-SUN,41,250,40,250,24,8,6,116,5,194,72,500,73,500,76,8,94,365,95,25,56.5
2026-04-18 02:22:00 PM,KXATPCHALLENGERMATCH-26APR19SUNTUL-SUN,41,250,40,250,24,8,6,116,5,194,72,500,73,1000,76,8,94,365,95,25,56.5
2026-04-18 02:22:01 PM,KXATPCHALLENGERMATCH-26APR19SUNTUL-SUN,41,250,40,250,24,8,6,116,5,194,72,500,73,500,76,8,94,365,95,25,56.5
2026-04-18 02:22:01 PM,KXATPCHALLENGERMATCH-26APR19SUNTUL-SUN,41,250,40,250,24,8,6,116,5,194,72,500,76,8,94,365,95,25,96,543,56.5
2026-04-18 02:22:01 PM,KXATPCHALLENGERMATCH-26APR19SUNTUL-SUN,41,250,40,250,24,8,6,116,5,194,71,500,72,500,76,8,94,365,95,25,56.0
2026-04-18 02:22:01 PM,KXATPCHALLENGERMATCH-26APR19SUNTUL-SUN,41,250,40,250,24,8,6,116,5,194,71,500,72,1000,76,8,94,365,95,25,56.0
2026-04-18 02:22:01 PM,KXATPCHALLENGERMATCH-26APR19SUNTUL-SUN,41,250,40,250,24,8,6,116,5,194,71,500,72,500,76,8,94,365,95,25,56.0
2026-04-18 02:22:01 PM,KXATPCHALLENGERMATCH-26APR19SUNTUL-SUN,41,250,40,250,24,8,6,116,5,194,71,500,76,8,94,365,95,25,96,543,56.0
2026-04-18 02:22:01 PM,KXATPCHALLENGERMATCH-26APR19SUNTUL-SUN,41,250,40,250,24,8,6,116,5,194,70,500,71,500,76,8,94,365,95,25,55.5
2026-04-18 02:22:02 PM,KXATPCHALLENGERMATCH-26APR19SUNTUL-SUN,41,250,40,250,24,8,6,116,5,194,70,500,71,1000,76,8,94,365,95,25,55.5
2026-04-18 02:22:02 PM,KXATPCHALLENGERMATCH-26APR19SUNTUL-SUN,41,250,40,250,24,8,6,116,5,194,70,500,71,500,76,8,94,365,95,25,55.5
2026-04-18 02:22:02 PM,KXATPCHALLENGERMATCH-26APR19SUNTUL-SUN,41,250,40,250,24,8,6,116,5,194,70,500,76,8,94,365,95,25,96,543,55.5
2026-04-18 02:22:02 PM,KXATPCHALLENGERMATCH-26APR19SUNTUL-SUN,41,250,40,250,24,8,6,116,5,194,69,500,70,500,76,8,94,365,95,25,55.0
2026-04-18 02:22:02 PM,KXATPCHALLENGERMATCH-26APR19SUNTUL-SUN,41,250,40,250,24,8,6,116,5,194,69,500,70,1000,76,8,94,365,95,25,55.0
2026-04-18 02:22:02 PM,KXATPCHALLENGERMATCH-26APR19SUNTUL-SUN,41,250,40,250,24,8,6,116,5,194,69,500,70,500,76,8,94,365,95,25,55.0
2026-04-18 02:22:02 PM,KXATPCHALLENGERMATCH-26APR19SUNTUL-SUN,41,250,40,250,24,8,6,116,5,194,69,500,76,8,94,365,95,25,96,543,55.0
2026-04-18 02:22:02 PM,KXATPCHALLENGERMATCH-26APR19SUNTUL-SUN,41,250,40,250,24,8,6,116,5,194,68,500,69,500,76,8,94,365,95,25,54.5
2026-04-18 02:22:03 PM,KXATPCHALLENGERMATCH-26APR19SUNTUL-SUN,41,250,40,250,24,8,6,116,5,194,68,500,69,1000,76,8,94,365,95,25,54.5
2026-04-18 02:22:03 PM,KXATPCHALLENGERMATCH-26APR19SUNTUL-SUN,41,250,40,250,24,8,6,116,5,194,68,500,69,500,76,8,94,365,95,25,54.5
2026-04-18 02:22:03 PM,KXATPCHALLENGERMATCH-26APR19SUNTUL-SUN,41,250,40,250,24,8,6,116,5,194,68,500,76,8,94,365,95,25,96,543,54.5
2026-04-18 02:22:03 PM,KXATPCHALLENGERMATCH-26APR19SUNTUL-SUN,41,250,40,250,24,8,6,116,5,194,67,500,68,500,76,8,94,365,95,25,54.0
2026-04-18 02:22:03 PM,KXATPCHALLENGERMATCH-26APR19SUNTUL-SUN,41,250,40,250,24,8,6,116,5,194,67,500,68,1000,76,8,94,365,95,25,54.0
2026-04-18 02:22:03 PM,KXATPCHALLENGERMATCH-26APR19SUNTUL-SUN,41,250,40,250,24,8,6,116,5,194,67,500,68,500,76,8,94,365,95,25,54.0
2026-04-18 02:22:03 PM,KXATPCHALLENGERMATCH-26APR19SUNTUL-SUN,41,250,40,250,24,8,6,116,5,194,67,500,76,8,94,365,95,25,96,543,54.0
2026-04-18 02:22:04 PM,KXATPCHALLENGERMATCH-26APR19SUNTUL-SUN,41,250,40,250,24,8,6,116,5,194,66,500,67,500,76,8,94,365,95,25,53.5
2026-04-18 02:22:04 PM,KXATPCHALLENGERMATCH-26APR19SUNTUL-SUN,41,250,40,250,24,8,6,116,5,194,66,500,67,1000,76,8,94,365,95,25,53.5
2026-04-18 02:22:04 PM,KXATPCHALLENGERMATCH-26APR19SUNTUL-SUN,41,250,40,250,24,8,6,116,5,194,66,500,67,500,76,8,94,365,95,25,53.5
2026-04-18 02:22:04 PM,KXATPCHALLENGERMATCH-26APR19SUNTUL-SUN,41,250,40,250,24,8,6,116,5,194,66,500,76,8,94,365,95,25,96,543,53.5
2026-04-18 02:22:04 PM,KXATPCHALLENGERMATCH-26APR19SUNTUL-SUN,41,250,40,250,24,8,6,116,5,194,65,500,66,500,76,8,94,365,95,25,53.0
2026-04-18 02:22:04 PM,KXATPCHALLENGERMATCH-26APR19SUNTUL-SUN,41,250,40,250,24,8,6,116,5,194,65,500,66,1000,76,8,94,365,95,25,53.0
2026-04-18 02:22:04 PM,KXATPCHALLENGERMATCH-26APR19SUNTUL-SUN,41,250,40,250,24,8,6,116,5,194,65,503,66,1000,76,8,94,365,95,25,53.0
2026-04-18 02:22:05 PM,KXATPCHALLENGERMATCH-26APR19SUNTUL-SUN,41,250,40,250,24,8,6,116,5,194,65,503,66,500,76,8,94,365,95,25,53.0
2026-04-18 02:22:05 PM,KXATPCHALLENGERMATCH-26APR19SUNTUL-SUN,41,250,40,250,24,8,6,116,5,194,65,503,76,8,94,365,95,25,96,543,53.0
2026-04-18 02:22:05 PM,KXATPCHALLENGERMATCH-26APR19SUNTUL-SUN,41,250,40,250,24,8,6,116,5,194,64,500,65,503,76,8,94,365,95,25,52.5
2026-04-18 02:22:05 PM,KXATPCHALLENGERMATCH-26APR19SUNTUL-SUN,41,250,40,250,24,8,6,116,5,194,64,500,65,1003,76,8,94,365,95,25,52.5
2026-04-18 02:22:05 PM,KXATPCHALLENGERMATCH-26APR19SUNTUL-SUN,41,250,40,250,24,8,6,116,5,194,64,500,65,503,76,8,94,365,95,25,52.5
2026-04-18 02:22:05 PM,KXATPCHALLENGERMATCH-26APR19SUNTUL-SUN,41,250,40,250,24,8,6,116,5,194,64,500,65,3,76,8,94,365,95,25,52.5
2026-04-18 02:22:05 PM,KXATPCHALLENGERMATCH-26APR19SUNTUL-SUN,41,250,40,250,24,8,6,116,5,194,63,500,64,500,65,3,76,8,94,365,52.0
2026-04-18 02:22:05 PM,KXATPCHALLENGERMATCH-26APR19SUNTUL-SUN,41,250,40,250,24,8,6,116,5,194,63,500,64,1000,65,3,76,8,94,365,52.0
2026-04-18 02:22:06 PM,KXATPCHALLENGERMATCH-26APR19SUNTUL-SUN,41,250,40,250,24,8,6,116,5,194,63,500,64,500,65,3,76,8,94,365,52.0
2026-04-18 02:22:06 PM,KXATPCHALLENGERMATCH-26APR19SUNTUL-SUN,41,250,40,250,24,8,6,116,5,194,63,500,65,3,76,8,94,365,95,25,52.0
2026-04-18 02:22:06 PM,KXATPCHALLENGERMATCH-26APR19SUNTUL-SUN,41,250,40,250,24,8,6,116,5,194,62,500,63,500,65,3,76,8,94,365,51.5
2026-04-18 02:22:06 PM,KXATPCHALLENGERMATCH-26APR19SUNTUL-SUN,41,250,40,250,24,8,6,116,5,194,62,500,63,1000,65,3,76,8,94,365,51.5
2026-04-18 02:22:06 PM,KXATPCHALLENGERMATCH-26APR19SUNTUL-SUN,41,250,40,250,24,8,6,116,5,194,62,500,63,500,65,3,76,8,94,365,51.5
2026-04-18 02:22:06 PM,KXATPCHALLENGERMATCH-26APR19SUNTUL-SUN,41,250,40,250,24,8,6,116,5,194,62,500,65,3,76,8,94,365,95,25,51.5
2026-04-18 02:22:06 PM,KXATPCHALLENGERMATCH-26APR19SUNTUL-SUN,41,250,40,250,24,8,6,116,5,194,61,500,62,500,65,3,76,8,94,365,51.0
2026-04-18 02:22:06 PM,KXATPCHALLENGERMATCH-26APR19SUNTUL-SUN,41,250,40,250,24,8,6,116,5,194,61,500,62,1000,65,3,76,8,94,365,51.0
2026-04-18 02:22:07 PM,KXATPCHALLENGERMATCH-26APR19SUNTUL-SUN,41,250,40,250,24,8,6,116,5,194,61,500,62,500,65,3,76,8,94,365,51.0
2026-04-18 02:22:07 PM,KXATPCHALLENGERMATCH-26APR19SUNTUL-SUN,41,250,40,250,24,8,6,116,5,194,61,500,65,3,76,8,94,365,95,25,51.0
2026-04-18 02:22:07 PM,KXATPCHALLENGERMATCH-26APR19SUNTUL-SUN,41,250,40,250,24,8,6,116,5,194,60,500,61,500,65,3,76,8,94,365,50.5
2026-04-18 02:22:07 PM,KXATPCHALLENGERMATCH-26APR19SUNTUL-SUN,41,250,40,250,24,8,6,116,5,194,60,500,61,1000,65,3,76,8,94,365,50.5
2026-04-18 02:22:07 PM,KXATPCHALLENGERMATCH-26APR19SUNTUL-SUN,41,250,40,250,24,8,6,116,5,194,60,500,61,500,65,3,76,8,94,365,50.5
2026-04-18 02:22:07 PM,KXATPCHALLENGERMATCH-26APR19SUNTUL-SUN,41,250,40,250,24,8,6,116,5,194,60,500,65,3,76,8,94,365,95,25,50.5
2026-04-18 02:22:07 PM,KXATPCHALLENGERMATCH-26APR19SUNTUL-SUN,41,250,40,250,24,8,6,116,5,194,59,500,60,500,65,3,76,8,94,365,50.0
2026-04-18 02:22:08 PM,KXATPCHALLENGERMATCH-26APR19SUNTUL-SUN,41,250,40,250,24,8,6,116,5,194,59,500,60,1000,65,3,76,8,94,365,50.0
2026-04-18 02:22:35 PM,KXATPCHALLENGERMATCH-26APR19SUNTUL-SUN,41,250,40,250,24,8,6,116,5,194,59,499,60,1000,65,3,76,8,94,365,50.0
2026-04-18 02:22:35 PM,KXATPCHALLENGERMATCH-26APR19SUNTUL-SUN,41,250,40,250,24,8,6,116,5,194,59,499,60,1000,76,8,94,365,95,25,50.0
2026-04-18 02:22:36 PM,KXATPCHALLENGERMATCH-26APR19SUNTUL-SUN,41,250,40,250,24,8,6,116,5,194,60,1000,76,8,94,365,95,25,96,543,50.5
2026-04-18 02:22:37 PM,KXATPCHALLENGERMATCH-26APR19SUNTUL-SUN,41,250,40,250,24,8,6,116,5,194,60,500,76,8,94,365,95,25,96,543,50.5
2026-04-18 02:22:37 PM,KXATPCHALLENGERMATCH-26APR19SUNTUL-SUN,41,250,40,250,24,8,6,116,5,194,60,500,61,1000,76,8,94,365,95,25,50.5
2026-04-18 02:22:38 PM,KXATPCHALLENGERMATCH-26APR19SUNTUL-SUN,41,250,40,250,24,8,6,116,5,194,60,500,76,8,94,365,95,25,96,543,50.5
2026-04-18 02:22:39 PM,KXATPCHALLENGERMATCH-26APR19SUNTUL-SUN,41,250,40,250,24,8,6,116,5,194,59,500,60,500,76,8,94,365,95,25,50.0
2026-04-18 02:22:39 PM,KXATPCHALLENGERMATCH-26APR19SUNTUL-SUN,41,250,40,250,24,8,6,116,5,194,59,500,60,1000,76,8,94,365,95,25,50.0
2026-04-18 02:22:39 PM,KXATPCHALLENGERMATCH-26APR19SUNTUL-SUN,40,250,24,8,6,116,5,194,4,823,59,500,60,1000,76,8,94,365,95,25,49.5
2026-04-18 02:22:39 PM,KXATPCHALLENGERMATCH-26APR19SUNTUL-SUN,24,8,6,116,5,194,4,823,3,540,59,500,60,1000,76,8,94,365,95,25,41.5
2026-04-18 02:22:39 PM,KXATPCHALLENGERMATCH-26APR19SUNTUL-SUN,39,250,24,8,6,116,5,194,4,823,59,500,60,1000,76,8,94,365,95,25,49.0
2026-04-18 02:22:39 PM,KXATPCHALLENGERMATCH-26APR19SUNTUL-SUN,39,250,38,250,24,8,6,116,5,194,59,500,60,1000,76,8,94,365,95,25,49.0
2026-04-18 02:22:39 PM,KXATPCHALLENGERMATCH-26APR19SUNTUL-SUN,39,250,38,250,24,8,6,116,5,194,59,500,60,500,76,8,94,365,95,25,49.0
2026-04-18 02:22:39 PM,KXATPCHALLENGERMATCH-26APR19SUNTUL-SUN,39,250,38,250,24,8,6,116,5,194,59,500,76,8,94,365,95,25,96,543,49.0
2026-04-18 02:22:40 PM,KXATPCHALLENGERMATCH-26APR19SUNTUL-SUN,39,250,38,250,24,8,6,116,5,194,58,500,59,500,76,8,94,365,95,25,48.5
2026-04-18 02:22:40 PM,KXATPCHALLENGERMATCH-26APR19SUNTUL-SUN,39,250,38,250,24,8,6,116,5,194,58,500,59,1000,76,8,94,365,95,25,48.5
2026-04-18 02:22:40 PM,KXATPCHALLENGERMATCH-26APR19SUNTUL-SUN,39,250,24,8,6,116,5,194,4,823,58,500,59,1000,76,8,94,365,95,25,48.5
2026-04-18 02:22:40 PM,KXATPCHALLENGERMATCH-26APR19SUNTUL-SUN,40,250,39,250,24,8,6,116,5,194,58,500,59,1000,76,8,94,365,95,25,49.0
2026-04-18 02:22:40 PM,KXATPCHALLENGERMATCH-26APR19SUNTUL-SUN,40,250,24,8,6,116,5,194,4,823,58,500,59,1000,76,8,94,365,95,25,49.0
2026-04-18 02:22:40 PM,KXATPCHALLENGERMATCH-26APR19SUNTUL-SUN,40,250,24,8,6,116,5,194,4,823,59,1000,76,8,94,365,95,25,96,543,49.5
2026-04-18 02:22:40 PM,KXATPCHALLENGERMATCH-26APR19SUNTUL-SUN,40,250,24,8,6,116,5,194,4,823,59,500,76,8,94,365,95,25,96,543,49.5
2026-04-18 02:22:40 PM,KXATPCHALLENGERMATCH-26APR19SUNTUL-SUN,40,250,24,8,6,116,5,194,4,823,76,8,94,365,95,25,96,543,97,84,58.0
2026-04-18 02:22:41 PM,KXATPCHALLENGERMATCH-26APR19SUNTUL-SUN,40,250,24,8,6,116,5,194,4,823,75,500,76,8,94,365,95,25,96,543,57.5
2026-04-18 02:22:41 PM,KXATPCHALLENGERMATCH-26APR19SUNTUL-SUN,40,250,24,8,6,116,5,194,4,823,75,500,76,1008,94,365,95,25,96,543,57.5
2026-04-18 02:22:41 PM,KXATPCHALLENGERMATCH-26APR19SUNTUL-SUN,41,250,40,250,24,8,6,116,5,194,75,500,76,1008,94,365,95,25,96,543,58.0
2026-04-18 02:22:41 PM,KXATPCHALLENGERMATCH-26APR19SUNTUL-SUN,41,250,40,250,24,8,6,116,5,194,75,500,76,8,94,365,95,25,96,543,58.0
2026-04-18 02:22:41 PM,KXATPCHALLENGERMATCH-26APR19SUNTUL-SUN,41,250,40,250,24,8,6,116,5,194,74,500,75,500,76,8,94,365,95,25,57.5
2026-04-18 02:22:41 PM,KXATPCHALLENGERMATCH-26APR19SUNTUL-SUN,41,250,40,250,24,8,6,116,5,194,74,500,75,1000,76,8,94,365,95,25,57.5
2026-04-18 02:22:42 PM,KXATPCHALLENGERMATCH-26APR19SUNTUL-SUN,41,250,40,250,24,8,6,116,5,194,74,500,75,500,76,8,94,365,95,25,57.5
2026-04-18 02:22:42 PM,KXATPCHALLENGERMATCH-26APR19SUNTUL-SUN,41,250,40,250,24,8,6,116,5,194,74,500,76,8,94,365,95,25,96,543,57.5
2026-04-18 02:22:42 PM,KXATPCHALLENGERMATCH-26APR19SUNTUL-SUN,41,250,40,250,24,8,6,116,5,194,73,500,74,500,76,8,94,365,95,25,57.0
2026-04-18 02:22:42 PM,KXATPCHALLENGERMATCH-26APR19SUNTUL-SUN,41,250,40,250,24,8,6,116,5,194,73,500,74,1000,76,8,94,365,95,25,57.0
2026-04-18 02:22:42 PM,KXATPCHALLENGERMATCH-26APR19SUNTUL-SUN,41,250,40,250,24,8,6,116,5,194,73,500,74,500,76,8,94,365,95,25,57.0
2026-04-18 02:22:42 PM,KXATPCHALLENGERMATCH-26APR19SUNTUL-SUN,41,250,40,250,24,8,6,116,5,194,73,500,76,8,94,365,95,25,96,543,57.0
2026-04-18 02:22:42 PM,KXATPCHALLENGERMATCH-26APR19SUNTUL-SUN,41,250,40,250,24,8,6,116,5,194,72,500,73,500,76,8,94,365,95,25,56.5
2026-04-18 02:22:42 PM,KXATPCHALLENGERMATCH-26APR19SUNTUL-SUN,41,250,40,250,24,8,6,116,5,194,72,500,73,1000,76,8,94,365,95,25,56.5
2026-04-18 02:22:43 PM,KXATPCHALLENGERMATCH-26APR19SUNTUL-SUN,41,250,40,250,24,8,6,116,5,194,72,500,73,500,76,8,94,365,95,25,56.5
2026-04-18 02:22:43 PM,KXATPCHALLENGERMATCH-26APR19SUNTUL-SUN,41,250,40,250,24,8,6,116,5,194,72,500,76,8,94,365,95,25,96,543,56.5
2026-04-18 02:22:43 PM,KXATPCHALLENGERMATCH-26APR19SUNTUL-SUN,41,250,40,250,24,8,6,116,5,194,71,500,72,500,76,8,94,365,95,25,56.0
2026-04-18 02:22:43 PM,KXATPCHALLENGERMATCH-26APR19SUNTUL-SUN,41,250,40,250,24,8,6,116,5,194,71,500,72,1000,76,8,94,365,95,25,56.0
2026-04-18 02:22:43 PM,KXATPCHALLENGERMATCH-26APR19SUNTUL-SUN,41,250,40,250,24,8,6,116,5,194,71,500,72,500,76,8,94,365,95,25,56.0
2026-04-18 02:22:43 PM,KXATPCHALLENGERMATCH-26APR19SUNTUL-SUN,41,250,40,250,24,8,6,116,5,194,71,500,76,8,94,365,95,25,96,543,56.0
2026-04-18 02:22:43 PM,KXATPCHALLENGERMATCH-26APR19SUNTUL-SUN,41,250,40,250,24,8,6,116,5,194,70,500,71,500,76,8,94,365,95,25,55.5
2026-04-18 02:22:43 PM,KXATPCHALLENGERMATCH-26APR19SUNTUL-SUN,41,250,40,250,24,8,6,116,5,194,70,500,71,1000,76,8,94,365,95,25,55.5
2026-04-18 02:22:44 PM,KXATPCHALLENGERMATCH-26APR19SUNTUL-SUN,41,250,40,250,24,8,6,116,5,194,70,500,71,500,76,8,94,365,95,25,55.5
2026-04-18 02:22:44 PM,KXATPCHALLENGERMATCH-26APR19SUNTUL-SUN,41,250,40,250,24,8,6,116,5,194,70,500,76,8,94,365,95,25,96,543,55.5
2026-04-18 02:22:44 PM,KXATPCHALLENGERMATCH-26APR19SUNTUL-SUN,41,250,40,250,24,8,6,116,5,194,69,500,70,500,76,8,94,365,95,25,55.0
2026-04-18 02:22:44 PM,KXATPCHALLENGERMATCH-26APR19SUNTUL-SUN,41,250,40,250,24,8,6,116,5,194,69,500,70,1000,76,8,94,365,95,25,55.0
2026-04-18 02:22:44 PM,KXATPCHALLENGERMATCH-26APR19SUNTUL-SUN,41,250,40,250,24,8,6,116,5,194,69,500,70,500,76,8,94,365,95,25,55.0
2026-04-18 02:22:44 PM,KXATPCHALLENGERMATCH-26APR19SUNTUL-SUN,41,250,40,250,24,8,6,116,5,194,69,500,76,8,94,365,95,25,96,543,55.0
2026-04-18 02:22:44 PM,KXATPCHALLENGERMATCH-26APR19SUNTUL-SUN,41,250,40,250,24,8,6,116,5,194,68,500,69,500,76,8,94,365,95,25,54.5
2026-04-18 02:22:45 PM,KXATPCHALLENGERMATCH-26APR19SUNTUL-SUN,41,250,40,250,24,8,6,116,5,194,68,500,69,1000,76,8,94,365,95,25,54.5
2026-04-18 02:22:45 PM,KXATPCHALLENGERMATCH-26APR19SUNTUL-SUN,41,250,40,250,24,8,6,116,5,194,68,500,69,500,76,8,94,365,95,25,54.5
2026-04-18 02:22:45 PM,KXATPCHALLENGERMATCH-26APR19SUNTUL-SUN,41,250,40,250,24,8,6,116,5,194,68,500,76,8,94,365,95,25,96,543,54.5
2026-04-18 02:22:45 PM,KXATPCHALLENGERMATCH-26APR19SUNTUL-SUN,41,250,40,250,24,8,6,116,5,194,67,500,68,500,76,8,94,365,95,25,54.0
2026-04-18 02:22:45 PM,KXATPCHALLENGERMATCH-26APR19SUNTUL-SUN,41,250,40,250,24,8,6,116,5,194,67,500,68,1000,76,8,94,365,95,25,54.0
2026-04-18 02:22:45 PM,KXATPCHALLENGERMATCH-26APR19SUNTUL-SUN,41,250,40,250,24,8,6,116,5,194,67,500,68,500,76,8,94,365,95,25,54.0
2026-04-18 02:22:45 PM,KXATPCHALLENGERMATCH-26APR19SUNTUL-SUN,41,250,40,250,24,8,6,116,5,194,67,500,76,8,94,365,95,25,96,543,54.0
2026-04-18 02:22:46 PM,KXATPCHALLENGERMATCH-26APR19SUNTUL-SUN,41,250,40,250,24,8,6,116,5,194,66,500,67,500,76,8,94,365,95,25,53.5
2026-04-18 02:22:46 PM,KXATPCHALLENGERMATCH-26APR19SUNTUL-SUN,41,250,40,250,24,8,6,116,5,194,66,500,67,1000,76,8,94,365,95,25,53.5
2026-04-18 02:22:46 PM,KXATPCHALLENGERMATCH-26APR19SUNTUL-SUN,41,250,40,250,24,8,6,116,5,194,66,500,67,500,76,8,94,365,95,25,53.5
2026-04-18 02:22:46 PM,KXATPCHALLENGERMATCH-26APR19SUNTUL-SUN,41,250,40,250,24,8,6,116,5,194,66,500,76,8,94,365,95,25,96,543,53.5
2026-04-18 02:22:46 PM,KXATPCHALLENGERMATCH-26APR19SUNTUL-SUN,41,250,40,250,24,8,6,116,5,194,65,500,66,500,76,8,94,365,95,25,53.0
2026-04-18 02:22:46 PM,KXATPCHALLENGERMATCH-26APR19SUNTUL-SUN,41,250,40,250,24,8,6,116,5,194,65,500,66,1000,76,8,94,365,95,25,53.0
2026-04-18 02:22:46 PM,KXATPCHALLENGERMATCH-26APR19SUNTUL-SUN,41,250,40,250,24,8,6,116,5,194,65,500,66,500,76,8,94,365,95,25,53.0
2026-04-18 02:22:46 PM,KXATPCHALLENGERMATCH-26APR19SUNTUL-SUN,41,250,40,250,24,8,6,116,5,194,65,500,76,8,94,365,95,25,96,543,53.0
2026-04-18 02:22:47 PM,KXATPCHALLENGERMATCH-26APR19SUNTUL-SUN,41,250,40,250,24,8,6,116,5,194,64,500,65,500,76,8,94,365,95,25,52.5
2026-04-18 02:22:47 PM,KXATPCHALLENGERMATCH-26APR19SUNTUL-SUN,41,250,40,250,24,8,6,116,5,194,64,500,65,1000,76,8,94,365,95,25,52.5
2026-04-18 02:22:47 PM,KXATPCHALLENGERMATCH-26APR19SUNTUL-SUN,41,250,40,250,24,8,6,116,5,194,64,503,65,1000,76,8,94,365,95,25,52.5
2026-04-18 02:22:47 PM,KXATPCHALLENGERMATCH-26APR19SUNTUL-SUN,41,250,40,250,24,8,6,116,5,194,64,503,65,500,76,8,94,365,95,25,52.5
2026-04-18 02:22:47 PM,KXATPCHALLENGERMATCH-26APR19SUNTUL-SUN,41,250,40,250,24,8,6,116,5,194,64,503,76,8,94,365,95,25,96,543,52.5
2026-04-18 02:22:47 PM,KXATPCHALLENGERMATCH-26APR19SUNTUL-SUN,41,250,40,250,24,8,6,116,5,194,63,500,64,503,76,8,94,365,95,25,52.0
2026-04-18 02:22:47 PM,KXATPCHALLENGERMATCH-26APR19SUNTUL-SUN,41,250,40,250,24,8,6,116,5,194,63,500,64,1003,76,8,94,365,95,25,52.0
2026-04-18 02:22:48 PM,KXATPCHALLENGERMATCH-26APR19SUNTUL-SUN,41,250,40,250,24,8,6,116,5,194,63,500,64,503,76,8,94,365,95,25,52.0
2026-04-18 02:22:48 PM,KXATPCHALLENGERMATCH-26APR19SUNTUL-SUN,41,250,40,250,24,8,6,116,5,194,63,500,64,3,76,8,94,365,95,25,52.0
2026-04-18 02:22:48 PM,KXATPCHALLENGERMATCH-26APR19SUNTUL-SUN,41,250,40,250,24,8,6,116,5,194,62,500,63,500,64,3,76,8,94,365,51.5
2026-04-18 02:22:48 PM,KXATPCHALLENGERMATCH-26APR19SUNTUL-SUN,41,250,40,250,24,8,6,116,5,194,62,500,63,1000,64,3,76,8,94,365,51.5
2026-04-18 02:22:48 PM,KXATPCHALLENGERMATCH-26APR19SUNTUL-SUN,41,250,40,250,24,8,6,116,5,194,62,500,63,500,64,3,76,8,94,365,51.5
2026-04-18 02:22:48 PM,KXATPCHALLENGERMATCH-26APR19SUNTUL-SUN,41,250,40,250,24,8,6,116,5,194,62,500,64,3,76,8,94,365,95,25,51.5
2026-04-18 02:22:48 PM,KXATPCHALLENGERMATCH-26APR19SUNTUL-SUN,41,250,40,250,24,8,6,116,5,194,61,500,62,500,64,3,76,8,94,365,51.0
2026-04-18 02:22:48 PM,KXATPCHALLENGERMATCH-26APR19SUNTUL-SUN,41,250,40,250,24,8,6,116,5,194,61,500,62,1000,64,3,76,8,94,365,51.0
2026-04-18 02:22:49 PM,KXATPCHALLENGERMATCH-26APR19SUNTUL-SUN,41,250,40,250,24,8,6,116,5,194,61,500,62,500,64,3,76,8,94,365,51.0
2026-04-18 02:22:49 PM,KXATPCHALLENGERMATCH-26APR19SUNTUL-SUN,41,250,40,250,24,8,6,116,5,194,61,500,64,3,76,8,94,365,95,25,51.0
2026-04-18 02:22:49 PM,KXATPCHALLENGERMATCH-26APR19SUNTUL-SUN,41,250,40,250,24,8,6,116,5,194,60,500,61,500,64,3,76,8,94,365,50.5
2026-04-18 02:22:49 PM,KXATPCHALLENGERMATCH-26APR19SUNTUL-SUN,41,250,40,250,24,8,6,116,5,194,60,500,61,1000,64,3,76,8,94,365,50.5
2026-04-18 02:22:49 PM,KXATPCHALLENGERMATCH-26APR19SUNTUL-SUN,41,250,40,250,24,8,6,116,5,194,60,500,61,500,64,3,76,8,94,365,50.5
2026-04-18 02:22:49 PM,KXATPCHALLENGERMATCH-26APR19SUNTUL-SUN,41,250,40,250,24,8,6,116,5,194,60,500,64,3,76,8,94,365,95,25,50.5
2026-04-18 02:22:49 PM,KXATPCHALLENGERMATCH-26APR19SUNTUL-SUN,41,250,40,250,24,8,6,116,5,194,59,500,60,500,64,3,76,8,94,365,50.0
2026-04-18 02:22:49 PM,KXATPCHALLENGERMATCH-26APR19SUNTUL-SUN,41,250,40,250,24,8,6,116,5,194,59,500,60,1000,64,3,76,8,94,365,50.0
2026-04-18 02:22:53 PM,KXATPCHALLENGERMATCH-26APR19SUNTUL-SUN,41,250,40,250,37,800,24,8,6,116,59,500,60,1000,64,3,76,8,94,365,50.0
2026-04-18 02:22:53 PM,KXATPCHALLENGERMATCH-26APR19SUNTUL-SUN,41,250,40,250,38,800,37,800,24,8,59,500,60,1000,64,3,76,8,94,365,50.0
2026-04-18 02:22:53 PM,KXATPCHALLENGERMATCH-26APR19SUNTUL-SUN,41,250,40,1050,38,800,37,800,24,8,59,500,60,1000,64,3,76,8,94,365,50.0
2026-04-18 02:22:53 PM,KXATPCHALLENGERMATCH-26APR19SUNTUL-SUN,41,250,40,1050,38,800,37,800,24,8,53,800,59,500,60,1000,64,3,76,8,47.0
2026-04-18 02:22:53 PM,KXATPCHALLENGERMATCH-26APR19SUNTUL-SUN,41,250,40,1050,38,800,37,800,24,8,53,800,56,800,59,500,60,1000,64,3,47.0
2026-04-18 02:22:53 PM,KXATPCHALLENGERMATCH-26APR19SUNTUL-SUN,41,250,40,1050,38,800,37,800,24,8,53,800,55,800,56,800,59,500,60,1000,47.0
2026-04-18 02:22:53 PM,KXATPCHALLENGERMATCH-26APR19SUNTUL-SUN,41,250,40,1050,38,800,37,800,24,8,53,800,55,800,56,800,60,1000,64,3,47.0
2026-04-18 02:22:53 PM,KXATPCHALLENGERMATCH-26APR19SUNTUL-SUN,41,250,40,1050,38,800,37,800,24,8,53,800,55,800,56,800,60,500,64,3,47.0
2026-04-18 02:22:53 PM,KXATPCHALLENGERMATCH-26APR19SUNTUL-SUN,41,250,40,1050,38,800,37,800,24,8,53,800,55,800,56,800,64,3,76,8,47.0
2026-04-18 02:22:53 PM,KXATPCHALLENGERMATCH-26APR19SUNTUL-SUN,41,250,40,1050,38,800,37,800,24,8,52,500,53,800,55,800,56,800,64,3,46.5
2026-04-18 02:22:53 PM,KXATPCHALLENGERMATCH-26APR19SUNTUL-SUN,41,250,40,1050,38,800,37,800,24,8,52,500,53,1800,55,800,56,800,64,3,46.5
2026-04-18 02:22:54 PM,KXATPCHALLENGERMATCH-26APR19SUNTUL-SUN,41,250,40,1050,38,800,37,800,24,8,52,500,53,800,55,800,56,800,64,3,46.5
2026-04-18 02:22:54 PM,KXATPCHALLENGERMATCH-26APR19SUNTUL-SUN,41,250,40,1050,38,800,37,800,24,8,51,500,52,500,53,800,55,800,56,800,46.0
2026-04-18 02:22:54 PM,KXATPCHALLENGERMATCH-26APR19SUNTUL-SUN,41,250,40,1050,38,800,37,800,24,8,51,500,52,1000,53,800,55,800,56,800,46.0
2026-04-18 02:22:54 PM,KXATPCHALLENGERMATCH-26APR19SUNTUL-SUN,41,250,40,1050,38,800,37,800,24,8,51,500,52,500,53,800,55,800,56,800,46.0
2026-04-18 02:22:54 PM,KXATPCHALLENGERMATCH-26APR19SUNTUL-SUN,41,250,40,1050,38,800,37,800,24,8,51,500,53,800,55,800,56,800,64,3,46.0
2026-04-18 02:22:54 PM,KXATPCHALLENGERMATCH-26APR19SUNTUL-SUN,41,250,40,1050,38,800,37,800,24,8,50,500,51,500,53,800,55,800,56,800,45.5
2026-04-18 02:22:54 PM,KXATPCHALLENGERMATCH-26APR19SUNTUL-SUN,41,250,40,1050,38,800,37,800,24,8,50,500,51,1000,53,800,55,800,56,800,45.5
2026-04-18 02:22:55 PM,KXATPCHALLENGERMATCH-26APR19SUNTUL-SUN,41,250,40,1050,38,800,37,800,24,8,50,500,51,500,53,800,55,800,56,800,45.5
2026-04-18 02:22:55 PM,KXATPCHALLENGERMATCH-26APR19SUNTUL-SUN,41,250,40,1050,38,800,37,800,24,8,50,500,53,800,55,800,56,800,64,3,45.5
2026-04-18 02:22:55 PM,KXATPCHALLENGERMATCH-26APR19SUNTUL-SUN,41,250,40,1050,38,800,37,800,24,8,49,500,50,500,53,800,55,800,56,800,45.0
2026-04-18 02:22:55 PM,KXATPCHALLENGERMATCH-26APR19SUNTUL-SUN,41,250,40,1050,38,800,37,800,24,8,49,500,50,1000,53,800,55,800,56,800,45.0
2026-04-18 02:22:55 PM,KXATPCHALLENGERMATCH-26APR19SUNTUL-SUN,41,250,40,1050,38,800,37,800,24,8,49,500,50,500,53,800,55,800,56,800,45.0
2026-04-18 02:22:55 PM,KXATPCHALLENGERMATCH-26APR19SUNTUL-SUN,41,250,40,1050,38,800,37,800,24,8,49,500,53,800,55,800,56,800,64,3,45.0
2026-04-18 02:22:55 PM,KXATPCHALLENGERMATCH-26APR19SUNTUL-SUN,41,250,40,1050,38,800,37,800,24,8,48,500,49,500,53,800,55,800,56,800,44.5
2026-04-18 02:22:55 PM,KXATPCHALLENGERMATCH-26APR19SUNTUL-SUN,41,250,40,1050,38,800,37,800,24,8,48,500,49,1000,53,800,55,800,56,800,44.5
2026-04-18 02:22:56 PM,KXATPCHALLENGERMATCH-26APR19SUNTUL-SUN,41,250,40,1050,38,800,37,800,24,8,48,500,49,500,53,800,55,800,56,800,44.5
2026-04-18 02:22:56 PM,KXATPCHALLENGERMATCH-26APR19SUNTUL-SUN,41,250,40,1050,38,800,37,800,24,8,48,500,53,800,55,800,56,800,64,3,44.5
2026-04-18 02:22:56 PM,KXATPCHALLENGERMATCH-26APR19SUNTUL-SUN,41,250,40,1050,38,800,37,800,24,8,47,500,48,500,53,800,55,800,56,800,44.0
2026-04-18 02:22:56 PM,KXATPCHALLENGERMATCH-26APR19SUNTUL-SUN,41,250,40,1050,38,800,37,800,24,8,47,500,48,1000,53,800,55,800,56,800,44.0
2026-04-18 02:23:09 PM,KXATPCHALLENGERMATCH-26APR19SUNTUL-SUN,41,250,40,1050,38,800,37,800,24,8,46,108,47,500,48,1000,53,800,55,800,43.5
2026-04-18 02:23:48 PM,KXATPCHALLENGERMATCH-26APR19SUNTUL-SUN,41,250,40,1050,38,800,37,800,24,8,46,111,47,500,48,1000,53,800,55,800,43.5
2026-04-18 02:24:18 PM,KXATPCHALLENGERMATCH-26APR19SUNTUL-SUN,41,250,40,1050,38,800,37,800,24,8,46,108,47,500,48,1000,53,800,55,800,43.5
2026-04-18 02:25:14 PM,KXATPCHALLENGERMATCH-26APR19SUNTUL-SUN,41,250,40,1050,38,800,37,800,24,8,46,111,47,500,48,1000,53,800,55,800,43.5
2026-04-18 02:25:45 PM,KXATPCHALLENGERMATCH-26APR19SUNTUL-SUN,41,250,40,1050,38,800,37,800,24,8,46,108,47,500,48,1000,53,800,55,800,43.5
2026-04-18 02:26:58 PM,KXATPCHALLENGERMATCH-26APR19SUNTUL-SUN,41,250,40,1050,38,800,37,800,24,8,46,111,47,500,48,1000,53,800,55,800,43.5
2026-04-18 02:27:28 PM,KXATPCHALLENGERMATCH-26APR19SUNTUL-SUN,41,250,40,1050,38,800,37,800,24,8,46,108,47,500,48,1000,53,800,55,800,43.5
2026-04-18 02:27:53 PM,KXATPCHALLENGERMATCH-26APR19SUNTUL-SUN,41,250,40,1050,38,800,37,800,24,8,46,108,47,500,48,1000,55,800,56,800,43.5
2026-04-18 02:27:53 PM,KXATPCHALLENGERMATCH-26APR19SUNTUL-SUN,41,250,40,1050,38,800,37,800,24,8,46,108,47,500,48,1000,56,800,74,1,43.5
2026-04-18 02:27:53 PM,KXATPCHALLENGERMATCH-26APR19SUNTUL-SUN,41,250,40,1050,38,800,37,800,24,8,46,108,47,500,48,1000,74,1,76,8,43.5
2026-04-18 02:27:53 PM,KXATPCHALLENGERMATCH-26APR19SUNTUL-SUN,41,250,40,1050,38,800,37,800,24,8,46,908,47,500,48,1000,74,1,76,8,43.5
2026-04-18 02:27:53 PM,KXATPCHALLENGERMATCH-26APR19SUNTUL-SUN,41,250,40,1050,38,800,37,800,24,8,46,908,47,1300,48,1000,74,1,76,8,43.5
2026-04-18 02:27:53 PM,KXATPCHALLENGERMATCH-26APR19SUNTUL-SUN,41,250,40,1050,38,800,37,800,24,8,45,800,46,908,47,1300,48,1000,74,1,43.0
2026-04-18 02:27:53 PM,KXATPCHALLENGERMATCH-26APR19SUNTUL-SUN,41,250,40,1050,38,800,37,800,24,8,45,800,46,908,47,800,48,1000,74,1,43.0
2026-04-18 02:27:53 PM,KXATPCHALLENGERMATCH-26APR19SUNTUL-SUN,41,250,40,1050,38,800,37,800,24,8,45,800,46,908,47,800,48,500,74,1,43.0
2026-04-18 02:27:53 PM,KXATPCHALLENGERMATCH-26APR19SUNTUL-SUN,41,250,40,1050,38,800,37,800,24,8,45,800,46,908,47,800,74,1,76,8,43.0
2026-04-18 02:27:53 PM,KXATPCHALLENGERMATCH-26APR19SUNTUL-SUN,41,250,40,1050,38,800,37,800,24,8,45,1300,46,908,47,800,74,1,76,8,43.0
2026-04-18 02:27:53 PM,KXATPCHALLENGERMATCH-26APR19SUNTUL-SUN,41,250,40,1050,38,800,37,800,24,8,45,1300,46,1908,47,800,74,1,76,8,43.0
2026-04-18 02:27:53 PM,KXATPCHALLENGERMATCH-26APR19SUNTUL-SUN,41,250,40,1050,38,800,37,800,24,8,45,1300,46,908,47,800,74,1,76,8,43.0
2026-04-18 02:27:53 PM,KXATPCHALLENGERMATCH-26APR19SUNTUL-SUN,41,250,40,1050,38,800,37,800,24,8,44,500,45,1300,46,908,47,800,74,1,42.5
2026-04-18 02:27:53 PM,KXATPCHALLENGERMATCH-26APR19SUNTUL-SUN,41,250,40,1050,38,800,37,800,24,8,44,500,45,1800,46,908,47,800,74,1,42.5
2026-04-18 02:27:53 PM,KXATPCHALLENGERMATCH-26APR19SUNTUL-SUN,41,250,40,1050,38,800,37,800,24,8,44,500,45,1800,46,800,47,800,74,1,42.5
2026-04-18 02:27:53 PM,KXATPCHALLENGERMATCH-26APR19SUNTUL-SUN,41,250,40,1050,38,800,37,800,24,8,45,1800,46,800,47,800,74,1,76,8,43.0
2026-04-18 02:27:54 PM,KXATPCHALLENGERMATCH-26APR19SUNTUL-SUN,41,250,40,1050,38,800,37,800,24,8,45,1300,46,800,47,800,74,1,76,8,43.0
2026-04-18 02:27:54 PM,KXATPCHALLENGERMATCH-26APR19SUNTUL-SUN,41,250,40,1050,38,800,37,800,24,8,45,1300,46,1800,47,800,74,1,76,8,43.0
2026-04-18 02:27:54 PM,KXATPCHALLENGERMATCH-26APR19SUNTUL-SUN,41,250,40,1050,38,800,37,800,24,8,45,1300,46,800,47,800,74,1,76,8,43.0
2026-04-18 02:27:54 PM,KXATPCHALLENGERMATCH-26APR19SUNTUL-SUN,41,250,40,1050,38,800,37,800,24,8,44,500,45,1300,46,800,47,800,74,1,42.5
2026-04-18 02:27:54 PM,KXATPCHALLENGERMATCH-26APR19SUNTUL-SUN,41,250,40,1050,38,800,37,800,24,8,44,500,45,1800,46,800,47,800,74,1,42.5
2026-04-18 02:27:54 PM,KXATPCHALLENGERMATCH-26APR19SUNTUL-SUN,41,250,40,1050,38,800,37,800,24,8,45,1800,46,800,47,800,74,1,76,8,43.0
2026-04-18 02:27:54 PM,KXATPCHALLENGERMATCH-26APR19SUNTUL-SUN,41,250,40,1050,38,800,37,800,24,8,45,1300,46,800,47,800,74,1,76,8,43.0
2026-04-18 02:27:54 PM,KXATPCHALLENGERMATCH-26APR19SUNTUL-SUN,41,250,40,1050,38,800,37,800,24,8,45,1300,46,1800,47,800,74,1,76,8,43.0
2026-04-18 02:27:54 PM,KXATPCHALLENGERMATCH-26APR19SUNTUL-SUN,41,250,40,1050,38,800,37,800,24,8,45,1300,46,800,47,800,74,1,76,8,43.0
2026-04-18 02:27:54 PM,KXATPCHALLENGERMATCH-26APR19SUNTUL-SUN,41,250,40,1050,38,800,37,800,24,8,44,500,45,1300,46,800,47,800,74,1,42.5
2026-04-18 02:27:54 PM,KXATPCHALLENGERMATCH-26APR19SUNTUL-SUN,41,250,40,1050,38,800,37,800,24,8,44,500,45,1800,46,800,47,800,74,1,42.5
2026-04-18 02:27:55 PM,KXATPCHALLENGERMATCH-26APR19SUNTUL-SUN,41,250,40,1050,38,800,37,800,24,8,45,1800,46,800,47,800,74,1,76,8,43.0
2026-04-18 02:27:55 PM,KXATPCHALLENGERMATCH-26APR19SUNTUL-SUN,41,250,40,1050,38,800,37,800,24,8,45,1300,46,800,47,800,74,1,76,8,43.0
2026-04-18 02:27:55 PM,KXATPCHALLENGERMATCH-26APR19SUNTUL-SUN,41,250,40,1050,38,800,37,800,24,8,45,1300,46,1800,47,800,74,1,76,8,43.0
2026-04-18 02:27:55 PM,KXATPCHALLENGERMATCH-26APR19SUNTUL-SUN,41,250,40,1050,38,800,37,800,24,8,45,1300,46,800,47,800,74,1,76,8,43.0
2026-04-18 02:27:55 PM,KXATPCHALLENGERMATCH-26APR19SUNTUL-SUN,41,250,40,1050,38,800,37,800,24,8,44,500,45,1300,46,800,47,800,74,1,42.5
2026-04-18 02:27:55 PM,KXATPCHALLENGERMATCH-26APR19SUNTUL-SUN,41,250,40,1050,38,800,37,800,24,8,44,500,45,1800,46,800,47,800,74,1,42.5
2026-04-18 02:27:55 PM,KXATPCHALLENGERMATCH-26APR19SUNTUL-SUN,41,250,40,1050,38,800,37,800,24,8,45,1800,46,800,47,800,74,1,76,8,43.0
2026-04-18 02:27:55 PM,KXATPCHALLENGERMATCH-26APR19SUNTUL-SUN,41,250,40,1050,38,800,37,800,24,8,45,1300,46,800,47,800,74,1,76,8,43.0
2026-04-18 02:27:55 PM,KXATPCHALLENGERMATCH-26APR19SUNTUL-SUN,41,250,40,1050,38,800,37,800,24,8,45,1300,46,1800,47,800,74,1,76,8,43.0
2026-04-18 02:27:56 PM,KXATPCHALLENGERMATCH-26APR19SUNTUL-SUN,41,250,40,1050,38,800,37,800,24,8,45,1300,46,800,47,800,74,1,76,8,43.0
2026-04-18 02:27:56 PM,KXATPCHALLENGERMATCH-26APR19SUNTUL-SUN,41,250,40,1050,38,800,37,800,24,8,44,500,45,1300,46,800,47,800,74,1,42.5
2026-04-18 02:27:56 PM,KXATPCHALLENGERMATCH-26APR19SUNTUL-SUN,41,250,40,1050,38,800,37,800,24,8,44,500,45,1800,46,800,47,800,74,1,42.5
2026-04-18 02:27:56 PM,KXATPCHALLENGERMATCH-26APR19SUNTUL-SUN,41,250,40,1050,38,800,37,800,24,8,45,1800,46,800,47,800,74,1,76,8,43.0
2026-04-18 02:27:56 PM,KXATPCHALLENGERMATCH-26APR19SUNTUL-SUN,41,250,40,1050,38,800,37,800,24,8,45,1300,46,800,47,800,74,1,76,8,43.0
2026-04-18 02:27:56 PM,KXATPCHALLENGERMATCH-26APR19SUNTUL-SUN,41,250,40,1050,38,800,37,800,24,8,45,1300,46,1800,47,800,74,1,76,8,43.0
2026-04-18 02:27:56 PM,KXATPCHALLENGERMATCH-26APR19SUNTUL-SUN,41,250,40,1050,38,800,37,800,24,8,45,1300,46,800,47,800,74,1,76,8,43.0
2026-04-18 02:27:56 PM,KXATPCHALLENGERMATCH-26APR19SUNTUL-SUN,41,250,40,1050,38,800,37,800,24,8,44,500,45,1300,46,800,47,800,74,1,42.5
2026-04-18 02:27:56 PM,KXATPCHALLENGERMATCH-26APR19SUNTUL-SUN,41,250,40,1050,38,800,37,800,24,8,44,500,45,1800,46,800,47,800,74,1,42.5
2026-04-18 02:27:56 PM,KXATPCHALLENGERMATCH-26APR19SUNTUL-SUN,41,250,40,1050,38,800,37,800,24,8,45,1800,46,800,47,800,74,1,76,8,43.0
2026-04-18 02:27:56 PM,KXATPCHALLENGERMATCH-26APR19SUNTUL-SUN,41,250,40,1050,38,800,37,800,24,8,45,1300,46,800,47,800,74,1,76,8,43.0
2026-04-18 02:27:56 PM,KXATPCHALLENGERMATCH-26APR19SUNTUL-SUN,41,250,40,1050,38,800,37,800,24,8,45,1300,46,1800,47,800,74,1,76,8,43.0
2026-04-18 02:27:57 PM,KXATPCHALLENGERMATCH-26APR19SUNTUL-SUN,41,250,40,1050,38,800,37,800,24,8,45,1300,46,800,47,800,74,1,76,8,43.0
2026-04-18 02:27:57 PM,KXATPCHALLENGERMATCH-26APR19SUNTUL-SUN,41,250,40,1050,38,800,37,800,24,8,44,500,45,1300,46,800,47,800,74,1,42.5
2026-04-18 02:27:57 PM,KXATPCHALLENGERMATCH-26APR19SUNTUL-SUN,41,250,40,1050,38,800,37,800,24,8,44,500,45,1800,46,800,47,800,74,1,42.5
2026-04-18 02:27:57 PM,KXATPCHALLENGERMATCH-26APR19SUNTUL-SUN,41,250,40,1050,38,800,37,800,24,8,45,1800,46,800,47,800,74,1,76,8,43.0
2026-04-18 02:27:57 PM,KXATPCHALLENGERMATCH-26APR19SUNTUL-SUN,41,250,40,1050,38,800,37,800,24,8,45,1300,46,800,47,800,74,1,76,8,43.0
2026-04-18 02:27:57 PM,KXATPCHALLENGERMATCH-26APR19SUNTUL-SUN,41,250,40,1050,38,800,37,800,24,8,45,1300,46,1800,47,800,74,1,76,8,43.0
2026-04-18 02:27:57 PM,KXATPCHALLENGERMATCH-26APR19SUNTUL-SUN,41,250,40,1050,38,800,37,800,24,8,45,1300,46,800,47,800,74,1,76,8,43.0
2026-04-18 02:27:57 PM,KXATPCHALLENGERMATCH-26APR19SUNTUL-SUN,41,250,40,1050,38,800,37,800,24,8,44,500,45,1300,46,800,47,800,74,1,42.5
2026-04-18 02:27:57 PM,KXATPCHALLENGERMATCH-26APR19SUNTUL-SUN,41,250,40,1050,38,800,37,800,24,8,44,500,45,1800,46,800,47,800,74,1,42.5
2026-04-18 02:27:57 PM,KXATPCHALLENGERMATCH-26APR19SUNTUL-SUN,41,250,40,1050,38,800,37,800,24,8,45,1800,46,800,47,800,74,1,76,8,43.0
2026-04-18 02:27:58 PM,KXATPCHALLENGERMATCH-26APR19SUNTUL-SUN,41,250,40,1050,38,800,37,800,24,8,45,1300,46,800,47,800,74,1,76,8,43.0
2026-04-18 02:27:58 PM,KXATPCHALLENGERMATCH-26APR19SUNTUL-SUN,41,250,40,1050,38,800,37,800,24,8,45,1300,46,1800,47,800,74,1,76,8,43.0
2026-04-18 02:27:58 PM,KXATPCHALLENGERMATCH-26APR19SUNTUL-SUN,41,250,40,1050,38,800,37,800,24,8,45,1300,46,800,47,800,74,1,76,8,43.0
2026-04-18 02:27:58 PM,KXATPCHALLENGERMATCH-26APR19SUNTUL-SUN,41,250,40,1050,38,800,37,800,24,8,44,500,45,1300,46,800,47,800,74,1,42.5
2026-04-18 02:27:58 PM,KXATPCHALLENGERMATCH-26APR19SUNTUL-SUN,41,250,40,1050,38,800,37,800,24,8,44,500,45,1303,46,800,47,800,74,1,42.5
2026-04-18 02:27:58 PM,KXATPCHALLENGERMATCH-26APR19SUNTUL-SUN,41,250,40,1050,38,800,37,800,24,8,44,500,45,1803,46,800,47,800,74,1,42.5
2026-04-18 02:27:58 PM,KXATPCHALLENGERMATCH-26APR19SUNTUL-SUN,41,250,40,1050,38,800,37,800,24,8,45,1803,46,800,47,800,74,1,76,8,43.0
2026-04-18 02:27:58 PM,KXATPCHALLENGERMATCH-26APR19SUNTUL-SUN,41,250,40,1050,38,800,37,800,24,8,45,1303,46,800,47,800,74,1,76,8,43.0
2026-04-18 02:27:58 PM,KXATPCHALLENGERMATCH-26APR19SUNTUL-SUN,41,250,40,1050,38,800,37,800,24,8,45,1303,46,1800,47,800,74,1,76,8,43.0
2026-04-18 02:27:58 PM,KXATPCHALLENGERMATCH-26APR19SUNTUL-SUN,41,250,40,1050,38,800,37,800,24,8,45,1303,46,800,47,800,74,1,76,8,43.0
2026-04-18 02:27:58 PM,KXATPCHALLENGERMATCH-26APR19SUNTUL-SUN,41,250,40,1050,38,800,37,800,24,8,44,500,45,1303,46,800,47,800,74,1,42.5
2026-04-18 02:27:58 PM,KXATPCHALLENGERMATCH-26APR19SUNTUL-SUN,41,250,40,1050,38,800,37,800,24,8,44,500,45,1803,46,800,47,800,74,1,42.5
2026-04-18 02:27:59 PM,KXATPCHALLENGERMATCH-26APR19SUNTUL-SUN,41,250,40,1050,38,800,37,800,24,8,45,1803,46,800,47,800,74,1,76,8,43.0
2026-04-18 02:28:00 PM,KXATPCHALLENGERMATCH-26APR19SUNTUL-SUN,41,250,40,1050,38,800,37,800,24,8,45,1303,46,800,47,800,74,1,76,8,43.0
2026-04-18 02:28:00 PM,KXATPCHALLENGERMATCH-26APR19SUNTUL-SUN,41,250,40,1050,38,800,37,800,24,8,45,1303,46,1800,47,800,74,1,76,8,43.0
2026-04-18 02:28:00 PM,KXATPCHALLENGERMATCH-26APR19SUNTUL-SUN,41,250,40,1050,38,800,37,800,24,8,45,1303,46,800,47,800,74,1,76,8,43.0
2026-04-18 02:28:00 PM,KXATPCHALLENGERMATCH-26APR19SUNTUL-SUN,41,250,40,1050,38,800,37,800,24,8,44,500,45,1303,46,800,47,800,74,1,42.5
2026-04-18 02:28:00 PM,KXATPCHALLENGERMATCH-26APR19SUNTUL-SUN,41,250,40,1050,38,800,37,800,24,8,44,500,45,1803,46,800,47,800,74,1,42.5
2026-04-18 02:28:00 PM,KXATPCHALLENGERMATCH-26APR19SUNTUL-SUN,41,250,40,1050,38,800,37,800,24,8,45,1803,46,800,47,800,74,1,76,8,43.0
2026-04-18 02:28:01 PM,KXATPCHALLENGERMATCH-26APR19SUNTUL-SUN,41,250,40,1050,38,800,37,800,24,8,45,1303,46,800,47,800,74,1,76,8,43.0
2026-04-18 02:28:01 PM,KXATPCHALLENGERMATCH-26APR19SUNTUL-SUN,41,250,40,1050,38,800,37,800,24,8,45,1303,46,1800,47,800,74,1,76,8,43.0
2026-04-18 02:28:01 PM,KXATPCHALLENGERMATCH-26APR19SUNTUL-SUN,41,250,40,1050,39,254,38,800,37,800,45,1303,46,1800,47,800,74,1,76,8,43.0
2026-04-18 02:28:01 PM,KXATPCHALLENGERMATCH-26APR19SUNTUL-SUN,41,250,40,1050,39,254,38,936,37,800,45,1303,46,1800,47,800,74,1,76,8,43.0
2026-04-18 02:28:01 PM,KXATPCHALLENGERMATCH-26APR19SUNTUL-SUN,41,250,40,1050,39,254,38,936,37,901,45,1303,46,1800,47,800,74,1,76,8,43.0
2026-04-18 02:28:01 PM,KXATPCHALLENGERMATCH-26APR19SUNTUL-SUN,41,250,40,1050,39,254,38,936,37,901,44,707,45,1303,46,1800,47,800,74,1,42.5
2026-04-18 02:28:01 PM,KXATPCHALLENGERMATCH-26APR19SUNTUL-SUN,41,250,40,1050,39,254,38,936,37,901,44,707,45,1900,46,1800,47,800,74,1,42.5
2026-04-18 02:28:01 PM,KXATPCHALLENGERMATCH-26APR19SUNTUL-SUN,41,250,40,1050,39,254,38,936,37,901,44,707,45,1900,46,2174,47,800,74,1,42.5
2026-04-18 02:28:01 PM,KXATPCHALLENGERMATCH-26APR19SUNTUL-SUN,41,250,40,1050,39,254,38,936,37,901,44,707,45,1900,46,2174,47,800,58,952,42.5
2026-04-18 02:28:01 PM,KXATPCHALLENGERMATCH-26APR19SUNTUL-SUN,41,250,40,1050,39,254,38,936,37,901,44,707,45,1900,46,1174,47,800,58,952,42.5
2026-04-18 02:28:01 PM,KXATPCHALLENGERMATCH-26APR19SUNTUL-SUN,41,250,40,1050,39,254,38,936,37,901,44,1207,45,1900,46,1174,47,800,58,952,42.5
2026-04-18 02:28:01 PM,KXATPCHALLENGERMATCH-26APR19SUNTUL-SUN,41,250,40,1050,39,254,38,936,37,901,44,1207,45,2400,46,1174,47,800,58,952,42.5
2026-04-18 02:28:28 PM,KXATPCHALLENGERMATCH-26APR19SUNTUL-SUN,41,250,40,1050,39,254,38,936,37,901,44,1207,45,2397,46,1174,47,800,58,952,42.5
2026-04-18 02:28:45 PM,KXATPCHALLENGERMATCH-26APR19SUNTUL-SUN,41,250,40,1050,39,254,38,936,37,901,44,1208,45,2397,46,1174,47,800,58,952,42.5
2026-04-18 02:28:45 PM,KXATPCHALLENGERMATCH-26APR19SUNTUL-SUN,41,250,40,1050,39,254,38,936,37,901,44,1208,45,2397,46,1174,58,952,69,1290,42.5
2026-04-18 02:28:45 PM,KXATPCHALLENGERMATCH-26APR19SUNTUL-SUN,41,250,40,1050,39,254,38,936,37,901,43,800,44,1208,45,2397,46,1174,58,952,42.0
2026-04-18 02:28:46 PM,KXATPCHALLENGERMATCH-26APR19SUNTUL-SUN,41,250,40,1050,39,254,38,936,37,901,43,800,44,1208,45,1897,46,1174,58,952,42.0
2026-04-18 02:28:46 PM,KXATPCHALLENGERMATCH-26APR19SUNTUL-SUN,41,250,40,1050,39,254,38,936,37,901,43,800,44,1208,45,1397,46,1174,58,952,42.0
2026-04-18 02:28:46 PM,KXATPCHALLENGERMATCH-26APR19SUNTUL-SUN,41,250,40,1050,39,254,38,936,37,901,43,1301,44,1208,45,1397,46,1174,58,952,42.0
2026-04-18 02:28:46 PM,KXATPCHALLENGERMATCH-26APR19SUNTUL-SUN,41,250,40,1050,39,254,38,936,37,901,43,1301,44,1707,45,1397,46,1174,58,952,42.0
2026-04-18 02:29:24 PM,KXATPCHALLENGERMATCH-26APR19SUNTUL-SUN,41,250,40,1050,39,254,38,936,37,901,43,1301,44,1707,45,1823,46,1174,58,952,42.0
2026-04-18 02:29:24 PM,KXATPCHALLENGERMATCH-26APR19SUNTUL-SUN,41,250,40,1470,39,254,38,936,37,901,43,1301,44,1707,45,1823,46,1174,58,952,42.0
2026-04-18 02:29:24 PM,KXATPCHALLENGERMATCH-26APR19SUNTUL-SUN,41,250,40,1470,39,254,38,936,37,901,43,1301,44,2129,45,1823,46,1174,58,952,42.0
2026-04-18 02:29:24 PM,KXATPCHALLENGERMATCH-26APR19SUNTUL-SUN,41,250,40,1758,39,254,38,936,37,901,43,1301,44,2129,45,1823,46,1174,58,952,42.0
2026-04-18 02:29:24 PM,KXATPCHALLENGERMATCH-26APR19SUNTUL-SUN,41,250,40,1758,39,559,38,936,37,901,43,1301,44,2129,45,1823,46,1174,58,952,42.0
2026-04-18 02:29:24 PM,KXATPCHALLENGERMATCH-26APR19SUNTUL-SUN,41,250,40,1758,39,1017,38,936,37,901,43,1301,44,2129,45,1823,46,1174,58,952,42.0
2026-04-18 02:29:24 PM,KXATPCHALLENGERMATCH-26APR19SUNTUL-SUN,41,250,40,1758,39,1017,38,936,37,901,43,1301,44,2406,45,1823,46,1174,58,952,42.0
2026-04-18 02:29:24 PM,KXATPCHALLENGERMATCH-26APR19SUNTUL-SUN,41,250,40,1758,39,1017,38,936,37,901,43,1301,44,2406,45,2125,46,1174,58,952,42.0
2026-04-18 02:30:45 PM,KXATPCHALLENGERMATCH-26APR19SUNTUL-SUN,41,250,40,1758,39,1017,38,1183,37,901,43,1301,44,2406,45,2125,46,1174,58,952,42.0
2026-04-18 02:30:45 PM,KXATPCHALLENGERMATCH-26APR19SUNTUL-SUN,41,250,40,1758,39,1017,38,1183,37,901,43,1301,44,2406,45,2125,46,1348,58,952,42.0
2026-04-18 02:30:45 PM,KXATPCHALLENGERMATCH-26APR19SUNTUL-SUN,41,250,40,1758,39,1017,38,1183,37,1155,43,1301,44,2406,45,2125,46,1348,58,952,42.0
2026-04-18 02:30:45 PM,KXATPCHALLENGERMATCH-26APR19SUNTUL-SUN,41,250,40,1758,39,1017,38,1183,37,1155,43,1301,44,2406,45,2125,46,1348,47,177,42.0
2026-04-18 02:33:56 PM,KXATPCHALLENGERMATCH-26APR19SUNTUL-SUN,41,250,40,1758,39,1017,38,1183,37,1155,43,1333,44,2406,45,2125,46,1348,47,177,42.0
2026-04-18 02:33:56 PM,KXATPCHALLENGERMATCH-26APR19SUNTUL-SUN,41,234,40,1758,39,1017,38,1183,37,1155,43,1333,44,2406,45,2125,46,1348,47,177,42.0
2026-04-18 02:33:56 PM,KXATPCHALLENGERMATCH-26APR19SUNTUL-SUN,41,234,40,1742,39,1017,38,1183,37,1155,43,1333,44,2406,45,2125,46,1348,47,177,42.0
2026-04-18 02:36:33 PM,KXATPCHALLENGERMATCH-26APR19SUNTUL-SUN,41,234,40,1742,39,1017,38,1183,37,1655,43,1333,44,2406,45,2125,46,1348,47,177,42.0
2026-04-18 02:40:22 PM,KXATPCHALLENGERMATCH-26APR19SUNTUL-SUN,41,234,40,1742,39,1017,38,1183,37,1655,43,1351,44,2406,45,2125,46,1348,47,177,42.0
2026-04-18 02:42:19 PM,KXATPCHALLENGERMATCH-26APR19SUNTUL-SUN,41,234,40,1742,39,1017,38,1183,37,1655,43,1333,44,2406,45,2125,46,1348,47,177,42.0
2026-04-18 02:42:35 PM,KXATPCHALLENGERMATCH-26APR19SUNTUL-SUN,41,234,40,1742,39,1017,38,1183,37,1655,43,1351,44,2406,45,2125,46,1348,47,177,42.0
2026-04-18 02:46:23 PM,KXATPCHALLENGERMATCH-26APR19SUNTUL-SUN,41,234,40,1742,39,1017,38,1183,37,1655,43,1333,44,2406,45,2125,46,1348,47,177,42.0
2026-04-18 02:46:34 PM,KXATPCHALLENGERMATCH-26APR19SUNTUL-SUN,41,234,40,1742,39,1017,38,1183,37,1655,43,1133,44,2406,45,2125,46,1348,47,177,42.0
2026-04-18 02:46:36 PM,KXATPCHALLENGERMATCH-26APR19SUNTUL-SUN,41,234,40,1742,39,1017,38,1183,37,1655,43,1333,44,2406,45,2125,46,1348,47,177,42.0
2026-04-18 02:47:54 PM,KXATPCHALLENGERMATCH-26APR19SUNTUL-SUN,41,234,40,1742,39,1017,38,1183,37,1655,43,1289,44,2406,45,2125,46,1348,47,177,42.0
2026-04-18 02:47:55 PM,KXATPCHALLENGERMATCH-26APR19SUNTUL-SUN,41,234,40,1742,39,1017,38,1183,37,1655,43,1333,44,2406,45,2125,46,1348,47,177,42.0
2026-04-18 02:48:44 PM,KXATPCHALLENGERMATCH-26APR19SUNTUL-SUN,41,234,40,1742,39,1017,38,1183,37,1655,43,1346,44,2406,45,2125,46,1348,47,177,42.0
2026-04-18 02:49:18 PM,KXATPCHALLENGERMATCH-26APR19SUNTUL-SUN,41,234,40,1742,39,1017,38,1183,37,1655,43,1333,44,2406,45,2125,46,1348,47,177,42.0
2026-04-18 02:50:39 PM,KXATPCHALLENGERMATCH-26APR19SUNTUL-SUN,41,234,40,1742,39,1017,38,1183,37,1655,43,1351,44,2406,45,2125,46,1348,47,177,42.0
2026-04-18 02:52:33 PM,KXATPCHALLENGERMATCH-26APR19SUNTUL-SUN,41,234,40,1742,39,1017,38,1183,37,1655,43,1355,44,2406,45,2125,46,1348,47,177,42.0
2026-04-18 02:52:33 PM,KXATPCHALLENGERMATCH-26APR19SUNTUL-SUN,41,232,40,1742,39,1017,38,1183,37,1655,43,1355,44,2406,45,2125,46,1348,47,177,42.0
2026-04-18 02:52:33 PM,KXATPCHALLENGERMATCH-26APR19SUNTUL-SUN,41,232,40,1740,39,1017,38,1183,37,1655,43,1355,44,2406,45,2125,46,1348,47,177,42.0
2026-04-18 02:52:38 PM,KXATPCHALLENGERMATCH-26APR19SUNTUL-SUN,41,232,40,1740,39,1017,38,1183,37,1655,43,1337,44,2406,45,2125,46,1348,47,177,42.0
2026-04-18 02:53:30 PM,KXATPCHALLENGERMATCH-26APR19SUNTUL-SUN,41,232,40,1740,39,1017,38,1183,37,1655,43,1355,44,2406,45,2125,46,1348,47,177,42.0
2026-04-18 02:53:32 PM,KXATPCHALLENGERMATCH-26APR19SUNTUL-SUN,41,232,40,1740,39,1017,38,1183,37,1655,43,1313,44,2406,45,2125,46,1348,47,177,42.0
2026-04-18 02:53:34 PM,KXATPCHALLENGERMATCH-26APR19SUNTUL-SUN,41,232,40,1740,39,1017,38,1183,37,1655,43,1269,44,2406,45,2125,46,1348,47,177,42.0
2026-04-18 02:53:34 PM,KXATPCHALLENGERMATCH-26APR19SUNTUL-SUN,41,232,40,1740,39,1017,38,1183,37,1655,43,1356,44,2406,45,2125,46,1348,47,177,42.0
2026-04-18 02:55:30 PM,KXATPCHALLENGERMATCH-26APR19SUNTUL-SUN,41,232,40,1740,39,1017,38,1183,37,1655,43,1338,44,2406,45,2125,46,1348,47,177,42.0
2026-04-18 02:59:45 PM,KXATPCHALLENGERMATCH-26APR19SUNTUL-SUN,41,232,40,1740,39,1017,38,1183,37,1655,43,1335,44,2406,45,2125,46,1348,47,177,42.0
2026-04-18 02:59:46 PM,KXATPCHALLENGERMATCH-26APR19SUNTUL-SUN,41,232,40,1740,39,1017,38,1183,37,1655,43,1248,44,2406,45,2125,46,1348,47,177,42.0
2026-04-18 02:59:46 PM,KXATPCHALLENGERMATCH-26APR19SUNTUL-SUN,41,232,40,1740,39,1017,38,1183,37,1655,43,1338,44,2406,45,2125,46,1348,47,177,42.0
2026-04-18 03:00:18 PM,KXATPCHALLENGERMATCH-26APR19SUNTUL-SUN,41,332,40,1740,39,1017,38,1183,37,1655,43,1338,44,2406,45,2125,46,1348,47,177,42.0
2026-04-18 03:00:18 PM,KXATPCHALLENGERMATCH-26APR19SUNTUL-SUN,41,332,40,1740,39,1017,38,1183,37,1655,43,1838,44,2406,45,2125,46,1348,47,177,42.0
2026-04-18 03:00:18 PM,KXATPCHALLENGERMATCH-26APR19SUNTUL-SUN,41,232,40,1740,39,1017,38,1183,37,1655,43,1838,44,2406,45,2125,46,1348,47,177,42.0
2026-04-18 03:00:18 PM,KXATPCHALLENGERMATCH-26APR19SUNTUL-SUN,41,232,40,1840,39,1017,38,1183,37,1655,43,1838,44,2406,45,2125,46,1348,47,177,42.0
2026-04-18 03:00:19 PM,KXATPCHALLENGERMATCH-26APR19SUNTUL-SUN,41,1,40,1840,39,1017,38,1183,37,1655,43,1838,44,2406,45,2125,46,1348,47,177,42.0
2026-04-18 03:00:19 PM,KXATPCHALLENGERMATCH-26APR19SUNTUL-SUN,41,1,40,1840,39,1017,38,1183,37,1655,43,1924,44,2406,45,2125,46,1348,47,177,42.0
2026-04-18 03:00:19 PM,KXATPCHALLENGERMATCH-26APR19SUNTUL-SUN,41,1,40,1840,39,1248,38,1183,37,1655,43,1924,44,2406,45,2125,46,1348,47,177,42.0
2026-04-18 03:00:19 PM,KXATPCHALLENGERMATCH-26APR19SUNTUL-SUN,41,1,40,1840,39,1248,38,1183,37,1655,43,1424,44,2406,45,2125,46,1348,47,177,42.0
2026-04-18 03:00:19 PM,KXATPCHALLENGERMATCH-26APR19SUNTUL-SUN,41,1,40,1740,39,1248,38,1183,37,1655,43,1424,44,2406,45,2125,46,1348,47,177,42.0
2026-04-18 03:01:08 PM,KXATPCHALLENGERMATCH-26APR19SUNTUL-SUN,41,1,40,1740,39,1248,38,1183,37,1655,43,1442,44,2406,45,2125,46,1348,47,177,42.0
2026-04-18 03:04:12 PM,KXATPCHALLENGERMATCH-26APR19SUNTUL-SUN,40,1739,39,1248,38,1183,37,1655,25,400,43,1442,44,2406,45,2125,46,1348,47,177,41.5
2026-04-18 03:04:13 PM,KXATPCHALLENGERMATCH-26APR19SUNTUL-SUN,40,1739,39,1248,38,1183,37,1655,25,400,43,1424,44,2406,45,2125,46,1348,47,177,41.5
2026-04-18 03:05:14 PM,KXATPCHALLENGERMATCH-26APR19SUNTUL-SUN,40,1739,39,1248,38,1183,37,1655,25,400,43,1442,44,2406,45,2125,46,1348,47,177,41.5
2026-04-18 03:08:25 PM,KXATPCHALLENGERMATCH-26APR19SUNTUL-SUN,40,1739,39,1248,38,1183,37,1655,25,400,43,1424,44,2406,45,2125,46,1348,47,177,41.5
2026-04-18 03:16:01 PM,KXATPCHALLENGERMATCH-26APR19SUNTUL-SUN,40,1739,39,1248,38,1183,37,1655,25,400,43,1442,44,2406,45,2125,46,1348,47,177,41.5
2026-04-18 03:18:05 PM,KXATPCHALLENGERMATCH-26APR19SUNTUL-SUN,40,1739,39,1248,38,1183,37,1655,25,400,43,1424,44,2406,45,2125,46,1348,47,177,41.5
2026-04-18 03:18:59 PM,KXATPCHALLENGERMATCH-26APR19SUNTUL-SUN,40,1739,39,1248,38,1183,37,1655,25,400,43,1422,44,2406,45,2125,46,1348,47,177,41.5
2026-04-18 03:19:02 PM,KXATPCHALLENGERMATCH-26APR19SUNTUL-SUN,40,1739,39,1248,38,1183,37,1655,25,400,43,1332,44,2406,45,2125,46,1348,47,177,41.5
2026-04-18 03:19:02 PM,KXATPCHALLENGERMATCH-26APR19SUNTUL-SUN,40,1739,39,1248,38,1183,37,1655,25,400,43,1424,44,2406,45,2125,46,1348,47,177,41.5
2026-04-18 03:19:18 PM,KXATPCHALLENGERMATCH-26APR19SUNTUL-SUN,40,1739,39,1248,38,1183,37,1655,25,400,43,1442,44,2406,45,2125,46,1348,47,177,41.5
2026-04-18 03:23:15 PM,KXATPCHALLENGERMATCH-26APR19SUNTUL-SUN,40,1739,39,1248,38,1183,37,1655,25,400,43,1424,44,2406,45,2125,46,1348,47,177,41.5
2026-04-18 03:23:43 PM,KXATPCHALLENGERMATCH-26APR19SUNTUL-SUN,40,1739,39,1248,38,1183,37,1655,25,400,43,1442,44,2406,45,2125,46,1348,47,177,41.5
2026-04-18 03:28:10 PM,KXATPCHALLENGERMATCH-26APR19SUNTUL-SUN,40,1739,39,1248,38,1183,37,1655,25,400,43,1424,44,2406,45,2125,46,1348,47,177,41.5
2026-04-18 03:30:03 PM,KXATPCHALLENGERMATCH-26APR19SUNTUL-SUN,40,1739,39,1248,38,1183,37,1655,25,400,43,1442,44,2406,45,2125,46,1348,47,177,41.5
2026-04-18 03:32:03 PM,KXATPCHALLENGERMATCH-26APR19SUNTUL-SUN,40,1739,39,1248,38,1183,37,1655,25,400,43,1424,44,2406,45,2125,46,1348,47,177,41.5
2026-04-18 03:32:19 PM,KXATPCHALLENGERMATCH-26APR19SUNTUL-SUN,40,1739,39,1248,38,936,37,1655,25,400,43,1424,44,2406,45,2125,46,1348,47,177,41.5
2026-04-18 03:32:19 PM,KXATPCHALLENGERMATCH-26APR19SUNTUL-SUN,40,1739,39,1248,38,936,37,1401,25,400,43,1424,44,2406,45,2125,46,1348,47,177,41.5
2026-04-18 03:32:19 PM,KXATPCHALLENGERMATCH-26APR19SUNTUL-SUN,40,1739,39,1248,38,936,37,1401,25,400,43,1424,44,2406,45,2125,46,1174,47,177,41.5
2026-04-18 03:32:19 PM,KXATPCHALLENGERMATCH-26APR19SUNTUL-SUN,40,1739,39,1248,38,936,37,1401,25,400,43,1424,44,2406,45,2125,46,1174,58,952,41.5
2026-04-18 03:32:21 PM,KXATPCHALLENGERMATCH-26APR19SUNTUL-SUN,40,1739,39,1248,38,936,37,1401,25,400,43,1442,44,2406,45,2125,46,1174,58,952,41.5
2026-04-18 03:33:38 PM,KXATPCHALLENGERMATCH-26APR19SUNTUL-SUN,40,1739,39,1248,38,936,37,1401,25,400,43,1630,44,2406,45,2125,46,1174,58,952,41.5
2026-04-18 03:33:38 PM,KXATPCHALLENGERMATCH-26APR19SUNTUL-SUN,40,1645,39,1248,38,936,37,1401,25,400,43,1630,44,2406,45,2125,46,1174,58,952,41.5
2026-04-18 03:33:38 PM,KXATPCHALLENGERMATCH-26APR19SUNTUL-SUN,40,1645,39,1154,38,936,37,1401,25,400,43,1630,44,2406,45,2125,46,1174,58,952,41.5
2026-04-18 03:34:35 PM,KXATPCHALLENGERMATCH-26APR19SUNTUL-SUN,40,1645,39,1154,38,936,37,1401,25,400,43,1612,44,2406,45,2125,46,1174,58,952,41.5
2026-04-18 03:37:28 PM,KXATPCHALLENGERMATCH-26APR19SUNTUL-SUN,40,1645,39,1154,38,936,37,1401,25,400,43,1612,44,2406,45,2125,46,1174,58,952,41.5,5536,8269,0.401
2026-04-18 03:37:47 PM,KXATPCHALLENGERMATCH-26APR19SUNTUL-SUN,40,1645,39,1154,38,949,37,1401,25,400,43,1612,44,2406,45,2125,46,1174,58,952,41.5,5549,8269,0.402
2026-04-18 03:37:47 PM,KXATPCHALLENGERMATCH-26APR19SUNTUL-SUN,40,1645,39,1154,38,949,37,1401,25,400,43,1612,44,2406,45,2125,46,1183,58,952,41.5,5549,8278,0.401
2026-04-18 03:40:34 PM,KXATPCHALLENGERMATCH-26APR19SUNTUL-SUN,40,1645,39,1154,38,949,37,1401,25,400,43,1630,44,2406,45,2125,46,1183,58,952,41.5,5549,8296,0.401
2026-04-18 03:41:20 PM,KXATPCHALLENGERMATCH-26APR19SUNTUL-SUN,40,1645,39,1154,38,949,37,1414,25,400,43,1630,44,2406,45,2125,46,1183,58,952,41.5,5562,8296,0.401
2026-04-18 03:41:20 PM,KXATPCHALLENGERMATCH-26APR19SUNTUL-SUN,40,1645,39,1154,38,949,37,1414,25,400,43,1630,44,2406,45,2125,46,1183,47,9,41.5,5562,7353,0.431
2026-04-18 03:42:51 PM,KXATPCHALLENGERMATCH-26APR19SUNTUL-SUN,40,1645,39,1154,38,949,37,1414,25,400,43,1612,44,2406,45,2125,46,1183,47,9,41.5,5562,7335,0.431
2026-04-18 03:43:13 PM,KXATPCHALLENGERMATCH-26APR19SUNTUL-SUN,40,1645,39,1154,38,949,37,1414,25,400,43,1630,44,2406,45,2125,46,1183,47,9,41.5,5562,7353,0.431
2026-04-18 03:44:05 PM,KXATPCHALLENGERMATCH-26APR19SUNTUL-SUN,40,1645,39,1154,38,949,37,1414,25,400,43,1670,44,2406,45,2125,46,1183,47,9,41.5,5562,7393,0.429
2026-04-18 03:44:14 PM,KXATPCHALLENGERMATCH-26APR19SUNTUL-SUN,40,1645,39,1154,38,949,37,1414,25,400,43,1652,44,2406,45,2125,46,1183,47,9,41.5,5562,7375,0.430
2026-04-18 03:44:54 PM,KXATPCHALLENGERMATCH-26APR19SUNTUL-SUN,40,1645,39,1154,38,949,37,1414,25,400,43,1670,44,2406,45,2125,46,1183,47,9,41.5,5562,7393,0.429
2026-04-18 03:47:20 PM,KXATPCHALLENGERMATCH-26APR19SUNTUL-SUN,40,1645,39,1154,38,949,37,1414,25,400,43,1652,44,2406,45,2125,46,1183,47,9,41.5,5562,7375,0.430
2026-04-18 03:47:23 PM,KXATPCHALLENGERMATCH-26APR19SUNTUL-SUN,40,1645,39,1154,38,949,37,1414,25,400,43,1670,44,2406,45,2125,46,1183,47,9,41.5,5562,7393,0.429
2026-04-18 03:48:41 PM,KXATPCHALLENGERMATCH-26APR19SUNTUL-SUN,40,1645,39,1154,38,936,37,1414,25,400,43,1670,44,2406,45,2125,46,1183,47,9,41.5,5549,7393,0.429
2026-04-18 03:48:41 PM,KXATPCHALLENGERMATCH-26APR19SUNTUL-SUN,40,1645,39,1154,38,936,37,1401,25,400,43,1670,44,2406,45,2125,46,1183,47,9,41.5,5536,7393,0.428
2026-04-18 03:48:41 PM,KXATPCHALLENGERMATCH-26APR19SUNTUL-SUN,40,1645,39,1154,38,936,37,1401,25,400,43,1670,44,2406,45,2125,46,1174,47,9,41.5,5536,7384,0.428
2026-04-18 03:48:41 PM,KXATPCHALLENGERMATCH-26APR19SUNTUL-SUN,40,1645,39,1154,38,936,37,1401,25,400,43,1670,44,2406,45,2125,46,1174,58,952,41.5,5536,8327,0.399
2026-04-18 03:49:02 PM,KXATPCHALLENGERMATCH-26APR19SUNTUL-SUN,40,1645,39,1154,38,936,37,1401,25,400,43,1670,44,1906,45,2125,46,1174,58,952,41.5,5536,7827,0.414
2026-04-18 03:49:02 PM,KXATPCHALLENGERMATCH-26APR19SUNTUL-SUN,40,1645,39,1154,38,936,37,1401,25,400,43,1670,44,1905,45,2125,46,1174,58,952,41.5,5536,7826,0.414
2026-04-18 03:49:02 PM,KXATPCHALLENGERMATCH-26APR19SUNTUL-SUN,40,1645,39,1154,38,936,37,1401,25,400,43,1670,44,1406,45,2125,46,1174,58,952,41.5,5536,7327,0.430
2026-04-18 03:49:02 PM,KXATPCHALLENGERMATCH-26APR19SUNTUL-SUN,40,1645,39,1154,38,936,37,1401,25,400,42,886,43,1670,44,1406,45,2125,46,1174,41.0,5536,7261,0.433
2026-04-18 03:49:02 PM,KXATPCHALLENGERMATCH-26APR19SUNTUL-SUN,40,1645,39,1154,38,936,37,1401,25,400,42,886,43,1652,44,1406,45,2125,46,1174,41.0,5536,7243,0.433
2026-04-18 03:49:02 PM,KXATPCHALLENGERMATCH-26APR19SUNTUL-SUN,40,1645,39,1154,38,936,37,1401,25,400,42,886,43,1926,44,1406,45,2125,46,1174,41.0,5536,7517,0.424
2026-04-18 03:49:02 PM,KXATPCHALLENGERMATCH-26APR19SUNTUL-SUN,40,1565,39,1154,38,936,37,1401,25,400,42,886,43,1926,44,1406,45,2125,46,1174,41.0,5456,7517,0.421
2026-04-18 03:49:02 PM,KXATPCHALLENGERMATCH-26APR19SUNTUL-SUN,40,1565,39,1074,38,936,37,1401,25,400,42,886,43,1926,44,1406,45,2125,46,1174,41.0,5376,7517,0.417
2026-04-18 03:49:03 PM,KXATPCHALLENGERMATCH-26APR19SUNTUL-SUN,40,1565,39,1074,38,936,37,1401,25,400,42,886,43,1886,44,1406,45,2125,46,1174,41.0,5376,7477,0.418
2026-04-18 03:49:03 PM,KXATPCHALLENGERMATCH-26APR19SUNTUL-SUN,40,1565,39,1074,38,936,37,1401,25,400,42,926,43,1886,44,1406,45,2125,46,1174,41.0,5376,7517,0.417
2026-04-18 03:56:55 PM,KXATPCHALLENGERMATCH-26APR19SUNTUL-SUN,40,1564,39,1073,38,936,37,1401,25,400,42,926,43,1886,44,1406,45,2125,46,1174,41.0,5374,7517,0.417
2026-04-18 03:57:40 PM,KXATPCHALLENGERMATCH-26APR19SUNTUL-SUN,40,1564,39,1073,38,936,37,1401,25,400,42,926,43,1886,44,1406,45,2125,46,1174,41.0,5374,7517,0.417
2026-04-18 04:04:05 PM,KXATPCHALLENGERMATCH-26APR19SUNTUL-SUN,40,1564,39,1073,38,936,37,1401,25,400,42,934,43,1886,44,1406,45,2125,46,1174,41.0,5374,7525,0.417
2026-04-18 04:04:05 PM,KXATPCHALLENGERMATCH-26APR19SUNTUL-SUN,40,1560,39,1073,38,936,37,1401,25,400,42,934,43,1886,44,1406,45,2125,46,1174,41.0,5370,7525,0.416
2026-04-18 04:04:05 PM,KXATPCHALLENGERMATCH-26APR19SUNTUL-SUN,40,1560,39,1069,38,936,37,1401,25,400,42,934,43,1886,44,1406,45,2125,46,1174,41.0,5366,7525,0.416
2026-04-18 04:05:42 PM,KXATPCHALLENGERMATCH-26APR19SUNTUL-SUN,40,1560,39,1069,38,936,37,1401,25,400,42,969,43,1886,44,1406,45,2125,46,1174,41.0,5366,7560,0.415
2026-04-18 04:05:42 PM,KXATPCHALLENGERMATCH-26APR19SUNTUL-SUN,40,1543,39,1069,38,936,37,1401,25,400,42,969,43,1886,44,1406,45,2125,46,1174,41.0,5349,7560,0.414
2026-04-18 04:05:42 PM,KXATPCHALLENGERMATCH-26APR19SUNTUL-SUN,40,1543,39,1052,38,936,37,1401,25,400,42,969,43,1886,44,1406,45,2125,46,1174,41.0,5332,7560,0.414
2026-04-18 04:07:06 PM,KXATPCHALLENGERMATCH-26APR19SUNTUL-SUN,40,1543,39,1066,38,936,37,1401,25,400,42,969,43,1886,44,1406,45,2125,46,1174,41.0,5346,7560,0.414
2026-04-18 04:07:06 PM,KXATPCHALLENGERMATCH-26APR19SUNTUL-SUN,40,1543,39,1066,38,946,37,1401,25,400,42,969,43,1886,44,1406,45,2125,46,1174,41.0,5356,7560,0.415
2026-04-18 04:07:06 PM,KXATPCHALLENGERMATCH-26APR19SUNTUL-SUN,40,1543,39,1066,38,946,37,1401,25,400,42,983,43,1886,44,1406,45,2125,46,1174,41.0,5356,7574,0.414
2026-04-18 04:07:06 PM,KXATPCHALLENGERMATCH-26APR19SUNTUL-SUN,40,1543,39,1066,38,946,37,1401,25,400,42,983,43,1896,44,1406,45,2125,46,1174,41.0,5356,7584,0.414
2026-04-18 04:07:19 PM,KXATPCHALLENGERMATCH-26APR19SUNTUL-SUN,40,1542,39,1065,38,946,37,1401,25,400,42,984,43,1896,44,1406,45,2125,46,1174,41.0,5354,7585,0.414
2026-04-18 04:24:22 PM,KXATPCHALLENGERMATCH-26APR19SUNTUL-SUN,40,1542,39,1065,38,946,37,1401,25,400,42,973,43,1896,44,1406,45,2125,46,1174,41.0,5354,7574,0.414
2026-04-18 04:24:24 PM,KXATPCHALLENGERMATCH-26APR19SUNTUL-SUN,40,1547,39,1065,38,946,37,1401,25,400,42,973,43,1896,44,1406,45,2125,46,1174,41.0,5359,7574,0.414
2026-04-18 04:24:24 PM,KXATPCHALLENGERMATCH-26APR19SUNTUL-SUN,40,1547,39,1070,38,946,37,1401,25,400,42,973,43,1896,44,1406,45,2125,46,1174,41.0,5364,7574,0.415
2026-04-18 04:47:36 PM,KXATPCHALLENGERMATCH-26APR19SUNTUL-SUN,40,1548,39,1071,38,946,37,1401,25,400,42,973,43,1896,44,1406,45,2125,46,1174,41.0,5366,7574,0.415
2026-04-18 04:49:26 PM,KXATPCHALLENGERMATCH-26APR19SUNTUL-SUN,40,1548,39,1071,38,946,37,1401,25,400,42,905,43,1896,44,1406,45,2125,46,1174,41.0,5366,7506,0.417
2026-04-18 04:49:28 PM,KXATPCHALLENGERMATCH-26APR19SUNTUL-SUN,40,1548,39,1071,38,946,37,1401,25,400,42,98,43,1896,44,1406,45,2125,46,1174,41.0,5366,6699,0.445
2026-04-18 04:49:28 PM,KXATPCHALLENGERMATCH-26APR19SUNTUL-SUN,40,1548,39,1071,38,946,37,1401,25,400,42,90,43,1896,44,1406,45,2125,46,1174,41.0,5366,6691,0.445
2026-04-18 04:49:28 PM,KXATPCHALLENGERMATCH-26APR19SUNTUL-SUN,40,1548,39,1071,38,946,37,1401,25,400,42,55,43,1896,44,1406,45,2125,46,1174,41.0,5366,6656,0.446
2026-04-18 04:49:28 PM,KXATPCHALLENGERMATCH-26APR19SUNTUL-SUN,40,1548,39,1071,38,946,37,1401,25,400,42,55,43,1748,44,1406,45,2125,46,1174,41.0,5366,6508,0.452
2026-04-18 04:49:28 PM,KXATPCHALLENGERMATCH-26APR19SUNTUL-SUN,40,1548,39,1071,38,946,37,1401,25,400,42,55,43,1748,44,2406,45,2125,46,1174,41.0,5366,7508,0.417
2026-04-18 04:49:28 PM,KXATPCHALLENGERMATCH-26APR19SUNTUL-SUN,40,1582,39,1071,38,946,37,1401,25,400,42,55,43,1748,44,2406,45,2125,46,1174,41.0,5400,7508,0.418
2026-04-18 04:49:28 PM,KXATPCHALLENGERMATCH-26APR19SUNTUL-SUN,40,1582,39,1105,38,946,37,1401,25,400,42,55,43,1748,44,2406,45,2125,46,1174,41.0,5434,7508,0.420
