ts_et,ticker,bid_1,bid_1_sz,bid_2,bid_2_sz,bid_3,bid_3_sz,bid_4,bid_4_sz,bid_5,bid_5_sz,ask_1,ask_1_sz,ask_2,ask_2_sz,ask_3,ask_3_sz,ask_4,ask_4_sz,ask_5,ask_5_sz,mid
2026-04-18 05:13:10 AM,KXATPCHALLENGERMATCH-26APR18DELPRA-PRA,6,116,5,194,4,823,3,540,2,900,94,15,95,25,96,543,97,84,98,123,50.0
2026-04-18 05:16:52 AM,KXATPCHALLENGERMATCH-26APR18DELPRA-PRA,6,116,5,194,4,823,3,540,2,900,93,10,94,15,95,25,96,543,97,84,49.5
2026-04-18 05:18:03 AM,KXATPCHALLENGERMATCH-26APR18DELPRA-PRA,6,116,5,194,4,823,3,540,2,900,93,10,94,365,95,25,96,543,97,84,49.5
2026-04-18 05:18:59 AM,KXATPCHALLENGERMATCH-26APR18DELPRA-PRA,33,497,6,116,5,194,4,823,3,540,93,10,94,365,95,25,96,543,97,84,63.0
2026-04-18 05:18:59 AM,KXATPCHALLENGERMATCH-26APR18DELPRA-PRA,33,497,6,116,5,194,4,823,3,540,41,278,93,10,94,365,95,25,96,543,37.0
2026-04-18 05:18:59 AM,KXATPCHALLENGERMATCH-26APR18DELPRA-PRA,33,497,32,513,6,116,5,194,4,823,41,278,93,10,94,365,95,25,96,543,37.0
2026-04-18 05:18:59 AM,KXATPCHALLENGERMATCH-26APR18DELPRA-PRA,33,497,32,513,6,116,5,194,4,823,41,278,42,283,93,10,94,365,95,25,37.0
2026-04-18 05:19:57 AM,KXATPCHALLENGERMATCH-26APR18DELPRA-PRA,34,291,33,497,32,513,6,116,5,194,41,278,42,283,93,10,94,365,95,25,37.5
2026-04-18 05:19:57 AM,KXATPCHALLENGERMATCH-26APR18DELPRA-PRA,34,291,33,637,32,513,6,116,5,194,41,278,42,283,93,10,94,365,95,25,37.5
2026-04-18 05:19:57 AM,KXATPCHALLENGERMATCH-26APR18DELPRA-PRA,34,291,33,637,32,621,6,116,5,194,41,278,42,283,93,10,94,365,95,25,37.5
2026-04-18 05:19:57 AM,KXATPCHALLENGERMATCH-26APR18DELPRA-PRA,34,291,33,637,32,621,20,500,6,116,41,278,42,283,93,10,94,365,95,25,37.5
2026-04-18 05:19:57 AM,KXATPCHALLENGERMATCH-26APR18DELPRA-PRA,34,291,33,637,32,621,20,500,9,1111,41,278,42,283,93,10,94,365,95,25,37.5
2026-04-18 05:19:57 AM,KXATPCHALLENGERMATCH-26APR18DELPRA-PRA,34,291,33,637,32,621,20,500,9,1111,40,660,41,278,42,283,93,10,94,365,37.0
2026-04-18 05:19:57 AM,KXATPCHALLENGERMATCH-26APR18DELPRA-PRA,34,291,33,637,32,621,20,500,9,1111,40,660,41,949,42,283,93,10,94,365,37.0
2026-04-18 05:19:58 AM,KXATPCHALLENGERMATCH-26APR18DELPRA-PRA,34,291,33,637,32,621,20,500,9,1111,40,660,41,949,42,966,93,10,94,365,37.0
2026-04-18 05:19:58 AM,KXATPCHALLENGERMATCH-26APR18DELPRA-PRA,34,291,33,637,32,621,20,500,9,1111,40,660,41,949,42,966,53,851,93,10,37.0
2026-04-18 05:19:58 AM,KXATPCHALLENGERMATCH-26APR18DELPRA-PRA,34,291,33,637,32,621,20,500,9,1111,40,660,41,949,42,966,53,851,64,1111,37.0
2026-04-18 05:21:16 AM,KXATPCHALLENGERMATCH-26APR18DELPRA-PRA,34,291,33,637,32,621,20,500,9,1111,39,500,40,660,41,949,42,966,53,851,36.5
2026-04-18 05:21:16 AM,KXATPCHALLENGERMATCH-26APR18DELPRA-PRA,34,291,33,637,32,621,20,500,9,1111,39,500,40,660,41,949,42,283,53,851,36.5
2026-04-18 05:21:16 AM,KXATPCHALLENGERMATCH-26APR18DELPRA-PRA,34,291,33,637,32,621,20,500,9,1111,39,500,40,637,41,949,42,283,53,851,36.5
2026-04-18 05:21:16 AM,KXATPCHALLENGERMATCH-26APR18DELPRA-PRA,34,291,33,637,32,621,20,500,9,1111,39,500,40,637,41,659,42,283,53,851,36.5
2026-04-18 05:21:16 AM,KXATPCHALLENGERMATCH-26APR18DELPRA-PRA,34,291,33,637,32,621,20,500,9,1111,39,500,40,1637,41,659,42,283,53,851,36.5
2026-04-18 05:21:16 AM,KXATPCHALLENGERMATCH-26APR18DELPRA-PRA,34,291,33,637,32,621,20,500,9,1111,39,1149,40,1637,41,659,42,283,53,851,36.5
2026-04-18 05:21:16 AM,KXATPCHALLENGERMATCH-26APR18DELPRA-PRA,35,250,34,291,33,637,32,621,20,500,39,1149,40,1637,41,659,42,283,53,851,37.0
2026-04-18 05:21:16 AM,KXATPCHALLENGERMATCH-26APR18DELPRA-PRA,35,250,34,541,33,637,32,621,20,500,39,1149,40,1637,41,659,42,283,53,851,37.0
2026-04-18 05:21:17 AM,KXATPCHALLENGERMATCH-26APR18DELPRA-PRA,35,250,34,541,33,637,32,621,20,500,39,1149,40,637,41,659,42,283,53,851,37.0
2026-04-18 05:21:17 AM,KXATPCHALLENGERMATCH-26APR18DELPRA-PRA,35,250,34,541,33,637,32,621,20,500,38,500,39,1149,40,637,41,659,42,283,36.5
2026-04-18 05:21:17 AM,KXATPCHALLENGERMATCH-26APR18DELPRA-PRA,35,250,34,541,33,637,32,621,20,500,38,500,39,1649,40,637,41,659,42,283,36.5
2026-04-18 05:21:17 AM,KXATPCHALLENGERMATCH-26APR18DELPRA-PRA,35,250,34,291,33,637,32,621,20,500,38,500,39,1649,40,637,41,659,42,283,36.5
2026-04-18 05:21:17 AM,KXATPCHALLENGERMATCH-26APR18DELPRA-PRA,36,250,35,250,34,291,33,637,32,621,38,500,39,1649,40,637,41,659,42,283,37.0
2026-04-18 05:23:36 AM,KXATPCHALLENGERMATCH-26APR18DELPRA-PRA,36,250,35,811,34,291,33,637,32,621,38,500,39,1649,40,637,41,659,42,283,37.0
2026-04-18 05:23:36 AM,KXATPCHALLENGERMATCH-26APR18DELPRA-PRA,36,250,35,811,34,291,33,637,32,621,38,500,39,2176,40,637,41,659,42,283,37.0
2026-04-18 05:23:36 AM,KXATPCHALLENGERMATCH-26APR18DELPRA-PRA,36,250,35,811,34,291,33,637,32,621,38,500,39,2176,40,1197,41,659,42,283,37.0
2026-04-18 05:23:36 AM,KXATPCHALLENGERMATCH-26APR18DELPRA-PRA,36,250,35,811,34,694,33,637,32,621,38,500,39,2176,40,1197,41,659,42,283,37.0
2026-04-18 05:23:36 AM,KXATPCHALLENGERMATCH-26APR18DELPRA-PRA,36,250,35,811,34,694,33,637,32,621,38,500,39,2529,40,1197,41,659,42,283,37.0
2026-04-18 05:23:36 AM,KXATPCHALLENGERMATCH-26APR18DELPRA-PRA,36,250,35,811,34,1320,33,637,32,621,38,500,39,2529,40,1197,41,659,42,283,37.0
2026-04-18 05:23:36 AM,KXATPCHALLENGERMATCH-26APR18DELPRA-PRA,36,250,35,811,34,1320,33,637,32,621,38,500,39,2529,40,1565,41,659,42,283,37.0
2026-04-18 05:23:36 AM,KXATPCHALLENGERMATCH-26APR18DELPRA-PRA,36,250,35,1211,34,1320,33,637,32,621,38,500,39,2529,40,1565,41,659,42,283,37.0
2026-04-18 05:32:13 AM,KXATPCHALLENGERMATCH-26APR18DELPRA-PRA,36,250,35,1211,34,1320,33,1082,32,621,38,500,39,2529,40,1565,41,659,42,283,37.0
2026-04-18 05:32:13 AM,KXATPCHALLENGERMATCH-26APR18DELPRA-PRA,36,250,35,1211,34,1305,33,1082,32,621,38,500,39,2529,40,1565,41,659,42,283,37.0
2026-04-18 05:32:13 AM,KXATPCHALLENGERMATCH-26APR18DELPRA-PRA,36,250,35,1211,34,1305,33,1051,32,621,38,500,39,2529,40,1565,41,659,42,283,37.0
2026-04-18 05:32:13 AM,KXATPCHALLENGERMATCH-26APR18DELPRA-PRA,36,250,35,1211,34,1305,33,1051,32,621,38,500,39,2529,40,1588,41,659,42,283,37.0
2026-04-18 05:32:13 AM,KXATPCHALLENGERMATCH-26APR18DELPRA-PRA,36,250,35,1211,34,1305,33,1051,32,621,38,500,39,2529,40,1588,41,806,42,283,37.0
2026-04-18 05:34:12 AM,KXATPCHALLENGERMATCH-26APR18DELPRA-PRA,36,250,35,1211,34,1305,33,1051,32,621,38,400,39,2529,40,1588,41,806,42,283,37.0
2026-04-18 05:34:13 AM,KXATPCHALLENGERMATCH-26APR18DELPRA-PRA,36,300,35,1211,34,1305,33,1051,32,621,38,400,39,2529,40,1588,41,806,42,283,37.0
2026-04-18 05:34:13 AM,KXATPCHALLENGERMATCH-26APR18DELPRA-PRA,36,300,35,1261,34,1305,33,1051,32,621,38,400,39,2529,40,1588,41,806,42,283,37.0
2026-04-18 05:35:56 AM,KXATPCHALLENGERMATCH-26APR18DELPRA-PRA,36,300,35,1261,34,1305,33,1051,32,621,38,435,39,2529,40,1588,41,806,42,283,37.0
2026-04-18 05:35:56 AM,KXATPCHALLENGERMATCH-26APR18DELPRA-PRA,36,335,35,1261,34,1305,33,1051,32,621,38,435,39,2529,40,1588,41,806,42,283,37.0
2026-04-18 05:35:56 AM,KXATPCHALLENGERMATCH-26APR18DELPRA-PRA,36,335,35,1261,34,1305,33,1051,32,621,38,35,39,2529,40,1588,41,806,42,283,37.0
2026-04-18 05:35:57 AM,KXATPCHALLENGERMATCH-26APR18DELPRA-PRA,36,335,35,1261,34,1305,33,1051,32,621,38,35,39,2029,40,1588,41,806,42,283,37.0
2026-04-18 05:35:57 AM,KXATPCHALLENGERMATCH-26APR18DELPRA-PRA,36,335,35,1261,34,1305,33,1051,32,621,38,35,39,1929,40,1588,41,806,42,283,37.0
2026-04-18 05:35:58 AM,KXATPCHALLENGERMATCH-26APR18DELPRA-PRA,36,335,35,1261,34,1305,33,1051,32,621,38,35,39,1929,40,2588,41,806,42,283,37.0
2026-04-18 05:35:58 AM,KXATPCHALLENGERMATCH-26APR18DELPRA-PRA,36,335,35,1261,34,1305,33,1051,32,621,38,85,39,1929,40,2588,41,806,42,283,37.0
2026-04-18 05:35:58 AM,KXATPCHALLENGERMATCH-26APR18DELPRA-PRA,36,335,35,1261,34,1305,33,1051,32,621,38,85,39,1929,40,1588,41,806,42,283,37.0
2026-04-18 05:35:58 AM,KXATPCHALLENGERMATCH-26APR18DELPRA-PRA,36,335,35,1261,34,1305,33,1051,32,621,38,485,39,1929,40,1588,41,806,42,283,37.0
2026-04-18 05:35:58 AM,KXATPCHALLENGERMATCH-26APR18DELPRA-PRA,36,335,35,1261,34,1305,33,1051,32,621,38,485,39,2529,40,1588,41,806,42,283,37.0
2026-04-18 05:36:27 AM,KXATPCHALLENGERMATCH-26APR18DELPRA-PRA,36,335,35,1261,34,1305,33,1051,32,621,38,435,39,2529,40,1588,41,806,42,283,37.0
2026-04-18 05:46:48 AM,KXATPCHALLENGERMATCH-26APR18DELPRA-PRA,36,335,35,1261,34,1305,33,1051,32,621,38,400,39,2529,40,1588,41,806,42,283,37.0
2026-04-18 05:46:48 AM,KXATPCHALLENGERMATCH-26APR18DELPRA-PRA,36,300,35,1261,34,1305,33,1051,32,621,38,400,39,2529,40,1588,41,806,42,283,37.0
2026-04-18 05:46:48 AM,KXATPCHALLENGERMATCH-26APR18DELPRA-PRA,36,50,35,1261,34,1305,33,1051,32,621,38,400,39,2529,40,1588,41,806,42,283,37.0
2026-04-18 05:46:48 AM,KXATPCHALLENGERMATCH-26APR18DELPRA-PRA,35,1261,34,1305,33,1051,32,621,20,500,38,400,39,2529,40,1588,41,806,42,283,36.5
2026-04-18 05:46:48 AM,KXATPCHALLENGERMATCH-26APR18DELPRA-PRA,35,1261,34,1605,33,1051,32,621,20,500,38,400,39,2529,40,1588,41,806,42,283,36.5
2026-04-18 05:46:48 AM,KXATPCHALLENGERMATCH-26APR18DELPRA-PRA,35,1261,34,1305,33,1051,32,621,20,500,38,400,39,2529,40,1588,41,806,42,283,36.5
2026-04-18 05:46:48 AM,KXATPCHALLENGERMATCH-26APR18DELPRA-PRA,36,300,35,1261,34,1305,33,1051,32,621,38,400,39,2529,40,1588,41,806,42,283,37.0
2026-04-18 05:57:35 AM,KXATPCHALLENGERMATCH-26APR18DELPRA-PRA,36,300,35,1261,34,1305,33,1051,32,1021,38,400,39,2529,40,1588,41,806,42,283,37.0
2026-04-18 06:00:05 AM,KXATPCHALLENGERMATCH-26APR18DELPRA-PRA,36,400,35,1261,34,1305,33,1051,32,1021,38,400,39,2529,40,1588,41,806,42,283,37.0
2026-04-18 06:00:05 AM,KXATPCHALLENGERMATCH-26APR18DELPRA-PRA,36,100,35,1261,34,1305,33,1051,32,1021,38,400,39,2529,40,1588,41,806,42,283,37.0
2026-04-18 06:00:05 AM,KXATPCHALLENGERMATCH-26APR18DELPRA-PRA,36,100,35,1261,34,1305,33,1051,32,1021,38,900,39,2529,40,1588,41,806,42,283,37.0
2026-04-18 06:00:05 AM,KXATPCHALLENGERMATCH-26APR18DELPRA-PRA,35,1261,34,1305,33,1051,32,1021,20,500,38,900,39,2529,40,1588,41,806,42,283,36.5
2026-04-18 06:00:05 AM,KXATPCHALLENGERMATCH-26APR18DELPRA-PRA,35,1261,34,1605,33,1051,32,1021,20,500,38,900,39,2529,40,1588,41,806,42,283,36.5
2026-04-18 06:00:06 AM,KXATPCHALLENGERMATCH-26APR18DELPRA-PRA,35,1361,34,1605,33,1051,32,1021,20,500,38,900,39,2529,40,1588,41,806,42,283,36.5
2026-04-18 06:00:06 AM,KXATPCHALLENGERMATCH-26APR18DELPRA-PRA,35,1361,34,1305,33,1051,32,1021,20,500,38,900,39,2529,40,1588,41,806,42,283,36.5
2026-04-18 06:00:06 AM,KXATPCHALLENGERMATCH-26APR18DELPRA-PRA,36,300,35,1361,34,1305,33,1051,32,1021,38,900,39,2529,40,1588,41,806,42,283,37.0
2026-04-18 06:00:07 AM,KXATPCHALLENGERMATCH-26APR18DELPRA-PRA,36,300,35,1261,34,1305,33,1051,32,1021,38,900,39,2529,40,1588,41,806,42,283,37.0
2026-04-18 06:00:07 AM,KXATPCHALLENGERMATCH-26APR18DELPRA-PRA,36,400,35,1261,34,1305,33,1051,32,1021,38,900,39,2529,40,1588,41,806,42,283,37.0
2026-04-18 06:00:19 AM,KXATPCHALLENGERMATCH-26APR18DELPRA-PRA,36,300,35,1261,34,1305,33,1051,32,1021,38,900,39,2529,40,1588,41,806,42,283,37.0
2026-04-18 06:00:19 AM,KXATPCHALLENGERMATCH-26APR18DELPRA-PRA,36,300,35,1261,34,1305,33,1051,32,1021,38,400,39,2529,40,1588,41,806,42,283,37.0
2026-04-18 06:07:03 AM,KXATPCHALLENGERMATCH-26APR18DELPRA-PRA,36,300,35,1275,34,1305,33,1051,32,1021,38,400,39,2529,40,1588,41,806,42,283,37.0
2026-04-18 06:07:03 AM,KXATPCHALLENGERMATCH-26APR18DELPRA-PRA,36,300,35,1275,34,1315,33,1051,32,1021,38,400,39,2529,40,1588,41,806,42,283,37.0
2026-04-18 06:07:03 AM,KXATPCHALLENGERMATCH-26APR18DELPRA-PRA,36,300,35,1275,34,1315,33,1051,32,1021,38,414,39,2529,40,1588,41,806,42,283,37.0
2026-04-18 06:07:03 AM,KXATPCHALLENGERMATCH-26APR18DELPRA-PRA,36,300,35,1275,34,1315,33,1051,32,1021,38,14,39,2529,40,1588,41,806,42,283,37.0
2026-04-18 06:07:03 AM,KXATPCHALLENGERMATCH-26APR18DELPRA-PRA,36,300,35,1275,34,1315,33,1051,32,1021,39,2529,40,1588,41,806,42,283,53,851,37.5
2026-04-18 06:07:03 AM,KXATPCHALLENGERMATCH-26APR18DELPRA-PRA,36,300,35,1275,34,1315,33,1051,32,1021,39,1929,40,1588,41,806,42,283,53,851,37.5
2026-04-18 06:07:03 AM,KXATPCHALLENGERMATCH-26APR18DELPRA-PRA,36,300,35,1275,34,1315,33,1051,32,1021,39,1929,40,2588,41,806,42,283,53,851,37.5
2026-04-18 06:08:19 AM,KXATPCHALLENGERMATCH-26APR18DELPRA-PRA,36,300,35,1275,34,1315,33,1051,32,1021,39,1953,40,2588,41,806,42,283,53,851,37.5
2026-04-18 06:08:19 AM,KXATPCHALLENGERMATCH-26APR18DELPRA-PRA,36,300,35,1275,34,1315,33,1051,32,1021,39,1953,40,2597,41,806,42,283,53,851,37.5
2026-04-18 06:18:24 AM,KXATPCHALLENGERMATCH-26APR18DELPRA-PRA,36,300,35,1275,34,1315,33,1051,32,1021,39,1971,40,2597,41,806,42,283,53,851,37.5
2026-04-18 06:25:09 AM,KXATPCHALLENGERMATCH-26APR18DELPRA-PRA,36,300,35,1275,34,1315,33,1051,32,1021,39,1953,40,2597,41,806,42,283,53,851,37.5
2026-04-18 06:25:37 AM,KXATPCHALLENGERMATCH-26APR18DELPRA-PRA,36,300,35,1275,34,1315,33,1051,32,1021,39,1971,40,2597,41,806,42,283,53,851,37.5
2026-04-18 06:27:36 AM,KXATPCHALLENGERMATCH-26APR18DELPRA-PRA,36,300,35,1275,34,1315,33,1051,32,1021,39,1953,40,2597,41,806,42,283,53,851,37.5
2026-04-18 06:32:52 AM,KXATPCHALLENGERMATCH-26APR18DELPRA-PRA,36,300,35,1275,34,1315,33,1051,32,1021,39,1971,40,2597,41,806,42,283,53,851,37.5
2026-04-18 06:33:58 AM,KXATPCHALLENGERMATCH-26APR18DELPRA-PRA,36,300,35,1275,34,1315,33,1051,32,1021,39,1971,40,2597,41,806,42,283,53,1089,37.5
2026-04-18 06:35:28 AM,KXATPCHALLENGERMATCH-26APR18DELPRA-PRA,36,300,35,1275,34,1315,33,1051,32,1021,39,1953,40,2597,41,806,42,283,53,1089,37.5
2026-04-18 06:36:39 AM,KXATPCHALLENGERMATCH-26APR18DELPRA-PRA,36,300,35,1275,34,1315,33,1051,32,1021,39,1971,40,2597,41,806,42,283,53,1089,37.5
2026-04-18 06:40:20 AM,KXATPCHALLENGERMATCH-26APR18DELPRA-PRA,36,300,35,1275,34,1315,33,1051,32,1021,39,1953,40,2597,41,806,42,283,53,1089,37.5
2026-04-18 06:46:40 AM,KXATPCHALLENGERMATCH-26APR18DELPRA-PRA,36,300,35,1275,34,1315,33,1051,32,1021,39,1971,40,2597,41,806,42,283,53,1089,37.5
2026-04-18 06:48:40 AM,KXATPCHALLENGERMATCH-26APR18DELPRA-PRA,36,300,35,1275,34,1315,33,1051,32,1021,39,1953,40,2597,41,806,42,283,53,1089,37.5
2026-04-18 06:48:48 AM,KXATPCHALLENGERMATCH-26APR18DELPRA-PRA,36,300,35,1275,34,1315,33,1051,32,1021,39,1971,40,2597,41,806,42,283,53,1089,37.5
2026-04-18 06:52:33 AM,KXATPCHALLENGERMATCH-26APR18DELPRA-PRA,36,300,35,1275,34,1315,33,1051,32,1021,39,1953,40,2597,41,806,42,283,53,1089,37.5
2026-04-18 06:52:37 AM,KXATPCHALLENGERMATCH-26APR18DELPRA-PRA,36,300,35,1275,34,1315,33,1051,32,1021,39,1971,40,2597,41,806,42,283,53,1089,37.5
2026-04-18 06:53:14 AM,KXATPCHALLENGERMATCH-26APR18DELPRA-PRA,36,300,35,1275,34,1315,33,1051,32,1021,39,1975,40,2597,41,806,42,283,53,1089,37.5
2026-04-18 06:53:14 AM,KXATPCHALLENGERMATCH-26APR18DELPRA-PRA,36,298,35,1275,34,1315,33,1051,32,1021,39,1975,40,2597,41,806,42,283,53,1089,37.5
2026-04-18 06:53:14 AM,KXATPCHALLENGERMATCH-26APR18DELPRA-PRA,36,298,35,1273,34,1315,33,1051,32,1021,39,1975,40,2597,41,806,42,283,53,1089,37.5
2026-04-18 06:57:53 AM,KXATPCHALLENGERMATCH-26APR18DELPRA-PRA,36,298,35,1273,34,1315,33,1051,32,1021,39,1957,40,2597,41,806,42,283,53,1089,37.5
2026-04-18 07:00:55 AM,KXATPCHALLENGERMATCH-26APR18DELPRA-PRA,36,298,35,1273,34,1315,33,1051,32,1021,39,1975,40,2597,41,806,42,283,53,1089,37.5
2026-04-18 07:04:41 AM,KXATPCHALLENGERMATCH-26APR18DELPRA-PRA,36,298,35,1273,34,1315,33,1051,32,1021,39,1957,40,2597,41,806,42,283,53,1089,37.5
2026-04-18 07:04:56 AM,KXATPCHALLENGERMATCH-26APR18DELPRA-PRA,36,298,35,1273,34,1315,33,1051,32,1021,39,1975,40,2597,41,806,42,283,53,1089,37.5
2026-04-18 07:10:36 AM,KXATPCHALLENGERMATCH-26APR18DELPRA-PRA,36,298,35,1273,34,1315,33,1051,32,1021,39,1957,40,2597,41,806,42,283,53,1089,37.5
2026-04-18 07:12:20 AM,KXATPCHALLENGERMATCH-26APR18DELPRA-PRA,36,298,35,1273,34,1315,33,1051,32,1021,39,1975,40,2597,41,806,42,283,53,1089,37.5
2026-04-18 07:15:48 AM,KXATPCHALLENGERMATCH-26APR18DELPRA-PRA,36,298,35,1273,34,1315,33,1051,32,1021,39,1957,40,2597,41,806,42,283,53,1089,37.5
2026-04-18 07:17:19 AM,KXATPCHALLENGERMATCH-26APR18DELPRA-PRA,36,298,35,1273,34,1315,33,1051,32,1021,39,1957,40,2597,41,806,42,283,53,907,37.5
2026-04-18 07:17:31 AM,KXATPCHALLENGERMATCH-26APR18DELPRA-PRA,36,298,35,1273,34,1315,33,1051,32,1021,39,1975,40,2597,41,806,42,283,53,907,37.5
2026-04-18 07:22:02 AM,KXATPCHALLENGERMATCH-26APR18DELPRA-PRA,36,298,35,1273,34,1315,33,554,32,1021,39,1975,40,2597,41,806,42,283,53,907,37.5
2026-04-18 07:22:02 AM,KXATPCHALLENGERMATCH-26APR18DELPRA-PRA,36,298,35,1273,34,1315,33,554,32,508,39,1975,40,2597,41,806,42,283,53,907,37.5
2026-04-18 07:22:02 AM,KXATPCHALLENGERMATCH-26APR18DELPRA-PRA,36,298,35,1273,34,1315,33,554,32,508,39,1975,40,2597,41,528,42,283,53,907,37.5
2026-04-18 07:22:02 AM,KXATPCHALLENGERMATCH-26APR18DELPRA-PRA,36,298,35,1273,34,1315,33,554,32,508,39,1975,40,2597,41,528,53,907,54,73,37.5
2026-04-18 07:22:27 AM,KXATPCHALLENGERMATCH-26APR18DELPRA-PRA,36,298,35,1273,34,1315,33,554,32,508,39,1975,40,2597,41,498,53,907,54,73,37.5
2026-04-18 07:22:49 AM,KXATPCHALLENGERMATCH-26APR18DELPRA-PRA,36,298,35,1273,34,1315,33,554,32,1308,39,1975,40,2597,41,498,53,907,54,73,37.5
2026-04-18 07:22:49 AM,KXATPCHALLENGERMATCH-26APR18DELPRA-PRA,36,298,35,1273,34,1315,33,1354,32,1308,39,1975,40,2597,41,498,53,907,54,73,37.5
2026-04-18 07:22:49 AM,KXATPCHALLENGERMATCH-26APR18DELPRA-PRA,36,298,35,2073,34,1315,33,1354,32,1308,39,1975,40,2597,41,498,53,907,54,73,37.5
2026-04-18 07:22:49 AM,KXATPCHALLENGERMATCH-26APR18DELPRA-PRA,36,298,35,2073,34,1315,33,1354,32,1308,38,800,39,1975,40,2597,41,498,53,907,37.0
2026-04-18 07:22:49 AM,KXATPCHALLENGERMATCH-26APR18DELPRA-PRA,36,298,35,2073,34,1315,33,1354,32,1308,38,800,39,1975,40,2597,41,1298,53,907,37.0
2026-04-18 07:22:49 AM,KXATPCHALLENGERMATCH-26APR18DELPRA-PRA,36,298,35,2073,34,1315,33,1354,32,1308,38,800,39,1975,40,3397,41,1298,53,907,37.0
2026-04-18 07:22:50 AM,KXATPCHALLENGERMATCH-26APR18DELPRA-PRA,36,298,35,2073,34,1315,33,1354,32,1308,38,800,39,1957,40,3397,41,1298,53,907,37.0
2026-04-18 07:22:50 AM,KXATPCHALLENGERMATCH-26APR18DELPRA-PRA,36,298,35,2073,34,1315,33,1354,32,1308,38,818,39,1957,40,3397,41,1298,53,907,37.0
2026-04-18 07:22:50 AM,KXATPCHALLENGERMATCH-26APR18DELPRA-PRA,36,298,35,2073,34,1315,33,1354,32,1308,38,818,39,1957,40,3388,41,1298,53,907,37.0
2026-04-18 07:22:50 AM,KXATPCHALLENGERMATCH-26APR18DELPRA-PRA,36,298,35,2073,34,1315,33,1354,32,1308,38,818,39,1933,40,3388,41,1298,53,907,37.0
2026-04-18 07:22:50 AM,KXATPCHALLENGERMATCH-26APR18DELPRA-PRA,36,298,35,2073,34,1315,33,1354,32,1308,38,832,39,1933,40,3388,41,1298,53,907,37.0
2026-04-18 07:22:50 AM,KXATPCHALLENGERMATCH-26APR18DELPRA-PRA,36,298,35,2073,34,1315,33,1354,32,1308,38,832,39,1933,40,2388,41,1298,53,907,37.0
2026-04-18 07:22:50 AM,KXATPCHALLENGERMATCH-26APR18DELPRA-PRA,36,298,35,2073,34,1315,33,1354,32,1308,38,1236,39,1933,40,2388,41,1298,53,907,37.0
2026-04-18 07:22:50 AM,KXATPCHALLENGERMATCH-26APR18DELPRA-PRA,36,298,35,2073,34,1315,33,1354,32,1308,38,1236,39,2528,40,2388,41,1298,53,907,37.0
2026-04-18 07:22:50 AM,KXATPCHALLENGERMATCH-26APR18DELPRA-PRA,36,298,35,2073,34,1315,33,1354,32,1308,38,1236,39,2538,40,2388,41,1298,53,907,37.0
2026-04-18 07:25:25 AM,KXATPCHALLENGERMATCH-26APR18DELPRA-PRA,36,298,35,2073,34,1315,33,1354,32,1308,38,1218,39,2538,40,2388,41,1298,53,907,37.0
2026-04-18 07:29:00 AM,KXATPCHALLENGERMATCH-26APR18DELPRA-PRA,36,298,35,2073,34,1315,33,1354,32,1308,38,1236,39,2538,40,2388,41,1298,53,907,37.0
2026-04-18 07:30:58 AM,KXATPCHALLENGERMATCH-26APR18DELPRA-PRA,36,298,35,2073,34,1320,33,1354,32,1308,38,1236,39,2538,40,2388,41,1298,53,907,37.0
2026-04-18 07:30:58 AM,KXATPCHALLENGERMATCH-26APR18DELPRA-PRA,36,298,35,2073,34,1320,33,1364,32,1308,38,1236,39,2538,40,2388,41,1298,53,907,37.0
2026-04-18 07:30:58 AM,KXATPCHALLENGERMATCH-26APR18DELPRA-PRA,36,298,35,2059,34,1320,33,1364,32,1308,38,1236,39,2538,40,2388,41,1298,53,907,37.0
2026-04-18 07:30:58 AM,KXATPCHALLENGERMATCH-26APR18DELPRA-PRA,36,298,35,2059,34,1320,33,1364,32,1308,38,1247,39,2538,40,2388,41,1298,53,907,37.0
2026-04-18 07:31:01 AM,KXATPCHALLENGERMATCH-26APR18DELPRA-PRA,36,298,35,2059,34,1320,33,1364,32,1308,38,1229,39,2538,40,2388,41,1298,53,907,37.0
2026-04-18 07:34:12 AM,KXATPCHALLENGERMATCH-26APR18DELPRA-PRA,36,298,35,2059,34,1320,33,1354,32,1308,38,1229,39,2538,40,2388,41,1298,53,907,37.0
2026-04-18 07:34:12 AM,KXATPCHALLENGERMATCH-26APR18DELPRA-PRA,36,298,35,2059,34,1320,33,1354,32,1308,38,1215,39,2538,40,2388,41,1298,53,907,37.0
2026-04-18 07:34:12 AM,KXATPCHALLENGERMATCH-26APR18DELPRA-PRA,36,298,35,2073,34,1320,33,1354,32,1308,38,1215,39,2538,40,2388,41,1298,53,907,37.0
2026-04-18 07:35:06 AM,KXATPCHALLENGERMATCH-26APR18DELPRA-PRA,36,298,35,2073,34,1320,33,1354,32,1308,38,1233,39,2538,40,2388,41,1298,53,907,37.0
2026-04-18 07:35:41 AM,KXATPCHALLENGERMATCH-26APR18DELPRA-PRA,36,298,35,2073,34,1320,33,1354,32,1308,38,1237,39,2538,40,2388,41,1298,53,907,37.0
2026-04-18 07:35:41 AM,KXATPCHALLENGERMATCH-26APR18DELPRA-PRA,36,296,35,2073,34,1320,33,1354,32,1308,38,1237,39,2538,40,2388,41,1298,53,907,37.0
2026-04-18 07:35:41 AM,KXATPCHALLENGERMATCH-26APR18DELPRA-PRA,36,296,35,2071,34,1320,33,1354,32,1308,38,1237,39,2538,40,2388,41,1298,53,907,37.0
2026-04-18 07:35:59 AM,KXATPCHALLENGERMATCH-26APR18DELPRA-PRA,36,296,35,2071,34,1320,33,1355,32,1308,38,1237,39,2538,40,2388,41,1298,53,907,37.0
2026-04-18 07:35:59 AM,KXATPCHALLENGERMATCH-26APR18DELPRA-PRA,36,296,35,2071,34,1320,33,1355,32,1308,38,1237,39,2538,40,2388,41,1299,53,907,37.0
2026-04-18 07:36:00 AM,KXATPCHALLENGERMATCH-26APR18DELPRA-PRA,36,296,35,2071,34,1320,33,1355,32,1309,38,1237,39,2538,40,2388,41,1299,53,907,37.0
2026-04-18 07:36:00 AM,KXATPCHALLENGERMATCH-26APR18DELPRA-PRA,36,296,35,2071,34,1320,33,1355,32,1309,38,1237,39,2538,40,2388,41,1299,42,1,37.0
2026-04-18 07:37:05 AM,KXATPCHALLENGERMATCH-26APR18DELPRA-PRA,36,296,35,2071,34,1320,33,1355,32,1309,38,1219,39,2538,40,2388,41,1299,42,1,37.0
2026-04-18 07:40:10 AM,KXATPCHALLENGERMATCH-26APR18DELPRA-PRA,36,296,35,2071,34,1320,33,1355,32,1309,38,1223,39,2538,40,2388,41,1299,42,1,37.0
2026-04-18 07:40:41 AM,KXATPCHALLENGERMATCH-26APR18DELPRA-PRA,36,296,35,2071,34,1320,33,1356,32,1309,38,1223,39,2538,40,2388,41,1299,42,1,37.0
2026-04-18 07:40:41 AM,KXATPCHALLENGERMATCH-26APR18DELPRA-PRA,36,296,35,2071,34,1320,33,1356,32,1309,38,1223,39,2538,40,2388,41,1300,42,1,37.0
2026-04-18 07:40:41 AM,KXATPCHALLENGERMATCH-26APR18DELPRA-PRA,36,296,35,2071,34,1320,33,1356,32,1310,38,1223,39,2538,40,2388,41,1300,42,1,37.0
2026-04-18 07:40:41 AM,KXATPCHALLENGERMATCH-26APR18DELPRA-PRA,36,296,35,2071,34,1320,33,1356,32,1310,38,1223,39,2538,40,2388,41,1300,42,2,37.0
2026-04-18 07:44:11 AM,KXATPCHALLENGERMATCH-26APR18DELPRA-PRA,36,296,35,2071,34,1320,33,1356,32,1310,38,593,39,2538,40,2388,41,1300,42,2,37.0
2026-04-18 07:44:11 AM,KXATPCHALLENGERMATCH-26APR18DELPRA-PRA,36,296,35,2071,34,1320,33,1356,32,1310,38,424,39,2538,40,2388,41,1300,42,2,37.0
2026-04-18 07:44:11 AM,KXATPCHALLENGERMATCH-26APR18DELPRA-PRA,36,296,35,2071,34,1320,33,1356,32,510,38,424,39,2538,40,2388,41,1300,42,2,37.0
2026-04-18 07:44:11 AM,KXATPCHALLENGERMATCH-26APR18DELPRA-PRA,36,296,35,2071,34,1320,33,556,32,510,38,424,39,2538,40,2388,41,1300,42,2,37.0
2026-04-18 07:44:11 AM,KXATPCHALLENGERMATCH-26APR18DELPRA-PRA,36,296,35,1271,34,1320,33,556,32,510,38,424,39,2538,40,2388,41,1300,42,2,37.0
2026-04-18 07:44:11 AM,KXATPCHALLENGERMATCH-26APR18DELPRA-PRA,36,296,35,1271,34,1320,33,556,32,510,38,424,39,2538,40,2388,41,500,42,2,37.0
2026-04-18 07:44:11 AM,KXATPCHALLENGERMATCH-26APR18DELPRA-PRA,36,296,35,1271,34,1320,33,556,32,510,38,424,39,2538,40,1588,41,500,42,2,37.0
2026-04-18 07:44:11 AM,KXATPCHALLENGERMATCH-26APR18DELPRA-PRA,36,296,35,1271,34,1320,33,556,32,510,38,20,39,2538,40,1588,41,500,42,2,37.0
2026-04-18 07:44:11 AM,KXATPCHALLENGERMATCH-26APR18DELPRA-PRA,36,296,35,1271,34,1320,33,556,32,510,38,16,39,2538,40,1588,41,500,42,2,37.0
2026-04-18 07:44:11 AM,KXATPCHALLENGERMATCH-26APR18DELPRA-PRA,36,296,35,1271,34,1320,33,556,32,510,38,5,39,2538,40,1588,41,500,42,2,37.0
2026-04-18 07:44:11 AM,KXATPCHALLENGERMATCH-26APR18DELPRA-PRA,36,296,35,1271,34,1320,33,556,32,510,38,5,39,2553,40,1588,41,500,42,2,37.0
2026-04-18 07:44:11 AM,KXATPCHALLENGERMATCH-26APR18DELPRA-PRA,36,296,35,1271,34,1320,33,556,32,510,38,1,39,2553,40,1588,41,500,42,2,37.0
2026-04-18 07:44:11 AM,KXATPCHALLENGERMATCH-26APR18DELPRA-PRA,36,296,35,1271,34,1320,33,556,32,510,38,1,39,2553,40,1598,41,500,42,2,37.0
2026-04-18 07:44:11 AM,KXATPCHALLENGERMATCH-26APR18DELPRA-PRA,36,296,35,1271,34,1320,33,556,32,510,38,1,39,1962,40,1598,41,500,42,2,37.0
2026-04-18 07:44:11 AM,KXATPCHALLENGERMATCH-26APR18DELPRA-PRA,36,296,35,1271,34,1320,33,556,32,510,38,1,39,1962,40,2598,41,500,42,2,37.0
2026-04-18 07:44:14 AM,KXATPCHALLENGERMATCH-26APR18DELPRA-PRA,36,296,35,1271,34,1320,33,1356,32,510,38,1,39,1962,40,2598,41,500,42,2,37.0
2026-04-18 07:44:14 AM,KXATPCHALLENGERMATCH-26APR18DELPRA-PRA,36,296,35,1271,34,2120,33,1356,32,510,38,1,39,1962,40,2598,41,500,42,2,37.0
2026-04-18 07:44:14 AM,KXATPCHALLENGERMATCH-26APR18DELPRA-PRA,36,1096,35,1271,34,2120,33,1356,32,510,38,1,39,1962,40,2598,41,500,42,2,37.0
2026-04-18 07:44:14 AM,KXATPCHALLENGERMATCH-26APR18DELPRA-PRA,36,1096,35,1271,34,2120,33,1356,32,510,38,1,39,2762,40,2598,41,500,42,2,37.0
2026-04-18 07:44:14 AM,KXATPCHALLENGERMATCH-26APR18DELPRA-PRA,36,1096,35,1271,34,2120,33,1356,32,510,38,1,39,2762,40,2598,41,500,42,802,37.0
2026-04-18 07:44:14 AM,KXATPCHALLENGERMATCH-26APR18DELPRA-PRA,36,1096,35,1271,34,2120,33,1356,32,510,38,1,39,2762,40,2598,41,1300,42,802,37.0
2026-04-18 07:45:59 AM,KXATPCHALLENGERMATCH-26APR18DELPRA-PRA,36,1096,35,1271,34,2120,33,1356,32,510,38,1,39,2812,40,2598,41,1300,42,802,37.0
2026-04-18 07:46:30 AM,KXATPCHALLENGERMATCH-26APR18DELPRA-PRA,36,1096,35,1271,34,2120,33,1356,32,510,38,1,39,2762,40,2598,41,1300,42,802,37.0
2026-04-18 07:46:30 AM,KXATPCHALLENGERMATCH-26APR18DELPRA-PRA,36,1096,35,1271,34,2120,33,1356,32,510,38,1,39,2837,40,2598,41,1300,42,802,37.0
2026-04-18 07:46:30 AM,KXATPCHALLENGERMATCH-26APR18DELPRA-PRA,36,1059,35,1271,34,2120,33,1356,32,510,38,1,39,2837,40,2598,41,1300,42,802,37.0
2026-04-18 07:46:30 AM,KXATPCHALLENGERMATCH-26APR18DELPRA-PRA,36,1059,35,1271,34,2120,33,1356,32,510,38,1,39,2852,40,2598,41,1300,42,802,37.0
2026-04-18 07:46:30 AM,KXATPCHALLENGERMATCH-26APR18DELPRA-PRA,36,1059,35,1234,34,2120,33,1356,32,510,38,1,39,2852,40,2598,41,1300,42,802,37.0
2026-04-18 07:50:36 AM,KXATPCHALLENGERMATCH-26APR18DELPRA-PRA,36,1059,35,1234,34,2120,33,1356,32,510,38,1,39,2870,40,2598,41,1300,42,802,37.0
2026-04-18 07:52:09 AM,KXATPCHALLENGERMATCH-26APR18DELPRA-PRA,36,1059,35,1234,34,2120,33,1356,32,510,38,1,39,2855,40,2598,41,1300,42,802,37.0
2026-04-18 07:52:36 AM,KXATPCHALLENGERMATCH-26APR18DELPRA-PRA,36,1059,35,1234,34,2120,33,1356,32,510,38,1,39,2837,40,2598,41,1300,42,802,37.0
2026-04-18 07:55:28 AM,KXATPCHALLENGERMATCH-26APR18DELPRA-PRA,36,1059,35,1234,34,2120,33,1356,32,510,38,1,39,2842,40,2598,41,1300,42,802,37.0
2026-04-18 07:55:28 AM,KXATPCHALLENGERMATCH-26APR18DELPRA-PRA,36,1057,35,1234,34,2120,33,1356,32,510,38,1,39,2842,40,2598,41,1300,42,802,37.0
2026-04-18 07:55:28 AM,KXATPCHALLENGERMATCH-26APR18DELPRA-PRA,36,1057,35,1232,34,2120,33,1356,32,510,38,1,39,2842,40,2598,41,1300,42,802,37.0
2026-04-18 07:56:33 AM,KXATPCHALLENGERMATCH-26APR18DELPRA-PRA,36,1057,35,1232,34,2120,33,1356,32,510,38,503,39,2842,40,2598,41,1300,42,802,37.0
2026-04-18 07:56:33 AM,KXATPCHALLENGERMATCH-26APR18DELPRA-PRA,36,1057,35,1232,34,2120,33,1356,32,510,38,503,39,2842,40,2588,41,1300,42,802,37.0
2026-04-18 07:56:33 AM,KXATPCHALLENGERMATCH-26APR18DELPRA-PRA,36,1057,35,1232,34,2120,33,1356,32,510,38,503,39,2832,40,2588,41,1300,42,802,37.0
2026-04-18 07:56:33 AM,KXATPCHALLENGERMATCH-26APR18DELPRA-PRA,36,1057,35,1232,34,2120,33,1356,32,510,38,518,39,2832,40,2588,41,1300,42,802,37.0
2026-04-18 07:56:33 AM,KXATPCHALLENGERMATCH-26APR18DELPRA-PRA,36,1057,35,1232,34,2120,33,1356,32,510,38,518,39,2832,40,1588,41,1300,42,802,37.0
2026-04-18 07:56:34 AM,KXATPCHALLENGERMATCH-26APR18DELPRA-PRA,36,1057,35,1232,34,2120,33,1356,32,510,38,1006,39,2832,40,1588,41,1300,42,802,37.0
2026-04-18 07:56:34 AM,KXATPCHALLENGERMATCH-26APR18DELPRA-PRA,36,1057,35,1232,34,2120,33,1356,32,510,38,1006,39,3343,40,1588,41,1300,42,802,37.0
2026-04-18 07:59:15 AM,KXATPCHALLENGERMATCH-26APR18DELPRA-PRA,36,1057,35,1232,34,2120,33,1356,32,510,38,1011,39,3343,40,1588,41,1300,42,802,37.0
2026-04-18 07:59:15 AM,KXATPCHALLENGERMATCH-26APR18DELPRA-PRA,36,1055,35,1232,34,2120,33,1356,32,510,38,1011,39,3343,40,1588,41,1300,42,802,37.0
2026-04-18 07:59:15 AM,KXATPCHALLENGERMATCH-26APR18DELPRA-PRA,36,1055,35,1230,34,2120,33,1356,32,510,38,1011,39,3343,40,1588,41,1300,42,802,37.0
2026-04-18 08:05:14 AM,KXATPCHALLENGERMATCH-26APR18DELPRA-PRA,36,1055,35,1230,34,2120,33,1356,32,510,38,1029,39,3343,40,1588,41,1300,42,802,37.0
2026-04-18 08:07:14 AM,KXATPCHALLENGERMATCH-26APR18DELPRA-PRA,36,1055,35,1230,34,2120,33,1356,32,510,38,1011,39,3343,40,1588,41,1300,42,802,37.0
2026-04-18 08:07:14 AM,KXATPCHALLENGERMATCH-26APR18DELPRA-PRA,36,1055,35,1230,34,2120,33,1356,32,510,38,996,39,3343,40,1588,41,1300,42,802,37.0
2026-04-18 08:07:14 AM,KXATPCHALLENGERMATCH-26APR18DELPRA-PRA,36,1055,35,1230,34,2120,33,1356,32,510,38,996,39,3343,40,1598,41,1300,42,802,37.0
2026-04-18 08:16:08 AM,KXATPCHALLENGERMATCH-26APR18DELPRA-PRA,36,1055,35,1216,34,2120,33,1356,32,510,38,996,39,3343,40,1598,41,1300,42,802,37.0
2026-04-18 08:16:08 AM,KXATPCHALLENGERMATCH-26APR18DELPRA-PRA,36,1055,35,1216,34,2120,33,1356,32,510,38,996,39,3343,40,1588,41,1300,42,802,37.0
2026-04-18 08:16:08 AM,KXATPCHALLENGERMATCH-26APR18DELPRA-PRA,36,1055,35,1216,34,2120,33,1366,32,510,38,996,39,3343,40,1588,41,1300,42,802,37.0
2026-04-18 08:16:08 AM,KXATPCHALLENGERMATCH-26APR18DELPRA-PRA,36,1055,35,1216,34,2120,33,1366,32,510,38,1021,39,3343,40,1588,41,1300,42,802,37.0
2026-04-18 08:28:56 AM,KXATPCHALLENGERMATCH-26APR18DELPRA-PRA,36,1055,35,1216,34,2120,33,1356,32,510,38,1021,39,3343,40,1588,41,1300,42,802,37.0
2026-04-18 08:28:56 AM,KXATPCHALLENGERMATCH-26APR18DELPRA-PRA,36,1055,35,1216,34,2120,33,1356,32,510,38,996,39,3343,40,1588,41,1300,42,802,37.0
2026-04-18 08:28:56 AM,KXATPCHALLENGERMATCH-26APR18DELPRA-PRA,36,1055,35,1231,34,2120,33,1356,32,510,38,996,39,3343,40,1588,41,1300,42,802,37.0
2026-04-18 08:28:57 AM,KXATPCHALLENGERMATCH-26APR18DELPRA-PRA,36,1055,35,1231,34,2120,33,1356,32,510,38,1011,39,3343,40,1588,41,1300,42,802,37.0
2026-04-18 08:29:31 AM,KXATPCHALLENGERMATCH-26APR18DELPRA-PRA,36,1055,35,1231,34,2120,33,1356,32,510,38,1029,39,3343,40,1588,41,1300,42,802,37.0
2026-04-18 08:31:31 AM,KXATPCHALLENGERMATCH-26APR18DELPRA-PRA,36,1055,35,1231,34,2120,33,1356,32,510,38,1011,39,3343,40,1588,41,1300,42,802,37.0
2026-04-18 08:33:41 AM,KXATPCHALLENGERMATCH-26APR18DELPRA-PRA,36,1055,35,1231,34,2120,33,1356,32,510,38,1029,39,3343,40,1588,41,1300,42,802,37.0
2026-04-18 08:35:41 AM,KXATPCHALLENGERMATCH-26APR18DELPRA-PRA,36,1055,35,1231,34,2120,33,1356,32,510,38,1011,39,3343,40,1588,41,1300,42,802,37.0
2026-04-18 08:48:56 AM,KXATPCHALLENGERMATCH-26APR18DELPRA-PRA,36,1055,35,1231,34,2120,33,1356,32,510,38,1036,39,3343,40,1588,41,1300,42,802,37.0
2026-04-18 08:48:56 AM,KXATPCHALLENGERMATCH-26APR18DELPRA-PRA,36,1043,35,1231,34,2120,33,1356,32,510,38,1036,39,3343,40,1588,41,1300,42,802,37.0
2026-04-18 08:48:58 AM,KXATPCHALLENGERMATCH-26APR18DELPRA-PRA,36,1043,35,1228,34,2120,33,1356,32,510,38,1036,39,3343,40,1588,41,1300,42,802,37.0
2026-04-18 08:48:58 AM,KXATPCHALLENGERMATCH-26APR18DELPRA-PRA,36,1043,35,1219,34,2120,33,1356,32,510,38,1036,39,3343,40,1588,41,1300,42,802,37.0
2026-04-18 08:58:04 AM,KXATPCHALLENGERMATCH-26APR18DELPRA-PRA,36,1043,35,1219,34,2120,33,1356,32,510,38,534,39,3343,40,1588,41,1300,42,802,37.0
2026-04-18 08:58:04 AM,KXATPCHALLENGERMATCH-26APR18DELPRA-PRA,36,1043,35,1219,34,2120,33,1356,32,510,38,280,39,3343,40,1588,41,1300,42,802,37.0
2026-04-18 08:58:04 AM,KXATPCHALLENGERMATCH-26APR18DELPRA-PRA,36,1043,35,1219,34,2120,33,1356,32,510,38,47,39,3343,40,1588,41,1300,42,802,37.0
2026-04-18 08:58:04 AM,KXATPCHALLENGERMATCH-26APR18DELPRA-PRA,36,1043,35,1219,34,2120,33,1356,32,510,38,42,39,3343,40,1588,41,1300,42,802,37.0
2026-04-18 08:58:04 AM,KXATPCHALLENGERMATCH-26APR18DELPRA-PRA,36,1043,35,1219,34,2120,33,1356,32,510,38,17,39,3343,40,1588,41,1300,42,802,37.0
2026-04-18 08:58:04 AM,KXATPCHALLENGERMATCH-26APR18DELPRA-PRA,36,1043,35,1219,34,2120,33,1356,32,510,38,2,39,3343,40,1588,41,1300,42,802,37.0
2026-04-18 08:58:04 AM,KXATPCHALLENGERMATCH-26APR18DELPRA-PRA,36,1043,35,1219,34,2120,33,1356,32,510,38,2,39,3353,40,1588,41,1300,42,802,37.0
2026-04-18 08:58:04 AM,KXATPCHALLENGERMATCH-26APR18DELPRA-PRA,36,1043,35,1219,34,2120,33,1356,32,510,38,2,39,3353,40,1599,41,1300,42,802,37.0
2026-04-18 08:58:04 AM,KXATPCHALLENGERMATCH-26APR18DELPRA-PRA,36,1043,35,1219,34,2120,33,1356,32,510,38,87,39,3353,40,1599,41,1300,42,802,37.0
2026-04-18 08:58:04 AM,KXATPCHALLENGERMATCH-26APR18DELPRA-PRA,36,1043,35,1219,34,2120,33,1356,32,510,38,102,39,3353,40,1599,41,1300,42,802,37.0
2026-04-18 08:58:04 AM,KXATPCHALLENGERMATCH-26APR18DELPRA-PRA,36,1043,35,1219,34,2120,33,1356,32,510,38,102,39,3353,40,1588,41,1300,42,802,37.0
2026-04-18 08:58:04 AM,KXATPCHALLENGERMATCH-26APR18DELPRA-PRA,36,1043,35,1219,34,2120,33,1356,32,510,38,102,39,3338,40,1588,41,1300,42,802,37.0
2026-04-18 08:58:05 AM,KXATPCHALLENGERMATCH-26APR18DELPRA-PRA,36,1043,35,1219,34,2120,33,1356,32,510,38,102,39,2827,40,1588,41,1300,42,802,37.0
2026-04-18 08:58:05 AM,KXATPCHALLENGERMATCH-26APR18DELPRA-PRA,36,1043,35,1219,34,2120,33,1356,32,510,38,102,39,2822,40,1588,41,1300,42,802,37.0
2026-04-18 08:58:05 AM,KXATPCHALLENGERMATCH-26APR18DELPRA-PRA,36,1043,35,1219,34,2120,33,1356,32,510,38,102,39,2747,40,1588,41,1300,42,802,37.0
2026-04-18 08:58:05 AM,KXATPCHALLENGERMATCH-26APR18DELPRA-PRA,36,1043,35,1219,34,2120,33,1356,32,510,38,102,39,2743,40,1588,41,1300,42,802,37.0
2026-04-18 08:58:06 AM,KXATPCHALLENGERMATCH-26APR18DELPRA-PRA,36,1043,35,1219,34,2120,33,1356,32,510,38,102,39,2739,40,1588,41,1300,42,802,37.0
2026-04-18 08:58:06 AM,KXATPCHALLENGERMATCH-26APR18DELPRA-PRA,36,1043,35,1219,34,2120,33,1356,32,510,38,102,39,2603,40,1588,41,1300,42,802,37.0
2026-04-18 08:58:06 AM,KXATPCHALLENGERMATCH-26APR18DELPRA-PRA,36,1043,35,1219,34,2120,33,1356,32,510,38,102,39,2603,40,2588,41,1300,42,802,37.0
2026-04-18 08:58:06 AM,KXATPCHALLENGERMATCH-26APR18DELPRA-PRA,36,1170,35,1219,34,2120,33,1356,32,510,38,102,39,2603,40,2588,41,1300,42,802,37.0
2026-04-18 08:58:06 AM,KXATPCHALLENGERMATCH-26APR18DELPRA-PRA,36,1170,35,1346,34,2120,33,1356,32,510,38,102,39,2603,40,2588,41,1300,42,802,37.0
2026-04-18 08:58:32 AM,KXATPCHALLENGERMATCH-26APR18DELPRA-PRA,36,1170,35,1346,34,2120,33,1356,32,510,38,152,39,2603,40,2588,41,1300,42,802,37.0
2026-04-18 08:59:42 AM,KXATPCHALLENGERMATCH-26APR18DELPRA-PRA,36,1170,35,1346,34,2120,33,1356,32,510,38,182,39,2603,40,2588,41,1300,42,802,37.0
2026-04-18 08:59:56 AM,KXATPCHALLENGERMATCH-26APR18DELPRA-PRA,36,1170,35,1346,34,2120,33,1356,32,510,38,132,39,2603,40,2588,41,1300,42,802,37.0
2026-04-18 08:59:56 AM,KXATPCHALLENGERMATCH-26APR18DELPRA-PRA,36,1170,35,1346,34,2120,33,1356,32,510,38,147,39,2603,40,2588,41,1300,42,802,37.0
2026-04-18 08:59:56 AM,KXATPCHALLENGERMATCH-26APR18DELPRA-PRA,36,1170,35,1346,34,2120,33,1356,32,510,38,182,39,2603,40,2588,41,1300,42,802,37.0
2026-04-18 09:02:38 AM,KXATPCHALLENGERMATCH-26APR18DELPRA-PRA,36,1170,35,1346,34,2130,33,1356,32,510,38,182,39,2603,40,2588,41,1300,42,802,37.0
2026-04-18 09:02:38 AM,KXATPCHALLENGERMATCH-26APR18DELPRA-PRA,36,1170,35,1346,34,2140,33,1356,32,510,38,182,39,2603,40,2588,41,1300,42,802,37.0
2026-04-18 09:02:38 AM,KXATPCHALLENGERMATCH-26APR18DELPRA-PRA,36,1170,35,1346,34,2140,33,1356,32,510,38,182,39,2613,40,2588,41,1300,42,802,37.0
2026-04-18 09:02:39 AM,KXATPCHALLENGERMATCH-26APR18DELPRA-PRA,36,1170,35,1346,34,2140,33,1356,32,510,38,182,39,2623,40,2588,41,1300,42,802,37.0
2026-04-18 09:04:43 AM,KXATPCHALLENGERMATCH-26APR18DELPRA-PRA,36,1170,35,1346,34,2140,33,1356,32,510,38,152,39,2623,40,2588,41,1300,42,802,37.0
2026-04-18 09:07:39 AM,KXATPCHALLENGERMATCH-26APR18DELPRA-PRA,36,1170,35,1346,34,2140,33,1356,32,510,38,137,39,2623,40,2588,41,1300,42,802,37.0
2026-04-18 09:07:52 AM,KXATPCHALLENGERMATCH-26APR18DELPRA-PRA,36,1170,35,1346,34,2140,33,1356,32,510,38,102,39,2623,40,2588,41,1300,42,802,37.0
2026-04-18 09:18:08 AM,KXATPCHALLENGERMATCH-26APR18DELPRA-PRA,36,1170,35,1346,34,2140,33,1356,32,510,38,100,39,2623,40,2588,41,1300,42,802,37.0
2026-04-18 09:18:41 AM,KXATPCHALLENGERMATCH-26APR18DELPRA-PRA,36,1445,35,1346,34,2140,33,1356,32,510,38,100,39,2623,40,2588,41,1300,42,802,37.0
2026-04-18 09:18:42 AM,KXATPCHALLENGERMATCH-26APR18DELPRA-PRA,36,1445,35,1346,34,2140,33,1356,32,510,38,375,39,2623,40,2588,41,1300,42,802,37.0
2026-04-18 09:18:42 AM,KXATPCHALLENGERMATCH-26APR18DELPRA-PRA,36,1445,35,1346,34,2140,33,1356,32,510,38,375,39,2623,40,1588,41,1300,42,802,37.0
2026-04-18 09:18:42 AM,KXATPCHALLENGERMATCH-26APR18DELPRA-PRA,36,1445,35,1346,34,2140,33,1356,32,510,38,638,39,2623,40,1588,41,1300,42,802,37.0
2026-04-18 09:18:42 AM,KXATPCHALLENGERMATCH-26APR18DELPRA-PRA,36,1445,35,1346,34,2140,33,1356,32,510,38,638,39,3359,40,1588,41,1300,42,802,37.0
2026-04-18 09:58:27 AM,KXATPCHALLENGERMATCH-26APR18DELPRA-PRA,36,1445,35,1346,34,2140,33,1356,32,510,38,656,39,3359,40,1588,41,1300,42,802,37.0
2026-04-18 10:01:27 AM,KXATPCHALLENGERMATCH-26APR18DELPRA-PRA,36,1445,35,1346,34,2140,33,1356,32,510,38,638,39,3359,40,1588,41,1300,42,802,37.0
2026-04-18 10:07:24 AM,KXATPCHALLENGERMATCH-26APR18DELPRA-PRA,36,1445,35,1346,34,2140,33,1356,32,510,38,656,39,3359,40,1588,41,1300,42,802,37.0
2026-04-18 10:08:50 AM,KXATPCHALLENGERMATCH-26APR18DELPRA-PRA,36,1445,35,1346,34,2140,33,1356,32,510,38,393,39,3359,40,1588,41,1300,42,802,37.0
2026-04-18 10:08:52 AM,KXATPCHALLENGERMATCH-26APR18DELPRA-PRA,36,1445,35,1346,34,2140,33,1356,32,510,38,393,39,2623,40,1588,41,1300,42,802,37.0
2026-04-18 10:08:52 AM,KXATPCHALLENGERMATCH-26APR18DELPRA-PRA,36,1445,35,1346,34,2140,33,1356,32,510,38,393,39,2623,40,2588,41,1300,42,802,37.0
2026-04-18 10:09:02 AM,KXATPCHALLENGERMATCH-26APR18DELPRA-PRA,36,1445,35,1346,34,2140,33,1356,32,510,38,393,39,2823,40,2588,41,1300,42,802,37.0
2026-04-18 10:09:02 AM,KXATPCHALLENGERMATCH-26APR18DELPRA-PRA,36,1345,35,1346,34,2140,33,1356,32,510,38,393,39,2823,40,2588,41,1300,42,802,37.0
2026-04-18 10:09:02 AM,KXATPCHALLENGERMATCH-26APR18DELPRA-PRA,36,1345,35,1331,34,2140,33,1356,32,510,38,393,39,2823,40,2588,41,1300,42,802,37.0
2026-04-18 10:09:02 AM,KXATPCHALLENGERMATCH-26APR18DELPRA-PRA,36,1345,35,1331,34,2135,33,1356,32,510,38,393,39,2823,40,2588,41,1300,42,802,37.0
2026-04-18 10:09:02 AM,KXATPCHALLENGERMATCH-26APR18DELPRA-PRA,36,1345,35,1331,34,2125,33,1356,32,510,38,393,39,2823,40,2588,41,1300,42,802,37.0
2026-04-18 10:09:02 AM,KXATPCHALLENGERMATCH-26APR18DELPRA-PRA,36,1345,35,1331,34,2125,33,1356,32,510,38,378,39,2823,40,2588,41,1300,42,802,37.0
2026-04-18 10:09:02 AM,KXATPCHALLENGERMATCH-26APR18DELPRA-PRA,36,1345,35,1331,34,2125,33,1356,32,510,38,378,39,2813,40,2588,41,1300,42,802,37.0
2026-04-18 10:09:02 AM,KXATPCHALLENGERMATCH-26APR18DELPRA-PRA,36,1345,35,1231,34,2125,33,1356,32,510,38,378,39,2813,40,2588,41,1300,42,802,37.0
2026-04-18 10:09:03 AM,KXATPCHALLENGERMATCH-26APR18DELPRA-PRA,36,1345,35,1246,34,2125,33,1356,32,510,38,378,39,2813,40,2588,41,1300,42,802,37.0
2026-04-18 10:09:03 AM,KXATPCHALLENGERMATCH-26APR18DELPRA-PRA,36,1345,35,1246,34,2136,33,1356,32,510,38,378,39,2813,40,2588,41,1300,42,802,37.0
2026-04-18 10:09:03 AM,KXATPCHALLENGERMATCH-26APR18DELPRA-PRA,36,1345,35,1246,34,2136,33,1356,32,510,38,393,39,2813,40,2588,41,1300,42,802,37.0
2026-04-18 10:09:04 AM,KXATPCHALLENGERMATCH-26APR18DELPRA-PRA,36,1345,35,1246,34,2136,33,1356,32,510,38,393,39,2824,40,2588,41,1300,42,802,37.0
2026-04-18 10:09:05 AM,KXATPCHALLENGERMATCH-26APR18DELPRA-PRA,36,1345,35,1246,34,2136,33,1356,32,510,38,393,39,2861,40,2588,41,1300,42,802,37.0
2026-04-18 10:09:05 AM,KXATPCHALLENGERMATCH-26APR18DELPRA-PRA,36,1327,35,1246,34,2136,33,1356,32,510,38,393,39,2861,40,2588,41,1300,42,802,37.0
2026-04-18 10:09:05 AM,KXATPCHALLENGERMATCH-26APR18DELPRA-PRA,36,1327,35,1228,34,2136,33,1356,32,510,38,393,39,2861,40,2588,41,1300,42,802,37.0
2026-04-18 10:09:28 AM,KXATPCHALLENGERMATCH-26APR18DELPRA-PRA,36,1327,35,1228,34,2136,33,1356,32,510,38,375,39,2861,40,2588,41,1300,42,802,37.0
2026-04-18 10:09:50 AM,KXATPCHALLENGERMATCH-26APR18DELPRA-PRA,36,1327,35,1228,34,2136,33,1356,32,510,38,375,39,2861,40,1588,41,1300,42,802,37.0
2026-04-18 10:09:50 AM,KXATPCHALLENGERMATCH-26APR18DELPRA-PRA,36,1327,35,1228,34,2136,33,1356,32,510,38,875,39,2861,40,1588,41,1300,42,802,37.0
2026-04-18 10:09:50 AM,KXATPCHALLENGERMATCH-26APR18DELPRA-PRA,36,1327,35,1228,34,2136,33,1356,32,510,38,875,39,3360,40,1588,41,1300,42,802,37.0
2026-04-18 10:10:13 AM,KXATPCHALLENGERMATCH-26APR18DELPRA-PRA,36,1327,35,1213,34,2136,33,1356,32,510,38,875,39,3360,40,1588,41,1300,42,802,37.0
2026-04-18 10:10:13 AM,KXATPCHALLENGERMATCH-26APR18DELPRA-PRA,36,1327,35,1213,34,2125,33,1356,32,510,38,875,39,3360,40,1588,41,1300,42,802,37.0
2026-04-18 10:10:13 AM,KXATPCHALLENGERMATCH-26APR18DELPRA-PRA,36,1327,35,1213,34,2125,33,1356,32,510,38,860,39,3360,40,1588,41,1300,42,802,37.0
2026-04-18 10:10:13 AM,KXATPCHALLENGERMATCH-26APR18DELPRA-PRA,36,1327,35,1213,34,2125,33,1356,32,510,38,860,39,3349,40,1588,41,1300,42,802,37.0
2026-04-18 10:10:13 AM,KXATPCHALLENGERMATCH-26APR18DELPRA-PRA,36,1327,35,1228,34,2125,33,1356,32,510,38,860,39,3349,40,1588,41,1300,42,802,37.0
2026-04-18 10:10:13 AM,KXATPCHALLENGERMATCH-26APR18DELPRA-PRA,36,1327,35,1228,34,2136,33,1356,32,510,38,860,39,3349,40,1588,41,1300,42,802,37.0
2026-04-18 10:12:21 AM,KXATPCHALLENGERMATCH-26APR18DELPRA-PRA,36,1327,35,1228,34,2136,33,1356,32,510,38,875,39,3349,40,1588,41,1300,42,802,37.0
2026-04-18 10:12:22 AM,KXATPCHALLENGERMATCH-26APR18DELPRA-PRA,36,1327,35,1228,34,2136,33,1356,32,510,38,875,39,3360,40,1588,41,1300,42,802,37.0
2026-04-18 10:19:35 AM,KXATPCHALLENGERMATCH-26APR18DELPRA-PRA,36,1327,35,1228,34,2136,33,1356,32,510,38,863,39,3360,40,1588,41,1300,42,802,37.0
2026-04-18 10:23:54 AM,KXATPCHALLENGERMATCH-26APR18DELPRA-PRA,36,1327,35,1228,34,2136,33,1356,32,510,38,858,39,3360,40,1588,41,1300,42,802,37.0
2026-04-18 10:30:25 AM,KXATPCHALLENGERMATCH-26APR18DELPRA-PRA,36,1327,35,1228,34,2136,33,556,32,510,38,858,39,3360,40,1588,41,1300,42,802,37.0
2026-04-18 10:30:25 AM,KXATPCHALLENGERMATCH-26APR18DELPRA-PRA,36,1327,35,1228,34,1336,33,556,32,510,38,858,39,3360,40,1588,41,1300,42,802,37.0
2026-04-18 10:30:25 AM,KXATPCHALLENGERMATCH-26APR18DELPRA-PRA,36,527,35,1228,34,1336,33,556,32,510,38,858,39,3360,40,1588,41,1300,42,802,37.0
2026-04-18 10:30:25 AM,KXATPCHALLENGERMATCH-26APR18DELPRA-PRA,36,527,35,1228,34,1336,33,556,32,510,38,858,39,2560,40,1588,41,1300,42,802,37.0
2026-04-18 10:30:25 AM,KXATPCHALLENGERMATCH-26APR18DELPRA-PRA,36,527,35,1228,34,1336,33,556,32,510,38,858,39,2560,40,1588,41,1300,42,2,37.0
2026-04-18 10:30:25 AM,KXATPCHALLENGERMATCH-26APR18DELPRA-PRA,36,527,35,1228,34,1336,33,556,32,510,38,858,39,2560,40,1588,41,500,42,2,37.0
2026-04-18 10:30:26 AM,KXATPCHALLENGERMATCH-26APR18DELPRA-PRA,36,527,35,1228,34,1336,33,556,32,510,38,1129,39,2560,40,1588,41,500,42,2,37.0
2026-04-18 10:30:26 AM,KXATPCHALLENGERMATCH-26APR18DELPRA-PRA,36,519,35,1228,34,1336,33,556,32,510,38,1129,39,2560,40,1588,41,500,42,2,37.0
2026-04-18 10:30:26 AM,KXATPCHALLENGERMATCH-26APR18DELPRA-PRA,36,393,35,1228,34,1336,33,556,32,510,38,1129,39,2560,40,1588,41,500,42,2,37.0
2026-04-18 10:30:26 AM,KXATPCHALLENGERMATCH-26APR18DELPRA-PRA,36,393,35,1220,34,1336,33,556,32,510,38,1129,39,2560,40,1588,41,500,42,2,37.0
2026-04-18 10:30:26 AM,KXATPCHALLENGERMATCH-26APR18DELPRA-PRA,36,393,35,1094,34,1336,33,556,32,510,38,1129,39,2560,40,1588,41,500,42,2,37.0
2026-04-18 10:30:27 AM,KXATPCHALLENGERMATCH-26APR18DELPRA-PRA,36,393,35,1094,34,1336,33,556,32,510,38,1129,39,2297,40,1588,41,500,42,2,37.0
2026-04-18 10:30:27 AM,KXATPCHALLENGERMATCH-26APR18DELPRA-PRA,36,393,35,1094,34,1336,33,556,32,510,38,1129,39,2097,40,1588,41,500,42,2,37.0
2026-04-18 10:30:27 AM,KXATPCHALLENGERMATCH-26APR18DELPRA-PRA,36,393,35,1094,34,1336,33,556,32,510,38,1129,39,2060,40,1588,41,500,42,2,37.0
2026-04-18 10:30:27 AM,KXATPCHALLENGERMATCH-26APR18DELPRA-PRA,36,393,35,1094,34,1336,33,556,32,510,38,1129,39,1561,40,1588,41,500,42,2,37.0
2026-04-18 10:30:27 AM,KXATPCHALLENGERMATCH-26APR18DELPRA-PRA,36,393,35,1094,34,1336,33,556,32,510,37,799,38,1129,39,1561,40,1588,41,500,36.5
2026-04-18 10:30:27 AM,KXATPCHALLENGERMATCH-26APR18DELPRA-PRA,36,393,35,1094,34,1336,33,556,32,510,37,799,38,1356,39,1561,40,1588,41,500,36.5
2026-04-18 10:30:27 AM,KXATPCHALLENGERMATCH-26APR18DELPRA-PRA,36,380,35,1094,34,1336,33,556,32,510,37,799,38,1356,39,1561,40,1588,41,500,36.5
2026-04-18 10:30:27 AM,KXATPCHALLENGERMATCH-26APR18DELPRA-PRA,36,380,35,1094,34,1336,33,556,32,1310,37,799,38,1356,39,1561,40,1588,41,500,36.5
2026-04-18 10:30:27 AM,KXATPCHALLENGERMATCH-26APR18DELPRA-PRA,36,380,35,1094,34,1336,33,1356,32,1310,37,799,38,1356,39,1561,40,1588,41,500,36.5
2026-04-18 10:30:27 AM,KXATPCHALLENGERMATCH-26APR18DELPRA-PRA,36,380,35,1894,34,1336,33,1356,32,1310,37,799,38,1356,39,1561,40,1588,41,500,36.5
2026-04-18 10:30:27 AM,KXATPCHALLENGERMATCH-26APR18DELPRA-PRA,36,380,35,1894,34,1336,33,1356,32,1310,37,799,38,2156,39,1561,40,1588,41,500,36.5
2026-04-18 10:30:27 AM,KXATPCHALLENGERMATCH-26APR18DELPRA-PRA,36,380,35,1894,34,1336,33,1356,32,1310,37,799,38,2156,39,1561,40,1588,41,1300,36.5
2026-04-18 10:30:27 AM,KXATPCHALLENGERMATCH-26APR18DELPRA-PRA,36,380,35,1894,34,1336,33,1356,32,1310,37,799,38,2156,39,1561,40,2388,41,1300,36.5
2026-04-18 10:30:27 AM,KXATPCHALLENGERMATCH-26APR18DELPRA-PRA,36,380,35,1881,34,1336,33,1356,32,1310,37,799,38,2156,39,1561,40,2388,41,1300,36.5
2026-04-18 10:30:28 AM,KXATPCHALLENGERMATCH-26APR18DELPRA-PRA,36,280,35,1881,34,1336,33,1356,32,1310,37,799,38,2156,39,1561,40,2388,41,1300,36.5
2026-04-18 10:30:28 AM,KXATPCHALLENGERMATCH-26APR18DELPRA-PRA,36,5,35,1881,34,1336,33,1356,32,1310,37,799,38,2156,39,1561,40,2388,41,1300,36.5
2026-04-18 10:30:28 AM,KXATPCHALLENGERMATCH-26APR18DELPRA-PRA,36,5,35,2156,34,1336,33,1356,32,1310,37,799,38,2156,39,1561,40,2388,41,1300,36.5
2026-04-18 10:30:28 AM,KXATPCHALLENGERMATCH-26APR18DELPRA-PRA,36,5,35,2156,34,1336,33,1356,32,1310,37,799,38,1881,39,1561,40,2388,41,1300,36.5
2026-04-18 10:30:28 AM,KXATPCHALLENGERMATCH-26APR18DELPRA-PRA,36,5,35,2156,34,1436,33,1356,32,1310,37,799,38,1881,39,1561,40,2388,41,1300,36.5
2026-04-18 10:30:28 AM,KXATPCHALLENGERMATCH-26APR18DELPRA-PRA,36,5,35,2156,34,1436,33,1356,32,1310,37,1074,38,1881,39,1561,40,2388,41,1300,36.5
2026-04-18 10:30:28 AM,KXATPCHALLENGERMATCH-26APR18DELPRA-PRA,36,5,35,2141,34,1436,33,1356,32,1310,37,1074,38,1881,39,1561,40,2388,41,1300,36.5
2026-04-18 10:30:28 AM,KXATPCHALLENGERMATCH-26APR18DELPRA-PRA,36,5,35,2141,34,1440,33,1356,32,1310,37,1074,38,1881,39,1561,40,2388,41,1300,36.5
2026-04-18 10:30:28 AM,KXATPCHALLENGERMATCH-26APR18DELPRA-PRA,36,5,35,2141,34,1440,33,1367,32,1310,37,1074,38,1881,39,1561,40,2388,41,1300,36.5
2026-04-18 10:32:17 AM,KXATPCHALLENGERMATCH-26APR18DELPRA-PRA,36,5,35,2141,34,1440,33,1367,32,1310,37,1076,38,1881,39,1561,40,2388,41,1300,36.5
2026-04-18 10:32:17 AM,KXATPCHALLENGERMATCH-26APR18DELPRA-PRA,36,5,35,2140,34,1440,33,1367,32,1310,37,1076,38,1881,39,1561,40,2388,41,1300,36.5
2026-04-18 10:32:17 AM,KXATPCHALLENGERMATCH-26APR18DELPRA-PRA,36,5,35,2140,34,1439,33,1367,32,1310,37,1076,38,1881,39,1561,40,2388,41,1300,36.5
2026-04-18 10:33:17 AM,KXATPCHALLENGERMATCH-26APR18DELPRA-PRA,36,5,35,2140,34,1439,33,1367,32,1310,37,1128,38,1881,39,1561,40,2388,41,1300,36.5
2026-04-18 10:33:17 AM,KXATPCHALLENGERMATCH-26APR18DELPRA-PRA,36,5,35,2114,34,1439,33,1367,32,1310,37,1128,38,1881,39,1561,40,2388,41,1300,36.5
2026-04-18 10:33:17 AM,KXATPCHALLENGERMATCH-26APR18DELPRA-PRA,36,5,35,2114,34,1413,33,1367,32,1310,37,1128,38,1881,39,1561,40,2388,41,1300,36.5
2026-04-18 10:33:19 AM,KXATPCHALLENGERMATCH-26APR18DELPRA-PRA,36,5,35,2114,34,1413,33,1367,32,1310,37,1101,38,1881,39,1561,40,2388,41,1300,36.5
2026-04-18 10:33:19 AM,KXATPCHALLENGERMATCH-26APR18DELPRA-PRA,36,5,35,2127,34,1413,33,1367,32,1310,37,1101,38,1881,39,1561,40,2388,41,1300,36.5
2026-04-18 10:33:19 AM,KXATPCHALLENGERMATCH-26APR18DELPRA-PRA,36,5,35,2127,34,1426,33,1367,32,1310,37,1101,38,1881,39,1561,40,2388,41,1300,36.5
2026-04-18 10:34:30 AM,KXATPCHALLENGERMATCH-26APR18DELPRA-PRA,36,5,35,2127,34,1426,33,1367,32,1310,37,1145,38,1881,39,1561,40,2388,41,1300,36.5
2026-04-18 10:34:31 AM,KXATPCHALLENGERMATCH-26APR18DELPRA-PRA,36,5,35,2114,34,1426,33,1367,32,1310,37,1145,38,1881,39,1561,40,2388,41,1300,36.5
2026-04-18 10:34:32 AM,KXATPCHALLENGERMATCH-26APR18DELPRA-PRA,36,5,35,2106,34,1426,33,1367,32,1310,37,1145,38,1881,39,1561,40,2388,41,1300,36.5
2026-04-18 10:34:32 AM,KXATPCHALLENGERMATCH-26APR18DELPRA-PRA,36,5,35,2106,34,1413,33,1367,32,1310,37,1145,38,1881,39,1561,40,2388,41,1300,36.5
2026-04-18 10:34:32 AM,KXATPCHALLENGERMATCH-26APR18DELPRA-PRA,36,5,35,2106,34,1405,33,1367,32,1310,37,1145,38,1881,39,1561,40,2388,41,1300,36.5
2026-04-18 10:50:33 AM,KXATPCHALLENGERMATCH-26APR18DELPRA-PRA,36,5,35,2106,34,1394,33,1367,32,1310,37,1145,38,1881,39,1561,40,2388,41,1300,36.5
2026-04-18 10:50:33 AM,KXATPCHALLENGERMATCH-26APR18DELPRA-PRA,36,5,35,2106,34,1390,33,1367,32,1310,37,1145,38,1881,39,1561,40,2388,41,1300,36.5
2026-04-18 10:50:33 AM,KXATPCHALLENGERMATCH-26APR18DELPRA-PRA,36,5,35,2106,34,1390,33,1356,32,1310,37,1145,38,1881,39,1561,40,2388,41,1300,36.5
2026-04-18 10:50:33 AM,KXATPCHALLENGERMATCH-26APR18DELPRA-PRA,36,5,35,2106,34,1390,33,1356,32,1310,37,1145,38,1866,39,1561,40,2388,41,1300,36.5
2026-04-18 10:50:33 AM,KXATPCHALLENGERMATCH-26APR18DELPRA-PRA,36,5,35,2106,34,1390,33,1356,32,1310,37,1145,38,1866,39,1550,40,2388,41,1300,36.5
2026-04-18 10:50:33 AM,KXATPCHALLENGERMATCH-26APR18DELPRA-PRA,36,5,35,2106,34,1405,33,1356,32,1310,37,1145,38,1866,39,1550,40,2388,41,1300,36.5
2026-04-18 10:50:33 AM,KXATPCHALLENGERMATCH-26APR18DELPRA-PRA,36,5,35,2106,34,1405,33,1367,32,1310,37,1145,38,1866,39,1550,40,2388,41,1300,36.5
2026-04-18 10:50:33 AM,KXATPCHALLENGERMATCH-26APR18DELPRA-PRA,36,5,35,2106,34,1405,33,1367,32,1310,37,1145,38,1881,39,1550,40,2388,41,1300,36.5
2026-04-18 10:50:33 AM,KXATPCHALLENGERMATCH-26APR18DELPRA-PRA,36,5,35,2106,34,1405,33,1367,32,1310,37,1145,38,1881,39,1561,40,2388,41,1300,36.5
2026-04-18 10:53:04 AM,KXATPCHALLENGERMATCH-26APR18DELPRA-PRA,36,5,35,2106,34,1405,33,1367,32,1310,37,1154,38,1881,39,1561,40,2388,41,1300,36.5
2026-04-18 10:53:04 AM,KXATPCHALLENGERMATCH-26APR18DELPRA-PRA,36,5,35,2102,34,1405,33,1367,32,1310,37,1154,38,1881,39,1561,40,2388,41,1300,36.5
2026-04-18 10:53:04 AM,KXATPCHALLENGERMATCH-26APR18DELPRA-PRA,36,5,35,2102,34,1401,33,1367,32,1310,37,1154,38,1881,39,1561,40,2388,41,1300,36.5
2026-04-18 10:56:08 AM,KXATPCHALLENGERMATCH-26APR18DELPRA-PRA,36,5,35,2102,34,1401,33,1367,32,1310,37,1129,38,1881,39,1561,40,2388,41,1300,36.5
2026-04-18 10:56:09 AM,KXATPCHALLENGERMATCH-26APR18DELPRA-PRA,36,5,35,2114,34,1401,33,1367,32,1310,37,1129,38,1881,39,1561,40,2388,41,1300,36.5
2026-04-18 10:56:09 AM,KXATPCHALLENGERMATCH-26APR18DELPRA-PRA,36,5,35,2114,34,1413,33,1367,32,1310,37,1129,38,1881,39,1561,40,2388,41,1300,36.5
2026-04-18 11:06:02 AM,KXATPCHALLENGERMATCH-26APR18DELPRA-PRA,36,5,35,2114,34,1413,33,1367,32,1310,37,1130,38,1881,39,1561,40,2388,41,1300,36.5
2026-04-18 11:10:36 AM,KXATPCHALLENGERMATCH-26APR18DELPRA-PRA,36,5,35,2114,34,1413,33,1367,32,1310,37,1160,38,1881,39,1561,40,2388,41,1300,36.5
2026-04-18 11:10:37 AM,KXATPCHALLENGERMATCH-26APR18DELPRA-PRA,36,5,35,2102,34,1413,33,1367,32,1310,37,1160,38,1881,39,1561,40,2388,41,1300,36.5
2026-04-18 11:10:37 AM,KXATPCHALLENGERMATCH-26APR18DELPRA-PRA,36,5,35,2099,34,1413,33,1367,32,1310,37,1160,38,1881,39,1561,40,2388,41,1300,36.5
2026-04-18 11:10:37 AM,KXATPCHALLENGERMATCH-26APR18DELPRA-PRA,36,5,35,2099,34,1401,33,1367,32,1310,37,1160,38,1881,39,1561,40,2388,41,1300,36.5
2026-04-18 11:10:37 AM,KXATPCHALLENGERMATCH-26APR18DELPRA-PRA,36,5,35,2099,34,1398,33,1367,32,1310,37,1160,38,1881,39,1561,40,2388,41,1300,36.5
2026-04-18 11:10:37 AM,KXATPCHALLENGERMATCH-26APR18DELPRA-PRA,36,5,35,2099,34,1398,33,1367,32,1310,37,1210,38,1881,39,1561,40,2388,41,1300,36.5
2026-04-18 11:10:37 AM,KXATPCHALLENGERMATCH-26APR18DELPRA-PRA,36,5,35,2074,34,1398,33,1367,32,1310,37,1210,38,1881,39,1561,40,2388,41,1300,36.5
2026-04-18 11:10:38 AM,KXATPCHALLENGERMATCH-26APR18DELPRA-PRA,36,5,35,2074,34,1373,33,1367,32,1310,37,1210,38,1881,39,1561,40,2388,41,1300,36.5
2026-04-18 11:11:27 AM,KXATPCHALLENGERMATCH-26APR18DELPRA-PRA,36,5,35,2074,34,1358,33,1367,32,1310,37,1210,38,1881,39,1561,40,2388,41,1300,36.5
2026-04-18 11:11:27 AM,KXATPCHALLENGERMATCH-26APR18DELPRA-PRA,36,5,35,2074,34,1358,33,1356,32,1310,37,1210,38,1881,39,1561,40,2388,41,1300,36.5
2026-04-18 11:11:27 AM,KXATPCHALLENGERMATCH-26APR18DELPRA-PRA,36,5,35,2074,34,1358,33,1356,32,1310,37,1210,38,1866,39,1561,40,2388,41,1300,36.5
2026-04-18 11:11:27 AM,KXATPCHALLENGERMATCH-26APR18DELPRA-PRA,36,5,35,2074,34,1358,33,1356,32,1310,37,1210,38,1866,39,1550,40,2388,41,1300,36.5
2026-04-18 11:11:27 AM,KXATPCHALLENGERMATCH-26APR18DELPRA-PRA,36,5,35,2074,34,1373,33,1356,32,1310,37,1210,38,1866,39,1550,40,2388,41,1300,36.5
2026-04-18 11:11:27 AM,KXATPCHALLENGERMATCH-26APR18DELPRA-PRA,36,5,35,2074,34,1373,33,1367,32,1310,37,1210,38,1866,39,1550,40,2388,41,1300,36.5
2026-04-18 11:11:27 AM,KXATPCHALLENGERMATCH-26APR18DELPRA-PRA,36,5,35,2074,34,1373,33,1367,32,1310,37,1210,38,1881,39,1550,40,2388,41,1300,36.5
2026-04-18 11:11:27 AM,KXATPCHALLENGERMATCH-26APR18DELPRA-PRA,36,5,35,2074,34,1373,33,1367,32,1310,37,1210,38,1881,39,1561,40,2388,41,1300,36.5
2026-04-18 11:18:54 AM,KXATPCHALLENGERMATCH-26APR18DELPRA-PRA,36,5,35,2074,34,1373,33,1367,32,1310,37,1185,38,1881,39,1561,40,2388,41,1300,36.5
2026-04-18 11:18:54 AM,KXATPCHALLENGERMATCH-26APR18DELPRA-PRA,36,5,35,2086,34,1373,33,1367,32,1310,37,1185,38,1881,39,1561,40,2388,41,1300,36.5
2026-04-18 11:18:55 AM,KXATPCHALLENGERMATCH-26APR18DELPRA-PRA,36,5,35,2086,34,1385,33,1367,32,1310,37,1185,38,1881,39,1561,40,2388,41,1300,36.5
2026-04-18 11:20:33 AM,KXATPCHALLENGERMATCH-26APR18DELPRA-PRA,36,5,35,2086,34,1370,33,1367,32,1310,37,1185,38,1881,39,1561,40,2388,41,1300,36.5
2026-04-18 11:20:33 AM,KXATPCHALLENGERMATCH-26APR18DELPRA-PRA,36,5,35,2086,34,1370,33,1356,32,1310,37,1185,38,1881,39,1561,40,2388,41,1300,36.5
2026-04-18 11:20:33 AM,KXATPCHALLENGERMATCH-26APR18DELPRA-PRA,36,5,35,2086,34,1370,33,1356,32,1310,37,1185,38,1866,39,1561,40,2388,41,1300,36.5
2026-04-18 11:20:33 AM,KXATPCHALLENGERMATCH-26APR18DELPRA-PRA,36,5,35,2086,34,1370,33,1356,32,1310,37,1185,38,1866,39,1550,40,2388,41,1300,36.5
2026-04-18 11:20:33 AM,KXATPCHALLENGERMATCH-26APR18DELPRA-PRA,36,5,35,2086,34,1385,33,1356,32,1310,37,1185,38,1866,39,1550,40,2388,41,1300,36.5
2026-04-18 11:20:33 AM,KXATPCHALLENGERMATCH-26APR18DELPRA-PRA,36,5,35,2086,34,1385,33,1367,32,1310,37,1185,38,1866,39,1550,40,2388,41,1300,36.5
2026-04-18 11:20:33 AM,KXATPCHALLENGERMATCH-26APR18DELPRA-PRA,36,5,35,2086,34,1385,33,1367,32,1310,37,1185,38,1881,39,1550,40,2388,41,1300,36.5
2026-04-18 11:20:33 AM,KXATPCHALLENGERMATCH-26APR18DELPRA-PRA,36,5,35,2086,34,1385,33,1367,32,1310,37,1185,38,1881,39,1561,40,2388,41,1300,36.5
2026-04-18 11:25:02 AM,KXATPCHALLENGERMATCH-26APR18DELPRA-PRA,36,5,35,2086,34,1385,33,1367,32,1310,37,1190,38,1881,39,1561,40,2388,41,1300,36.5
2026-04-18 11:25:02 AM,KXATPCHALLENGERMATCH-26APR18DELPRA-PRA,36,5,35,2084,34,1385,33,1367,32,1310,37,1190,38,1881,39,1561,40,2388,41,1300,36.5
2026-04-18 11:25:02 AM,KXATPCHALLENGERMATCH-26APR18DELPRA-PRA,36,5,35,2084,34,1383,33,1367,32,1310,37,1190,38,1881,39,1561,40,2388,41,1300,36.5
2026-04-18 11:25:20 AM,KXATPCHALLENGERMATCH-26APR18DELPRA-PRA,36,5,35,2084,34,1383,33,1367,32,1310,37,1191,38,1881,39,1561,40,2388,41,1300,36.5
2026-04-18 11:25:29 AM,KXATPCHALLENGERMATCH-26APR18DELPRA-PRA,36,5,35,2084,34,1383,33,1367,32,1310,37,1222,38,1881,39,1561,40,2388,41,1300,36.5
2026-04-18 11:25:29 AM,KXATPCHALLENGERMATCH-26APR18DELPRA-PRA,36,5,35,2075,34,1383,33,1367,32,1310,37,1222,38,1881,39,1561,40,2388,41,1300,36.5
2026-04-18 11:25:29 AM,KXATPCHALLENGERMATCH-26APR18DELPRA-PRA,36,5,35,2069,34,1383,33,1367,32,1310,37,1222,38,1881,39,1561,40,2388,41,1300,36.5
2026-04-18 11:25:29 AM,KXATPCHALLENGERMATCH-26APR18DELPRA-PRA,36,5,35,2069,34,1374,33,1367,32,1310,37,1222,38,1881,39,1561,40,2388,41,1300,36.5
2026-04-18 11:25:29 AM,KXATPCHALLENGERMATCH-26APR18DELPRA-PRA,36,5,35,2069,34,1368,33,1367,32,1310,37,1222,38,1881,39,1561,40,2388,41,1300,36.5
2026-04-18 11:26:35 AM,KXATPCHALLENGERMATCH-26APR18DELPRA-PRA,36,5,35,2069,34,1353,33,1367,32,1310,37,1222,38,1881,39,1561,40,2388,41,1300,36.5
2026-04-18 11:26:35 AM,KXATPCHALLENGERMATCH-26APR18DELPRA-PRA,36,5,35,2069,34,1353,33,1356,32,1310,37,1222,38,1881,39,1561,40,2388,41,1300,36.5
2026-04-18 11:26:35 AM,KXATPCHALLENGERMATCH-26APR18DELPRA-PRA,36,5,35,2069,34,1353,33,1356,32,1310,37,1222,38,1866,39,1561,40,2388,41,1300,36.5
2026-04-18 11:26:35 AM,KXATPCHALLENGERMATCH-26APR18DELPRA-PRA,36,5,35,2069,34,1353,33,1356,32,1310,37,1222,38,1866,39,1550,40,2388,41,1300,36.5
2026-04-18 11:26:35 AM,KXATPCHALLENGERMATCH-26APR18DELPRA-PRA,36,5,35,2069,34,1368,33,1356,32,1310,37,1222,38,1866,39,1550,40,2388,41,1300,36.5
2026-04-18 11:26:35 AM,KXATPCHALLENGERMATCH-26APR18DELPRA-PRA,36,5,35,2069,34,1368,33,1367,32,1310,37,1222,38,1866,39,1550,40,2388,41,1300,36.5
2026-04-18 11:26:35 AM,KXATPCHALLENGERMATCH-26APR18DELPRA-PRA,36,5,35,2069,34,1368,33,1367,32,1310,37,1222,38,1881,39,1550,40,2388,41,1300,36.5
2026-04-18 11:26:35 AM,KXATPCHALLENGERMATCH-26APR18DELPRA-PRA,36,5,35,2069,34,1368,33,1367,32,1310,37,1222,38,1881,39,1561,40,2388,41,1300,36.5
2026-04-18 11:34:28 AM,KXATPCHALLENGERMATCH-26APR18DELPRA-PRA,36,5,35,2069,34,1353,33,1367,32,1310,37,1222,38,1881,39,1561,40,2388,41,1300,36.5
2026-04-18 11:34:28 AM,KXATPCHALLENGERMATCH-26APR18DELPRA-PRA,36,5,35,2069,34,1353,33,1356,32,1310,37,1222,38,1881,39,1561,40,2388,41,1300,36.5
2026-04-18 11:34:28 AM,KXATPCHALLENGERMATCH-26APR18DELPRA-PRA,36,5,35,2069,34,1353,33,1356,32,1310,37,1222,38,1866,39,1561,40,2388,41,1300,36.5
2026-04-18 11:34:28 AM,KXATPCHALLENGERMATCH-26APR18DELPRA-PRA,36,5,35,2069,34,1353,33,1356,32,1310,37,1222,38,1866,39,1550,40,2388,41,1300,36.5
2026-04-18 11:35:31 AM,KXATPCHALLENGERMATCH-26APR18DELPRA-PRA,36,5,35,2069,34,1368,33,1356,32,1310,37,1222,38,1866,39,1550,40,2388,41,1300,36.5
2026-04-18 11:35:31 AM,KXATPCHALLENGERMATCH-26APR18DELPRA-PRA,36,5,35,2069,34,1368,33,1367,32,1310,37,1222,38,1866,39,1550,40,2388,41,1300,36.5
2026-04-18 11:35:31 AM,KXATPCHALLENGERMATCH-26APR18DELPRA-PRA,36,5,35,2069,34,1368,33,1367,32,1310,37,1222,38,1881,39,1550,40,2388,41,1300,36.5
2026-04-18 11:35:31 AM,KXATPCHALLENGERMATCH-26APR18DELPRA-PRA,36,5,35,2069,34,1368,33,1367,32,1310,37,1222,38,1881,39,1561,40,2388,41,1300,36.5
2026-04-18 11:45:37 AM,KXATPCHALLENGERMATCH-26APR18DELPRA-PRA,36,5,35,2069,34,1368,33,1367,32,510,37,1222,38,1881,39,1561,40,2388,41,1300,36.5
2026-04-18 11:45:37 AM,KXATPCHALLENGERMATCH-26APR18DELPRA-PRA,36,5,35,2069,34,1368,33,567,32,510,37,1222,38,1881,39,1561,40,2388,41,1300,36.5
2026-04-18 11:45:37 AM,KXATPCHALLENGERMATCH-26APR18DELPRA-PRA,36,5,35,1269,34,1368,33,567,32,510,37,1222,38,1881,39,1561,40,2388,41,1300,36.5
2026-04-18 11:45:37 AM,KXATPCHALLENGERMATCH-26APR18DELPRA-PRA,36,5,35,1269,34,1368,33,567,32,510,37,1222,38,1081,39,1561,40,2388,41,1300,36.5
2026-04-18 11:45:37 AM,KXATPCHALLENGERMATCH-26APR18DELPRA-PRA,36,5,35,1269,34,1368,33,567,32,510,37,1222,38,1081,39,1561,40,2388,41,500,36.5
2026-04-18 11:45:37 AM,KXATPCHALLENGERMATCH-26APR18DELPRA-PRA,36,5,35,1269,34,1368,33,567,32,510,37,1222,38,1081,39,1561,40,1588,41,500,36.5
2026-04-18 11:45:37 AM,KXATPCHALLENGERMATCH-26APR18DELPRA-PRA,36,5,35,1269,34,1368,33,567,32,510,37,1222,38,1810,39,1561,40,1588,41,500,36.5
2026-04-18 11:45:37 AM,KXATPCHALLENGERMATCH-26APR18DELPRA-PRA,36,5,35,1269,34,1368,33,567,32,510,37,1222,38,1810,39,1550,40,1588,41,500,36.5
2026-04-18 11:45:37 AM,KXATPCHALLENGERMATCH-26APR18DELPRA-PRA,36,5,35,1269,34,1368,33,567,32,510,37,1237,38,1810,39,1550,40,1588,41,500,36.5
2026-04-18 11:45:38 AM,KXATPCHALLENGERMATCH-26APR18DELPRA-PRA,36,5,35,1269,34,1368,33,567,32,510,37,1237,38,1810,39,1561,40,1588,41,500,36.5
2026-04-18 11:45:38 AM,KXATPCHALLENGERMATCH-26APR18DELPRA-PRA,36,5,35,1269,34,1368,33,567,32,510,37,1222,38,1810,39,1561,40,1588,41,500,36.5
2026-04-18 11:45:39 AM,KXATPCHALLENGERMATCH-26APR18DELPRA-PRA,36,5,35,1269,34,1368,33,567,32,1310,37,1222,38,1810,39,1561,40,1588,41,500,36.5
2026-04-18 11:45:39 AM,KXATPCHALLENGERMATCH-26APR18DELPRA-PRA,36,5,35,1269,34,2168,33,567,32,1310,37,1222,38,1810,39,1561,40,1588,41,500,36.5
2026-04-18 11:45:39 AM,KXATPCHALLENGERMATCH-26APR18DELPRA-PRA,36,5,35,1269,34,2168,33,567,32,1310,37,2022,38,1810,39,1561,40,1588,41,500,36.5
2026-04-18 11:45:39 AM,KXATPCHALLENGERMATCH-26APR18DELPRA-PRA,36,5,35,1269,34,2168,33,567,32,1310,37,2022,38,1810,39,1561,40,2388,41,500,36.5
2026-04-18 11:45:39 AM,KXATPCHALLENGERMATCH-26APR18DELPRA-PRA,36,5,35,1269,34,2168,33,567,32,1310,37,2022,38,1810,39,2361,40,2388,41,500,36.5
2026-04-18 11:45:39 AM,KXATPCHALLENGERMATCH-26APR18DELPRA-PRA,36,5,35,1269,34,2168,33,567,32,1310,37,2074,38,1810,39,2361,40,2388,41,500,36.5
2026-04-18 11:45:39 AM,KXATPCHALLENGERMATCH-26APR18DELPRA-PRA,36,5,35,1243,34,2168,33,567,32,1310,37,2074,38,1810,39,2361,40,2388,41,500,36.5
2026-04-18 11:45:39 AM,KXATPCHALLENGERMATCH-26APR18DELPRA-PRA,36,5,35,1243,34,2168,33,567,32,1310,37,2074,38,1810,39,2350,40,2388,41,500,36.5
2026-04-18 11:45:39 AM,KXATPCHALLENGERMATCH-26APR18DELPRA-PRA,36,5,35,1243,34,2168,33,567,32,1310,37,2089,38,1810,39,2350,40,2388,41,500,36.5
2026-04-18 11:45:41 AM,KXATPCHALLENGERMATCH-26APR18DELPRA-PRA,36,5,35,1243,34,2142,33,567,32,1310,37,2089,38,1810,39,2350,40,2388,41,500,36.5
2026-04-18 11:45:50 AM,KXATPCHALLENGERMATCH-26APR18DELPRA-PRA,36,5,35,1243,34,2142,33,1349,32,1310,37,2089,38,1810,39,2350,40,2388,41,500,36.5
2026-04-18 11:51:29 AM,KXATPCHALLENGERMATCH-26APR18DELPRA-PRA,36,5,35,1243,34,2142,33,1349,32,1310,37,2089,38,2341,39,2350,40,2388,41,500,36.5
2026-04-18 12:00:22 PM,KXATPCHALLENGERMATCH-26APR18DELPRA-PRA,36,5,35,1243,34,2017,33,1349,32,1310,37,2089,38,2341,39,2350,40,2388,41,500,36.5
2026-04-18 12:00:22 PM,KXATPCHALLENGERMATCH-26APR18DELPRA-PRA,36,5,35,1243,34,2017,33,1349,32,1310,36,100,37,2089,38,2341,39,2350,40,2388,36.0
2026-04-18 12:00:22 PM,KXATPCHALLENGERMATCH-26APR18DELPRA-PRA,36,5,35,1243,34,2017,33,1349,32,1310,36,100,37,2089,38,2276,39,2350,40,2388,36.0
2026-04-18 12:00:28 PM,KXATPCHALLENGERMATCH-26APR18DELPRA-PRA,36,5,35,1243,34,1997,33,1349,32,1310,36,100,37,2089,38,2276,39,2350,40,2388,36.0
2026-04-18 12:00:34 PM,KXATPCHALLENGERMATCH-26APR18DELPRA-PRA,36,5,35,1243,34,1997,33,1302,32,1310,36,100,37,2089,38,2276,39,2350,40,2388,36.0
2026-04-18 12:00:34 PM,KXATPCHALLENGERMATCH-26APR18DELPRA-PRA,36,5,35,1243,34,1866,33,1302,32,1310,36,100,37,2089,38,2276,39,2350,40,2388,36.0
2026-04-18 12:00:34 PM,KXATPCHALLENGERMATCH-26APR18DELPRA-PRA,36,5,35,1243,34,1866,33,1302,32,1310,36,249,37,2089,38,2276,39,2350,40,2388,36.0
2026-04-18 12:01:37 PM,KXATPCHALLENGERMATCH-26APR18DELPRA-PRA,36,5,35,1243,34,1866,33,1302,32,1310,36,247,37,2089,38,2276,39,2350,40,2388,36.0
2026-04-18 12:01:50 PM,KXATPCHALLENGERMATCH-26APR18DELPRA-PRA,36,5,35,1243,34,1866,33,1278,32,1310,36,247,37,2089,38,2276,39,2350,40,2388,36.0
2026-04-18 12:01:50 PM,KXATPCHALLENGERMATCH-26APR18DELPRA-PRA,36,5,35,1243,34,1866,33,1278,32,1310,36,267,37,2089,38,2276,39,2350,40,2388,36.0
2026-04-18 12:02:31 PM,KXATPCHALLENGERMATCH-26APR18DELPRA-PRA,36,5,35,1243,34,1866,33,1267,32,1310,36,267,37,2089,38,2276,39,2350,40,2388,36.0
2026-04-18 12:04:53 PM,KXATPCHALLENGERMATCH-26APR18DELPRA-PRA,36,5,35,1243,34,1866,33,1240,32,1310,36,267,37,2089,38,2276,39,2350,40,2388,36.0
2026-04-18 12:04:53 PM,KXATPCHALLENGERMATCH-26APR18DELPRA-PRA,36,5,35,1243,34,1866,33,1240,32,1260,36,267,37,2089,38,2276,39,2350,40,2388,36.0
2026-04-18 12:04:53 PM,KXATPCHALLENGERMATCH-26APR18DELPRA-PRA,36,5,35,1243,34,1866,33,1240,32,1260,36,330,37,2089,38,2276,39,2350,40,2388,36.0
2026-04-18 12:04:53 PM,KXATPCHALLENGERMATCH-26APR18DELPRA-PRA,36,5,35,1243,34,1866,33,1240,32,1260,36,330,37,2109,38,2276,39,2350,40,2388,36.0
2026-04-18 12:05:13 PM,KXATPCHALLENGERMATCH-26APR18DELPRA-PRA,36,5,35,1212,34,1866,33,1240,32,1260,36,330,37,2109,38,2276,39,2350,40,2388,36.0
2026-04-18 12:05:13 PM,KXATPCHALLENGERMATCH-26APR18DELPRA-PRA,36,5,35,937,34,1866,33,1240,32,1260,36,330,37,2109,38,2276,39,2350,40,2388,36.0
2026-04-18 12:05:13 PM,KXATPCHALLENGERMATCH-26APR18DELPRA-PRA,36,5,35,937,34,2141,33,1240,32,1260,36,330,37,2109,38,2276,39,2350,40,2388,36.0
2026-04-18 12:05:13 PM,KXATPCHALLENGERMATCH-26APR18DELPRA-PRA,36,5,35,937,34,2141,33,1240,32,1260,36,330,37,1834,38,2276,39,2350,40,2388,36.0
2026-04-18 12:05:13 PM,KXATPCHALLENGERMATCH-26APR18DELPRA-PRA,36,5,35,937,34,2141,33,1240,32,1260,36,605,37,1834,38,2276,39,2350,40,2388,36.0
2026-04-18 12:05:30 PM,KXATPCHALLENGERMATCH-26APR18DELPRA-PRA,36,5,35,937,34,2141,33,1240,32,1202,36,605,37,1834,38,2276,39,2350,40,2388,36.0
2026-04-18 12:05:30 PM,KXATPCHALLENGERMATCH-26APR18DELPRA-PRA,36,5,35,937,34,2141,33,1240,32,1202,36,1108,37,1834,38,2276,39,2350,40,2388,36.0
2026-04-18 12:05:30 PM,KXATPCHALLENGERMATCH-26APR18DELPRA-PRA,36,5,35,937,34,2141,33,1240,32,1202,36,1108,37,1863,38,2276,39,2350,40,2388,36.0
2026-04-18 12:08:57 PM,KXATPCHALLENGERMATCH-26APR18DELPRA-PRA,36,5,35,937,34,2141,33,1240,32,402,36,1108,37,1863,38,2276,39,2350,40,2388,36.0
2026-04-18 12:08:57 PM,KXATPCHALLENGERMATCH-26APR18DELPRA-PRA,36,5,35,937,34,1341,33,1240,32,402,36,1108,37,1863,38,2276,39,2350,40,2388,36.0
2026-04-18 12:08:57 PM,KXATPCHALLENGERMATCH-26APR18DELPRA-PRA,36,5,35,937,34,1341,33,1240,32,402,36,1108,37,1063,38,2276,39,2350,40,2388,36.0
2026-04-18 12:08:57 PM,KXATPCHALLENGERMATCH-26APR18DELPRA-PRA,36,5,35,937,34,1341,33,1240,32,402,36,1108,37,1063,38,2276,39,2350,40,1588,36.0
2026-04-18 12:08:57 PM,KXATPCHALLENGERMATCH-26APR18DELPRA-PRA,36,5,35,937,34,1341,33,1240,32,402,36,1108,37,1063,38,2276,39,1550,40,1588,36.0
2026-04-18 12:08:57 PM,KXATPCHALLENGERMATCH-26APR18DELPRA-PRA,36,5,35,937,34,1341,33,1240,32,402,36,1132,37,1063,38,2276,39,1550,40,1588,36.0
2026-04-18 12:08:57 PM,KXATPCHALLENGERMATCH-26APR18DELPRA-PRA,36,5,35,407,34,1341,33,1240,32,402,36,1132,37,1063,38,2276,39,1550,40,1588,36.0
2026-04-18 12:08:57 PM,KXATPCHALLENGERMATCH-26APR18DELPRA-PRA,36,5,35,7,34,1341,33,1240,32,402,36,1132,37,1063,38,2276,39,1550,40,1588,36.0
2026-04-18 12:08:59 PM,KXATPCHALLENGERMATCH-26APR18DELPRA-PRA,36,5,35,7,34,1341,33,1240,32,402,36,1132,37,1063,38,2276,39,1550,40,1028,36.0
2026-04-18 12:08:59 PM,KXATPCHALLENGERMATCH-26APR18DELPRA-PRA,36,5,35,7,34,1341,33,1240,32,402,36,1132,37,1773,38,2276,39,1550,40,1028,36.0
2026-04-18 12:08:59 PM,KXATPCHALLENGERMATCH-26APR18DELPRA-PRA,36,5,35,7,34,1341,33,2040,32,402,36,1132,37,1773,38,2276,39,1550,40,1028,36.0
2026-04-18 12:08:59 PM,KXATPCHALLENGERMATCH-26APR18DELPRA-PRA,36,5,35,7,34,1341,33,2040,32,402,36,1932,37,1773,38,2276,39,1550,40,1028,36.0
2026-04-18 12:08:59 PM,KXATPCHALLENGERMATCH-26APR18DELPRA-PRA,36,5,35,7,34,1341,33,2040,32,402,36,1932,37,1773,38,2276,39,2350,40,1028,36.0
2026-04-18 12:08:59 PM,KXATPCHALLENGERMATCH-26APR18DELPRA-PRA,36,5,35,7,34,1341,33,2040,32,402,36,1932,37,1773,38,3076,39,2350,40,1028,36.0
2026-04-18 12:09:13 PM,KXATPCHALLENGERMATCH-26APR18DELPRA-PRA,36,5,35,7,34,1341,33,2040,32,897,36,1932,37,1773,38,3076,39,2350,40,1028,36.0
2026-04-18 12:09:13 PM,KXATPCHALLENGERMATCH-26APR18DELPRA-PRA,36,5,35,7,34,1341,33,2040,32,897,36,1932,37,1773,38,3076,39,2350,40,660,36.0
2026-04-18 12:09:13 PM,KXATPCHALLENGERMATCH-26APR18DELPRA-PRA,36,5,35,7,34,1341,33,2040,32,897,36,1932,37,2278,38,3076,39,2350,40,660,36.0
2026-04-18 12:09:14 PM,KXATPCHALLENGERMATCH-26APR18DELPRA-PRA,36,5,35,7,34,1341,33,2040,32,1680,36,1932,37,2278,38,3076,39,2350,40,660,36.0
2026-04-18 12:09:24 PM,KXATPCHALLENGERMATCH-26APR18DELPRA-PRA,36,5,35,7,34,1341,33,2040,32,1680,36,1536,37,2278,38,3076,39,2350,40,660,36.0
2026-04-18 12:09:24 PM,KXATPCHALLENGERMATCH-26APR18DELPRA-PRA,36,5,35,7,34,1341,33,2040,32,1680,35,454,36,1536,37,2278,38,3076,39,2350,35.5
2026-04-18 12:09:25 PM,KXATPCHALLENGERMATCH-26APR18DELPRA-PRA,36,5,35,7,34,1066,33,2040,32,1680,35,454,36,1536,37,2278,38,3076,39,2350,35.5
2026-04-18 12:09:25 PM,KXATPCHALLENGERMATCH-26APR18DELPRA-PRA,36,5,35,7,34,1066,33,2315,32,1680,35,454,36,1536,37,2278,38,3076,39,2350,35.5
2026-04-18 12:09:25 PM,KXATPCHALLENGERMATCH-26APR18DELPRA-PRA,36,5,35,7,34,1066,33,2315,32,1680,35,454,36,1261,37,2278,38,3076,39,2350,35.5
2026-04-18 12:09:25 PM,KXATPCHALLENGERMATCH-26APR18DELPRA-PRA,36,5,35,7,34,1066,33,2315,32,1680,35,729,36,1261,37,2278,38,3076,39,2350,35.5
2026-04-18 12:09:25 PM,KXATPCHALLENGERMATCH-26APR18DELPRA-PRA,36,5,35,7,34,1066,33,2315,32,1680,35,729,36,1261,37,2263,38,3076,39,2350,35.5
2026-04-18 12:09:25 PM,KXATPCHALLENGERMATCH-26APR18DELPRA-PRA,36,5,35,7,34,1066,33,2315,32,1680,35,729,36,1261,37,2263,38,3076,39,2361,35.5
2026-04-18 12:09:36 PM,KXATPCHALLENGERMATCH-26APR18DELPRA-PRA,36,5,35,7,34,663,33,2315,32,1680,35,729,36,1261,37,2263,38,3076,39,2361,35.5
2026-04-18 12:09:36 PM,KXATPCHALLENGERMATCH-26APR18DELPRA-PRA,36,5,35,7,34,37,33,2315,32,1680,35,729,36,1261,37,2263,38,3076,39,2361,35.5
2026-04-18 12:09:36 PM,KXATPCHALLENGERMATCH-26APR18DELPRA-PRA,36,5,35,7,34,27,33,2315,32,1680,35,729,36,1261,37,2263,38,3076,39,2361,35.5
2026-04-18 12:09:36 PM,KXATPCHALLENGERMATCH-26APR18DELPRA-PRA,36,5,35,7,34,17,33,2315,32,1680,35,729,36,1261,37,2263,38,3076,39,2361,35.5
2026-04-18 12:09:36 PM,KXATPCHALLENGERMATCH-26APR18DELPRA-PRA,36,5,35,7,34,2,33,2315,32,1680,35,729,36,1261,37,2263,38,3076,39,2361,35.5
2026-04-18 12:09:36 PM,KXATPCHALLENGERMATCH-26APR18DELPRA-PRA,36,5,35,7,34,2,33,2330,32,1680,35,729,36,1261,37,2263,38,3076,39,2361,35.5
2026-04-18 12:09:36 PM,KXATPCHALLENGERMATCH-26APR18DELPRA-PRA,36,5,35,7,34,2,33,2330,32,1691,35,729,36,1261,37,2263,38,3076,39,2361,35.5
2026-04-18 12:09:37 PM,KXATPCHALLENGERMATCH-26APR18DELPRA-PRA,36,5,35,7,34,2,33,2330,32,1691,35,729,36,1261,37,2274,38,3076,39,2361,35.5
2026-04-18 12:09:37 PM,KXATPCHALLENGERMATCH-26APR18DELPRA-PRA,36,5,35,7,34,2,33,2330,32,1691,35,729,36,1261,37,2274,38,3076,39,2350,35.5
2026-04-18 12:09:54 PM,KXATPCHALLENGERMATCH-26APR18DELPRA-PRA,36,5,35,7,34,2,33,2330,32,1691,35,729,36,1237,37,2274,38,3076,39,2350,35.5
2026-04-18 12:10:05 PM,KXATPCHALLENGERMATCH-26APR18DELPRA-PRA,36,5,35,7,34,2,33,2330,32,1691,35,729,36,1264,37,2274,38,3076,39,2350,35.5
2026-04-18 12:10:10 PM,KXATPCHALLENGERMATCH-26APR18DELPRA-PRA,36,5,35,7,34,2,33,2330,32,1691,35,729,36,1363,37,2274,38,3076,39,2350,35.5
2026-04-18 12:11:28 PM,KXATPCHALLENGERMATCH-26APR18DELPRA-PRA,36,5,35,7,34,2,33,2330,32,1691,35,727,36,1363,37,2274,38,3076,39,2350,35.5
2026-04-18 12:11:29 PM,KXATPCHALLENGERMATCH-26APR18DELPRA-PRA,36,5,35,7,34,2,33,2330,32,1691,35,762,36,1363,37,2274,38,3076,39,2350,35.5
2026-04-18 12:11:43 PM,KXATPCHALLENGERMATCH-26APR18DELPRA-PRA,36,5,35,7,34,2,33,2330,32,1691,35,727,36,1363,37,2274,38,3076,39,2350,35.5
2026-04-18 12:11:47 PM,KXATPCHALLENGERMATCH-26APR18DELPRA-PRA,36,5,35,7,34,2,33,2330,32,1691,35,727,36,1398,37,2274,38,3076,39,2350,35.5
2026-04-18 12:14:25 PM,KXATPCHALLENGERMATCH-26APR18DELPRA-PRA,36,5,35,7,34,2,33,2330,32,1691,35,692,36,1398,37,2274,38,3076,39,2350,35.5
2026-04-18 12:14:25 PM,KXATPCHALLENGERMATCH-26APR18DELPRA-PRA,36,5,35,7,34,2,33,2330,32,1691,35,692,36,1364,37,2274,38,3076,39,2350,35.5
2026-04-18 12:14:55 PM,KXATPCHALLENGERMATCH-26APR18DELPRA-PRA,36,5,35,7,34,2,33,2330,32,1691,35,692,36,1329,37,2274,38,3076,39,2350,35.5
2026-04-18 12:15:58 PM,KXATPCHALLENGERMATCH-26APR18DELPRA-PRA,36,5,35,7,34,2,33,2330,32,1691,34,1,35,692,36,1329,37,2274,38,3076,35.0
2026-04-18 12:15:58 PM,KXATPCHALLENGERMATCH-26APR18DELPRA-PRA,36,5,35,7,34,2,33,2330,32,1691,34,131,35,692,36,1329,37,2274,38,3076,35.0
2026-04-18 12:16:11 PM,KXATPCHALLENGERMATCH-26APR18DELPRA-PRA,36,5,35,7,34,2,33,2340,32,1691,34,131,35,692,36,1329,37,2274,38,3076,35.0
2026-04-18 12:16:13 PM,KXATPCHALLENGERMATCH-26APR18DELPRA-PRA,36,5,35,7,34,2,33,2340,32,1691,34,130,35,692,36,1329,37,2274,38,3076,35.0
2026-04-18 12:16:13 PM,KXATPCHALLENGERMATCH-26APR18DELPRA-PRA,36,5,35,7,34,2,33,2340,32,1691,35,692,36,1329,37,2274,38,3076,39,2350,35.5
2026-04-18 12:16:13 PM,KXATPCHALLENGERMATCH-26APR18DELPRA-PRA,36,5,35,7,34,2,33,2065,32,1691,35,692,36,1329,37,2274,38,3076,39,2350,35.5
2026-04-18 12:16:13 PM,KXATPCHALLENGERMATCH-26APR18DELPRA-PRA,36,5,35,7,34,277,33,2065,32,1691,35,692,36,1329,37,2274,38,3076,39,2350,35.5
2026-04-18 12:16:13 PM,KXATPCHALLENGERMATCH-26APR18DELPRA-PRA,36,5,35,7,34,277,33,2065,32,1680,35,692,36,1329,37,2274,38,3076,39,2350,35.5
2026-04-18 12:16:13 PM,KXATPCHALLENGERMATCH-26APR18DELPRA-PRA,36,5,35,7,34,277,33,2065,32,1680,35,417,36,1329,37,2274,38,3076,39,2350,35.5
2026-04-18 12:16:13 PM,KXATPCHALLENGERMATCH-26APR18DELPRA-PRA,36,5,35,7,34,277,33,2054,32,1680,35,417,36,1329,37,2274,38,3076,39,2350,35.5
2026-04-18 12:16:13 PM,KXATPCHALLENGERMATCH-26APR18DELPRA-PRA,36,5,35,7,34,286,33,2054,32,1680,35,417,36,1329,37,2274,38,3076,39,2350,35.5
2026-04-18 12:16:13 PM,KXATPCHALLENGERMATCH-26APR18DELPRA-PRA,36,5,35,7,34,286,33,2054,32,1680,35,417,36,1604,37,2274,38,3076,39,2350,35.5
2026-04-18 12:16:30 PM,KXATPCHALLENGERMATCH-26APR18DELPRA-PRA,36,5,35,7,34,286,33,2054,32,1680,35,336,36,1604,37,2274,38,3076,39,2350,35.5
2026-04-18 12:16:31 PM,KXATPCHALLENGERMATCH-26APR18DELPRA-PRA,36,5,35,7,34,286,33,2054,32,1680,35,336,36,1569,37,2274,38,3076,39,2350,35.5
2026-04-18 12:16:31 PM,KXATPCHALLENGERMATCH-26APR18DELPRA-PRA,36,5,35,7,34,286,33,2054,32,1680,35,389,36,1569,37,2274,38,3076,39,2350,35.5
2026-04-18 12:17:09 PM,KXATPCHALLENGERMATCH-26APR18DELPRA-PRA,36,5,35,7,34,286,33,2054,32,1680,35,389,36,1570,37,2274,38,3076,39,2350,35.5
2026-04-18 12:17:24 PM,KXATPCHALLENGERMATCH-26APR18DELPRA-PRA,36,5,35,7,34,286,33,2044,32,1680,35,389,36,1570,37,2274,38,3076,39,2350,35.5
2026-04-18 12:18:06 PM,KXATPCHALLENGERMATCH-26APR18DELPRA-PRA,36,5,35,7,34,286,33,2044,32,1680,35,409,36,1570,37,2274,38,3076,39,2350,35.5
2026-04-18 12:18:06 PM,KXATPCHALLENGERMATCH-26APR18DELPRA-PRA,36,5,35,7,34,286,33,2044,32,1680,35,409,36,1590,37,2274,38,3076,39,2350,35.5
2026-04-18 12:18:39 PM,KXATPCHALLENGERMATCH-26APR18DELPRA-PRA,36,5,35,7,34,286,33,2044,32,1680,35,430,36,1590,37,2274,38,3076,39,2350,35.5
2026-04-18 12:19:26 PM,KXATPCHALLENGERMATCH-26APR18DELPRA-PRA,36,5,35,7,34,286,33,2044,32,1680,35,430,36,1625,37,2274,38,3076,39,2350,35.5
2026-04-18 12:19:33 PM,KXATPCHALLENGERMATCH-26APR18DELPRA-PRA,36,5,35,7,34,286,33,2044,32,1680,35,430,36,1649,37,2274,38,3076,39,2350,35.5
2026-04-18 12:19:33 PM,KXATPCHALLENGERMATCH-26APR18DELPRA-PRA,36,5,35,7,34,321,33,2044,32,1680,35,430,36,1649,37,2274,38,3076,39,2350,35.5
2026-04-18 12:22:00 PM,KXATPCHALLENGERMATCH-26APR18DELPRA-PRA,36,5,35,7,34,331,33,2044,32,1680,35,430,36,1649,37,2274,38,3076,39,2350,35.5
2026-04-18 12:22:58 PM,KXATPCHALLENGERMATCH-26APR18DELPRA-PRA,36,5,35,7,34,331,33,2044,32,1680,35,394,36,1649,37,2274,38,3076,39,2350,35.5
2026-04-18 12:22:58 PM,KXATPCHALLENGERMATCH-26APR18DELPRA-PRA,36,5,35,7,34,331,33,2044,32,1680,35,394,36,1614,37,2274,38,3076,39,2350,35.5
2026-04-18 12:22:58 PM,KXATPCHALLENGERMATCH-26APR18DELPRA-PRA,36,5,35,7,34,296,33,2044,32,1680,35,394,36,1614,37,2274,38,3076,39,2350,35.5
2026-04-18 12:22:58 PM,KXATPCHALLENGERMATCH-26APR18DELPRA-PRA,36,5,35,7,34,296,33,2044,32,1680,35,430,36,1614,37,2274,38,3076,39,2350,35.5
2026-04-18 12:23:12 PM,KXATPCHALLENGERMATCH-26APR18DELPRA-PRA,36,5,35,7,34,296,33,2044,32,1680,35,430,36,1649,37,2274,38,3076,39,2350,35.5
2026-04-18 12:23:24 PM,KXATPCHALLENGERMATCH-26APR18DELPRA-PRA,36,5,35,7,34,296,33,2044,32,1680,35,430,36,1614,37,2274,38,3076,39,2350,35.5
2026-04-18 12:23:58 PM,KXATPCHALLENGERMATCH-26APR18DELPRA-PRA,36,5,35,7,34,296,33,2044,32,1680,35,450,36,1614,37,2274,38,3076,39,2350,35.5
2026-04-18 12:23:58 PM,KXATPCHALLENGERMATCH-26APR18DELPRA-PRA,36,5,35,7,34,296,33,2044,32,1680,35,450,36,1772,37,2274,38,3076,39,2350,35.5
2026-04-18 12:26:43 PM,KXATPCHALLENGERMATCH-26APR18DELPRA-PRA,36,5,35,7,34,286,33,2044,32,1680,35,450,36,1772,37,2274,38,3076,39,2350,35.5
2026-04-18 12:27:00 PM,KXATPCHALLENGERMATCH-26APR18DELPRA-PRA,36,5,35,7,34,286,33,2044,32,1680,35,423,36,1772,37,2274,38,3076,39,2350,35.5
2026-04-18 12:27:56 PM,KXATPCHALLENGERMATCH-26APR18DELPRA-PRA,36,5,35,7,34,286,33,2044,32,1680,35,410,36,1772,37,2274,38,3076,39,2350,35.5
2026-04-18 12:27:59 PM,KXATPCHALLENGERMATCH-26APR18DELPRA-PRA,36,5,35,7,34,296,33,2044,32,1680,35,410,36,1772,37,2274,38,3076,39,2350,35.5
2026-04-18 12:28:44 PM,KXATPCHALLENGERMATCH-26APR18DELPRA-PRA,36,5,35,7,34,296,33,2044,32,1680,35,397,36,1772,37,2274,38,3076,39,2350,35.5
2026-04-18 12:29:50 PM,KXATPCHALLENGERMATCH-26APR18DELPRA-PRA,36,5,35,7,34,286,33,2044,32,1680,35,397,36,1772,37,2274,38,3076,39,2350,35.5
2026-04-18 12:29:55 PM,KXATPCHALLENGERMATCH-26APR18DELPRA-PRA,36,5,35,7,34,286,33,2044,32,1680,35,397,36,1747,37,2274,38,3076,39,2350,35.5
2026-04-18 12:29:55 PM,KXATPCHALLENGERMATCH-26APR18DELPRA-PRA,36,5,35,7,34,286,33,2044,32,1680,35,435,36,1747,37,2274,38,3076,39,2350,35.5
2026-04-18 12:40:39 PM,KXATPCHALLENGERMATCH-26APR18DELPRA-PRA,36,5,35,7,34,286,33,2044,32,1680,35,435,36,1746,37,2274,38,3076,39,2350,35.5
2026-04-18 12:56:41 PM,KXATPCHALLENGERMATCH-26APR18DELPRA-PRA,36,5,35,7,34,286,33,2044,32,1680,35,475,36,1746,37,2274,38,3076,39,2350,35.5
2026-04-18 12:57:41 PM,KXATPCHALLENGERMATCH-26APR18DELPRA-PRA,36,5,35,7,34,286,33,2044,32,1680,35,1236,36,1746,37,2274,38,3076,39,2350,35.5
2026-04-18 12:57:41 PM,KXATPCHALLENGERMATCH-26APR18DELPRA-PRA,36,5,35,7,34,286,33,2044,32,1680,35,1236,36,1746,37,2274,38,2347,39,2350,35.5
2026-04-18 12:57:41 PM,KXATPCHALLENGERMATCH-26APR18DELPRA-PRA,36,5,35,7,34,286,33,2044,32,1185,35,1236,36,1746,37,2274,38,2347,39,2350,35.5
2026-04-18 12:57:41 PM,KXATPCHALLENGERMATCH-26APR18DELPRA-PRA,36,5,35,7,34,286,33,2044,32,1185,35,1236,36,1746,37,2274,38,1816,39,2350,35.5
2026-04-18 12:57:41 PM,KXATPCHALLENGERMATCH-26APR18DELPRA-PRA,36,5,35,7,34,286,33,1262,32,1185,35,1236,36,1746,37,2274,38,1816,39,2350,35.5
2026-04-18 12:57:41 PM,KXATPCHALLENGERMATCH-26APR18DELPRA-PRA,36,5,35,7,34,286,33,1262,32,1185,35,1236,36,1746,37,2274,38,1816,39,1997,35.5
2026-04-18 12:57:41 PM,KXATPCHALLENGERMATCH-26APR18DELPRA-PRA,36,5,35,7,34,286,33,817,32,1185,35,1236,36,1746,37,2274,38,1816,39,1997,35.5
2026-04-18 12:57:41 PM,KXATPCHALLENGERMATCH-26APR18DELPRA-PRA,36,5,35,7,34,286,33,817,32,1185,35,1236,36,1746,37,2274,38,1816,39,1470,35.5
2026-04-18 12:57:41 PM,KXATPCHALLENGERMATCH-26APR18DELPRA-PRA,36,5,35,7,34,286,33,817,32,402,35,1236,36,1746,37,2274,38,1816,39,1470,35.5
2026-04-18 12:57:41 PM,KXATPCHALLENGERMATCH-26APR18DELPRA-PRA,36,5,35,7,34,286,33,817,32,402,35,1236,36,1746,37,2274,38,1816,39,1246,35.5
2026-04-18 12:57:41 PM,KXATPCHALLENGERMATCH-26APR18DELPRA-PRA,36,5,35,7,34,286,33,817,32,402,35,1236,36,1613,37,2274,38,1816,39,1246,35.5
2026-04-18 12:57:41 PM,KXATPCHALLENGERMATCH-26APR18DELPRA-PRA,36,5,35,7,34,286,33,817,32,402,35,1236,36,1589,37,2274,38,1816,39,1246,35.5
2026-04-18 12:57:41 PM,KXATPCHALLENGERMATCH-26APR18DELPRA-PRA,36,5,35,7,34,286,33,817,32,402,35,1236,36,1569,37,2274,38,1816,39,1246,35.5
2026-04-18 12:57:41 PM,KXATPCHALLENGERMATCH-26APR18DELPRA-PRA,36,5,35,7,34,286,33,817,32,402,35,1236,36,1539,37,2274,38,1816,39,1246,35.5
2026-04-18 12:57:41 PM,KXATPCHALLENGERMATCH-26APR18DELPRA-PRA,36,5,35,7,34,286,33,817,32,402,35,1236,36,1512,37,2274,38,1816,39,1246,35.5
2026-04-18 12:57:41 PM,KXATPCHALLENGERMATCH-26APR18DELPRA-PRA,36,5,35,7,34,286,33,817,32,402,35,1236,36,1488,37,2274,38,1816,39,1246,35.5
2026-04-18 12:57:41 PM,KXATPCHALLENGERMATCH-26APR18DELPRA-PRA,36,5,35,7,34,286,33,817,32,402,35,1236,36,1488,37,2245,38,1816,39,1246,35.5
2026-04-18 12:57:41 PM,KXATPCHALLENGERMATCH-26APR18DELPRA-PRA,36,5,35,7,34,286,33,817,32,402,35,1236,36,1405,37,2245,38,1816,39,1246,35.5
2026-04-18 12:57:41 PM,KXATPCHALLENGERMATCH-26APR18DELPRA-PRA,36,5,35,7,34,286,33,817,32,402,35,1236,36,1405,37,2225,38,1816,39,1246,35.5
2026-04-18 12:57:41 PM,KXATPCHALLENGERMATCH-26APR18DELPRA-PRA,36,5,35,7,34,286,33,817,32,402,35,1236,36,1342,37,2225,38,1816,39,1246,35.5
2026-04-18 12:57:41 PM,KXATPCHALLENGERMATCH-26APR18DELPRA-PRA,36,5,35,7,34,286,33,817,32,402,35,1236,36,1322,37,2225,38,1816,39,1246,35.5
2026-04-18 12:57:41 PM,KXATPCHALLENGERMATCH-26APR18DELPRA-PRA,36,5,35,7,34,286,33,817,32,402,35,1236,36,1173,37,2225,38,1816,39,1246,35.5
2026-04-18 12:57:41 PM,KXATPCHALLENGERMATCH-26APR18DELPRA-PRA,36,5,35,7,34,286,33,817,32,402,35,1236,36,1075,37,2225,38,1816,39,1246,35.5
2026-04-18 12:57:41 PM,KXATPCHALLENGERMATCH-26APR18DELPRA-PRA,36,5,35,7,34,286,33,817,32,402,35,1236,36,1823,37,2225,38,1816,39,1246,35.5
2026-04-18 12:57:41 PM,KXATPCHALLENGERMATCH-26APR18DELPRA-PRA,36,5,35,7,34,11,33,817,32,402,35,1236,36,1823,37,2225,38,1816,39,1246,35.5
2026-04-18 12:57:41 PM,KXATPCHALLENGERMATCH-26APR18DELPRA-PRA,36,5,35,7,34,11,33,1092,32,402,35,1236,36,1823,37,2225,38,1816,39,1246,35.5
2026-04-18 12:57:41 PM,KXATPCHALLENGERMATCH-26APR18DELPRA-PRA,36,5,35,7,34,2,33,1092,32,402,35,1236,36,1823,37,2225,38,1816,39,1246,35.5
2026-04-18 12:57:41 PM,KXATPCHALLENGERMATCH-26APR18DELPRA-PRA,36,5,35,7,34,2,33,1092,32,413,35,1236,36,1823,37,2225,38,1816,39,1246,35.5
2026-04-18 12:57:41 PM,KXATPCHALLENGERMATCH-26APR18DELPRA-PRA,36,5,35,7,34,2,33,1092,32,413,35,1236,36,1548,37,2225,38,1816,39,1246,35.5
2026-04-18 12:57:41 PM,KXATPCHALLENGERMATCH-26APR18DELPRA-PRA,36,5,35,7,34,2,33,1092,32,413,35,1719,36,1548,37,2225,38,1816,39,1246,35.5
2026-04-18 12:57:41 PM,KXATPCHALLENGERMATCH-26APR18DELPRA-PRA,36,5,35,7,34,2,33,1092,32,413,35,1719,36,2087,37,2225,38,1816,39,1246,35.5
2026-04-18 12:57:41 PM,KXATPCHALLENGERMATCH-26APR18DELPRA-PRA,36,5,35,7,34,2,33,1092,32,413,35,1994,36,2087,37,2225,38,1816,39,1246,35.5
2026-04-18 12:57:41 PM,KXATPCHALLENGERMATCH-26APR18DELPRA-PRA,36,5,35,7,34,2,33,1092,32,413,35,1994,36,2087,37,2854,38,1816,39,1246,35.5
2026-04-18 12:57:41 PM,KXATPCHALLENGERMATCH-26APR18DELPRA-PRA,36,5,35,7,34,2,33,1092,32,413,35,1994,36,2087,37,2854,38,2455,39,1246,35.5
2026-04-18 12:57:41 PM,KXATPCHALLENGERMATCH-26APR18DELPRA-PRA,36,5,35,7,34,2,33,1092,32,413,35,2726,36,2087,37,2854,38,2455,39,1246,35.5
2026-04-18 12:57:41 PM,KXATPCHALLENGERMATCH-26APR18DELPRA-PRA,36,5,35,7,34,2,33,1092,32,1227,35,2726,36,2087,37,2854,38,2455,39,1246,35.5
2026-04-18 12:57:43 PM,KXATPCHALLENGERMATCH-26APR18DELPRA-PRA,36,5,35,7,34,2,33,292,32,1227,35,2726,36,2087,37,2854,38,2455,39,1246,35.5
2026-04-18 12:57:43 PM,KXATPCHALLENGERMATCH-26APR18DELPRA-PRA,36,5,35,7,34,2,33,292,32,1227,35,2726,36,1287,37,2854,38,2455,39,1246,35.5
2026-04-18 12:57:43 PM,KXATPCHALLENGERMATCH-26APR18DELPRA-PRA,36,5,35,7,34,2,33,292,32,1227,35,2726,36,1287,37,2854,38,2455,39,446,35.5
2026-04-18 12:57:43 PM,KXATPCHALLENGERMATCH-26APR18DELPRA-PRA,36,5,35,7,34,2,33,292,32,2027,35,2726,36,1287,37,2854,38,2455,39,446,35.5
2026-04-18 12:57:43 PM,KXATPCHALLENGERMATCH-26APR18DELPRA-PRA,36,5,35,7,34,2,33,292,32,2027,35,2726,36,1287,37,3654,38,2455,39,446,35.5
2026-04-18 12:57:43 PM,KXATPCHALLENGERMATCH-26APR18DELPRA-PRA,36,5,35,7,34,2,33,292,32,2027,35,3526,36,1287,37,3654,38,2455,39,446,35.5
2026-04-18 12:57:46 PM,KXATPCHALLENGERMATCH-26APR18DELPRA-PRA,36,5,35,7,34,2,33,292,32,2027,35,3526,36,1287,37,3654,38,2440,39,446,35.5
2026-04-18 12:57:46 PM,KXATPCHALLENGERMATCH-26APR18DELPRA-PRA,36,5,35,7,34,2,33,292,32,2027,35,3526,36,1291,37,3654,38,2440,39,446,35.5
2026-04-18 12:57:46 PM,KXATPCHALLENGERMATCH-26APR18DELPRA-PRA,36,5,35,7,34,2,33,292,32,2027,35,3526,36,1291,37,3654,38,1940,39,446,35.5
2026-04-18 12:57:46 PM,KXATPCHALLENGERMATCH-26APR18DELPRA-PRA,36,5,35,7,34,2,33,292,32,2027,35,3526,36,1291,37,3654,38,1669,39,446,35.5
2026-04-18 12:57:46 PM,KXATPCHALLENGERMATCH-26APR18DELPRA-PRA,36,5,35,7,34,2,33,292,32,2027,35,3526,36,1291,37,3654,38,1442,39,446,35.5
2026-04-18 12:57:46 PM,KXATPCHALLENGERMATCH-26APR18DELPRA-PRA,36,5,35,7,34,2,33,292,32,2027,35,3526,36,2291,37,3654,38,1442,39,446,35.5
2026-04-18 12:57:46 PM,KXATPCHALLENGERMATCH-26APR18DELPRA-PRA,36,5,35,7,34,2,33,292,32,2027,35,3526,36,2298,37,3654,38,1442,39,446,35.5
2026-04-18 12:58:04 PM,KXATPCHALLENGERMATCH-26APR18DELPRA-PRA,36,5,35,7,34,2,33,292,32,1227,35,3526,36,2298,37,3654,38,1442,39,446,35.5
2026-04-18 12:58:08 PM,KXATPCHALLENGERMATCH-26APR18DELPRA-PRA,36,5,35,7,34,2,33,292,32,827,35,3526,36,2298,37,3654,38,1442,39,446,35.5
2026-04-18 12:58:11 PM,KXATPCHALLENGERMATCH-26APR18DELPRA-PRA,36,5,35,7,34,2,33,292,32,827,35,3482,36,2298,37,3654,38,1442,39,446,35.5
2026-04-18 12:58:11 PM,KXATPCHALLENGERMATCH-26APR18DELPRA-PRA,36,5,35,7,34,2,33,292,32,827,35,3471,36,2298,37,3654,38,1442,39,446,35.5
2026-04-18 12:58:11 PM,KXATPCHALLENGERMATCH-26APR18DELPRA-PRA,36,5,35,7,34,2,33,292,32,827,35,3459,36,2298,37,3654,38,1442,39,446,35.5
2026-04-18 12:58:11 PM,KXATPCHALLENGERMATCH-26APR18DELPRA-PRA,36,5,35,7,34,2,33,292,32,827,35,3432,36,2298,37,3654,38,1442,39,446,35.5
2026-04-18 12:58:11 PM,KXATPCHALLENGERMATCH-26APR18DELPRA-PRA,36,5,35,7,34,2,33,292,32,827,35,3421,36,2298,37,3654,38,1442,39,446,35.5
2026-04-18 12:58:11 PM,KXATPCHALLENGERMATCH-26APR18DELPRA-PRA,36,5,35,7,34,2,33,292,32,827,35,3185,36,2298,37,3654,38,1442,39,446,35.5
2026-04-18 12:58:11 PM,KXATPCHALLENGERMATCH-26APR18DELPRA-PRA,36,5,35,7,34,2,33,292,32,827,35,3155,36,2298,37,3654,38,1442,39,446,35.5
2026-04-18 12:58:11 PM,KXATPCHALLENGERMATCH-26APR18DELPRA-PRA,36,5,35,7,34,2,33,292,32,827,35,2432,36,2298,37,3654,38,1442,39,446,35.5
2026-04-18 12:58:11 PM,KXATPCHALLENGERMATCH-26APR18DELPRA-PRA,36,5,35,7,34,2,33,292,32,827,34,1157,35,2432,36,2298,37,3654,38,1442,35.0
2026-04-18 12:58:11 PM,KXATPCHALLENGERMATCH-26APR18DELPRA-PRA,36,5,35,7,34,2,33,17,32,827,34,1157,35,2432,36,2298,37,3654,38,1442,35.0
2026-04-18 12:58:11 PM,KXATPCHALLENGERMATCH-26APR18DELPRA-PRA,36,5,35,7,34,2,33,17,32,1102,34,1157,35,2432,36,2298,37,3654,38,1442,35.0
2026-04-18 12:58:11 PM,KXATPCHALLENGERMATCH-26APR18DELPRA-PRA,36,5,35,7,34,2,33,17,32,1102,34,1157,35,2157,36,2298,37,3654,38,1442,35.0
2026-04-18 12:58:11 PM,KXATPCHALLENGERMATCH-26APR18DELPRA-PRA,36,5,35,7,34,2,33,17,32,1102,34,1432,35,2157,36,2298,37,3654,38,1442,35.0
2026-04-18 12:58:12 PM,KXATPCHALLENGERMATCH-26APR18DELPRA-PRA,36,5,35,7,34,2,33,17,32,1102,34,1432,35,2117,36,2298,37,3654,38,1442,35.0
2026-04-18 12:58:12 PM,KXATPCHALLENGERMATCH-26APR18DELPRA-PRA,36,5,35,7,34,2,33,17,32,1102,34,1472,35,2117,36,2298,37,3654,38,1442,35.0
2026-04-18 12:58:41 PM,KXATPCHALLENGERMATCH-26APR18DELPRA-PRA,36,5,35,7,34,2,33,17,32,1102,34,1472,35,2108,36,2298,37,3654,38,1442,35.0
2026-04-18 12:58:41 PM,KXATPCHALLENGERMATCH-26APR18DELPRA-PRA,36,5,35,7,34,2,33,17,32,1102,34,1472,35,2099,36,2298,37,3654,38,1442,35.0
2026-04-18 12:58:41 PM,KXATPCHALLENGERMATCH-26APR18DELPRA-PRA,36,5,35,7,34,2,33,17,32,1102,34,1472,35,2090,36,2298,37,3654,38,1442,35.0
2026-04-18 12:58:41 PM,KXATPCHALLENGERMATCH-26APR18DELPRA-PRA,36,5,35,7,34,2,33,17,32,1102,34,1472,35,2081,36,2298,37,3654,38,1442,35.0
2026-04-18 12:58:41 PM,KXATPCHALLENGERMATCH-26APR18DELPRA-PRA,36,5,35,7,34,2,33,17,32,1102,34,1472,35,2072,36,2298,37,3654,38,1442,35.0
2026-04-18 12:58:41 PM,KXATPCHALLENGERMATCH-26APR18DELPRA-PRA,36,5,35,7,34,2,33,17,32,1102,34,1472,35,2064,36,2298,37,3654,38,1442,35.0
2026-04-18 12:58:41 PM,KXATPCHALLENGERMATCH-26APR18DELPRA-PRA,36,5,35,7,34,2,33,17,32,1102,34,1472,35,2055,36,2298,37,3654,38,1442,35.0
2026-04-18 12:58:53 PM,KXATPCHALLENGERMATCH-26APR18DELPRA-PRA,36,5,35,7,34,2,33,17,32,1102,34,1471,35,2055,36,2298,37,3654,38,1442,35.0
2026-04-18 12:59:12 PM,KXATPCHALLENGERMATCH-26APR18DELPRA-PRA,36,5,35,7,34,2,33,17,32,1102,34,1472,35,2055,36,2298,37,3654,38,1442,35.0
2026-04-18 12:59:37 PM,KXATPCHALLENGERMATCH-26APR18DELPRA-PRA,36,5,35,7,34,2,33,27,32,1102,34,1472,35,2055,36,2298,37,3654,38,1442,35.0
2026-04-18 12:59:51 PM,KXATPCHALLENGERMATCH-26APR18DELPRA-PRA,36,5,35,7,34,2,33,27,32,1102,34,1479,35,2055,36,2298,37,3654,38,1442,35.0
2026-04-18 01:03:07 PM,KXATPCHALLENGERMATCH-26APR18DELPRA-PRA,36,5,35,7,34,2,33,27,32,1772,34,1479,35,2055,36,2298,37,3654,38,1442,35.0
2026-04-18 01:06:24 PM,KXATPCHALLENGERMATCH-26APR18DELPRA-PRA,36,5,35,7,34,2,33,27,32,1772,34,1471,35,2055,36,2298,37,3654,38,1442,35.0
2026-04-18 01:07:44 PM,KXATPCHALLENGERMATCH-26APR18DELPRA-PRA,36,5,35,7,34,2,33,17,32,1772,34,1471,35,2055,36,2298,37,3654,38,1442,35.0
2026-04-18 01:07:45 PM,KXATPCHALLENGERMATCH-26APR18DELPRA-PRA,36,5,35,7,34,2,33,17,32,1772,34,1471,35,2055,36,2298,37,3664,38,1442,35.0
2026-04-18 01:07:45 PM,KXATPCHALLENGERMATCH-26APR18DELPRA-PRA,36,5,35,7,34,2,33,17,32,1772,34,1471,35,2055,36,2298,37,3674,38,1442,35.0
2026-04-18 01:08:00 PM,KXATPCHALLENGERMATCH-26APR18DELPRA-PRA,36,5,35,7,34,2,33,17,32,1772,34,1471,35,2055,36,2298,37,3663,38,1442,35.0
2026-04-18 01:08:00 PM,KXATPCHALLENGERMATCH-26APR18DELPRA-PRA,36,5,35,7,34,2,33,17,32,1772,34,1242,35,2055,36,2298,37,3663,38,1442,35.0
2026-04-18 01:08:00 PM,KXATPCHALLENGERMATCH-26APR18DELPRA-PRA,36,5,35,7,34,2,33,17,32,1772,34,1242,35,2066,36,2298,37,3663,38,1442,35.0
2026-04-18 01:08:00 PM,KXATPCHALLENGERMATCH-26APR18DELPRA-PRA,36,5,35,7,34,2,33,17,32,1772,34,1242,35,2055,36,2298,37,3663,38,1442,35.0
2026-04-18 01:08:00 PM,KXATPCHALLENGERMATCH-26APR18DELPRA-PRA,36,5,35,7,34,2,33,17,32,1772,34,1242,35,1294,36,2298,37,3663,38,1442,35.0
2026-04-18 01:08:01 PM,KXATPCHALLENGERMATCH-26APR18DELPRA-PRA,36,5,35,7,34,2,33,17,32,1772,34,1242,35,1294,36,2298,37,3674,38,1442,35.0
2026-04-18 01:09:10 PM,KXATPCHALLENGERMATCH-26APR18DELPRA-PRA,36,5,35,7,34,2,33,17,32,1772,34,1241,35,1294,36,2298,37,3674,38,1442,35.0
2026-04-18 01:09:17 PM,KXATPCHALLENGERMATCH-26APR18DELPRA-PRA,36,5,35,7,34,2,33,16,32,1772,34,1241,35,1294,36,2298,37,3674,38,1442,35.0
2026-04-18 01:09:17 PM,KXATPCHALLENGERMATCH-26APR18DELPRA-PRA,36,5,35,7,34,2,33,16,32,1771,34,1241,35,1294,36,2298,37,3674,38,1442,35.0
2026-04-18 01:10:06 PM,KXATPCHALLENGERMATCH-26APR18DELPRA-PRA,36,5,35,7,34,2,33,16,32,1771,34,1236,35,1294,36,2298,37,3674,38,1442,35.0
2026-04-18 01:10:42 PM,KXATPCHALLENGERMATCH-26APR18DELPRA-PRA,36,5,35,7,34,2,33,16,32,1773,34,1236,35,1294,36,2298,37,3674,38,1442,35.0
2026-04-18 01:12:38 PM,KXATPCHALLENGERMATCH-26APR18DELPRA-PRA,36,5,35,7,34,2,33,16,32,1773,34,1336,35,1294,36,2298,37,3674,38,1442,35.0
2026-04-18 01:14:50 PM,KXATPCHALLENGERMATCH-26APR18DELPRA-PRA,36,5,35,7,34,2,33,16,32,1773,34,1329,35,1294,36,2298,37,3674,38,1442,35.0
2026-04-18 01:21:34 PM,KXATPCHALLENGERMATCH-26APR18DELPRA-PRA,36,5,35,7,34,2,33,16,32,1773,34,1329,35,494,36,2298,37,3674,38,1442,35.0
2026-04-18 01:21:34 PM,KXATPCHALLENGERMATCH-26APR18DELPRA-PRA,36,5,35,7,34,2,33,16,32,1773,34,1329,35,494,36,2298,37,3674,38,642,35.0
2026-04-18 01:21:34 PM,KXATPCHALLENGERMATCH-26APR18DELPRA-PRA,36,5,35,7,34,2,33,16,32,1773,34,2129,35,494,36,2298,37,3674,38,642,35.0
2026-04-18 01:21:34 PM,KXATPCHALLENGERMATCH-26APR18DELPRA-PRA,36,5,35,7,34,2,33,16,32,1773,34,2129,35,494,36,3098,37,3674,38,642,35.0
2026-04-18 01:22:43 PM,KXATPCHALLENGERMATCH-26APR18DELPRA-PRA,36,5,35,7,34,2,33,1516,32,1773,34,2129,35,494,36,3098,37,3674,38,642,35.0
2026-04-18 01:22:43 PM,KXATPCHALLENGERMATCH-26APR18DELPRA-PRA,36,5,35,7,34,2,33,1516,32,1498,34,2129,35,494,36,3098,37,3674,38,642,35.0
2026-04-18 01:22:43 PM,KXATPCHALLENGERMATCH-26APR18DELPRA-PRA,36,5,35,7,34,2,33,1791,32,1498,34,2129,35,494,36,3098,37,3674,38,642,35.0
2026-04-18 01:22:43 PM,KXATPCHALLENGERMATCH-26APR18DELPRA-PRA,36,5,35,7,34,2,33,1791,32,1498,34,1854,35,494,36,3098,37,3674,38,642,35.0
2026-04-18 01:22:43 PM,KXATPCHALLENGERMATCH-26APR18DELPRA-PRA,36,5,35,7,34,2,33,1791,32,1498,34,1854,35,769,36,3098,37,3674,38,642,35.0
2026-04-18 01:23:46 PM,KXATPCHALLENGERMATCH-26APR18DELPRA-PRA,36,5,35,7,34,2,33,1791,32,1498,34,1860,35,769,36,3098,37,3674,38,642,35.0
2026-04-18 01:26:17 PM,KXATPCHALLENGERMATCH-26APR18DELPRA-PRA,36,5,35,7,34,2,33,1791,32,1498,34,1810,35,769,36,3098,37,3674,38,642,35.0
2026-04-18 01:30:35 PM,KXATPCHALLENGERMATCH-26APR18DELPRA-PRA,36,5,35,7,34,2,33,1791,32,1498,34,1810,35,769,36,2098,37,3674,38,642,35.0
2026-04-18 01:30:35 PM,KXATPCHALLENGERMATCH-26APR18DELPRA-PRA,36,5,35,7,34,2,33,1791,32,1498,34,1810,35,769,36,2098,37,2900,38,642,35.0
2026-04-18 01:30:35 PM,KXATPCHALLENGERMATCH-26APR18DELPRA-PRA,36,5,35,7,34,2,33,1791,32,1498,34,1810,35,769,36,2098,37,2898,38,642,35.0
2026-04-18 01:30:35 PM,KXATPCHALLENGERMATCH-26APR18DELPRA-PRA,36,5,35,7,34,2,33,1791,32,1498,34,1810,35,769,36,2098,37,2874,38,642,35.0
2026-04-18 01:30:35 PM,KXATPCHALLENGERMATCH-26APR18DELPRA-PRA,36,5,35,7,34,2,33,1791,32,1498,34,1810,35,769,36,2098,37,2830,38,642,35.0
2026-04-18 01:30:35 PM,KXATPCHALLENGERMATCH-26APR18DELPRA-PRA,36,5,35,7,34,2,33,1791,32,1498,34,1810,35,769,36,2098,37,2821,38,642,35.0
2026-04-18 01:30:35 PM,KXATPCHALLENGERMATCH-26APR18DELPRA-PRA,36,5,35,7,34,2,33,1791,32,1498,34,1810,35,769,36,2098,37,2820,38,642,35.0
2026-04-18 01:30:35 PM,KXATPCHALLENGERMATCH-26APR18DELPRA-PRA,36,5,35,7,34,2,33,1791,32,1498,34,1810,35,769,36,2098,37,2790,38,642,35.0
2026-04-18 01:30:35 PM,KXATPCHALLENGERMATCH-26APR18DELPRA-PRA,36,5,35,7,34,2,33,1791,32,1498,34,1810,35,769,36,2098,37,2765,38,642,35.0
2026-04-18 01:30:35 PM,KXATPCHALLENGERMATCH-26APR18DELPRA-PRA,36,5,35,7,34,2,33,1791,32,1498,34,1810,35,769,36,2098,37,2760,38,642,35.0
2026-04-18 01:30:35 PM,KXATPCHALLENGERMATCH-26APR18DELPRA-PRA,36,5,35,7,34,2,33,1791,32,1498,34,1810,35,769,36,2098,37,2759,38,642,35.0
2026-04-18 01:30:35 PM,KXATPCHALLENGERMATCH-26APR18DELPRA-PRA,36,5,35,7,34,2,33,1791,32,1498,34,1810,35,769,36,2098,37,2728,38,642,35.0
2026-04-18 01:30:35 PM,KXATPCHALLENGERMATCH-26APR18DELPRA-PRA,36,5,35,7,34,2,33,1791,32,1498,34,1810,35,769,36,2098,37,2676,38,642,35.0
2026-04-18 01:30:35 PM,KXATPCHALLENGERMATCH-26APR18DELPRA-PRA,36,5,35,7,34,2,33,1791,32,1498,34,2310,35,769,36,2098,37,2676,38,642,35.0
2026-04-18 01:30:35 PM,KXATPCHALLENGERMATCH-26APR18DELPRA-PRA,36,5,35,7,34,2,33,1791,32,1498,34,2310,35,1269,36,2098,37,2676,38,642,35.0
2026-04-18 01:34:24 PM,KXATPCHALLENGERMATCH-26APR18DELPRA-PRA,36,5,35,7,34,2,33,1791,32,1498,34,2310,35,1269,36,2098,37,2665,38,642,35.0
2026-04-18 01:34:24 PM,KXATPCHALLENGERMATCH-26APR18DELPRA-PRA,36,5,35,7,34,2,33,1791,32,1498,34,2310,35,1280,36,2098,37,2665,38,642,35.0
2026-04-18 01:36:35 PM,KXATPCHALLENGERMATCH-26APR18DELPRA-PRA,36,5,35,7,34,2,33,1776,32,1498,34,2310,35,1280,36,2098,37,2665,38,642,35.0
2026-04-18 01:36:35 PM,KXATPCHALLENGERMATCH-26APR18DELPRA-PRA,36,5,35,7,34,2,33,1776,32,1498,34,2310,35,1280,36,2094,37,2665,38,642,35.0
2026-04-18 01:36:35 PM,KXATPCHALLENGERMATCH-26APR18DELPRA-PRA,36,5,35,7,34,2,33,1776,32,1498,34,2310,35,1280,36,2087,37,2665,38,642,35.0
2026-04-18 01:36:35 PM,KXATPCHALLENGERMATCH-26APR18DELPRA-PRA,36,5,35,7,34,2,33,1776,32,1498,34,2321,35,1280,36,2087,37,2665,38,642,35.0
2026-04-18 01:38:45 PM,KXATPCHALLENGERMATCH-26APR18DELPRA-PRA,36,5,35,7,34,2,33,1776,32,1498,34,2315,35,1280,36,2087,37,2665,38,642,35.0
2026-04-18 01:42:59 PM,KXATPCHALLENGERMATCH-26APR18DELPRA-PRA,36,5,35,7,34,2,33,1776,32,1498,34,2415,35,1280,36,2087,37,2665,38,642,35.0
2026-04-18 01:43:05 PM,KXATPCHALLENGERMATCH-26APR18DELPRA-PRA,36,5,35,7,34,2,33,1776,32,1498,34,2415,35,1280,36,2087,37,2675,38,642,35.0
2026-04-18 01:43:10 PM,KXATPCHALLENGERMATCH-26APR18DELPRA-PRA,36,5,35,7,34,2,33,1776,32,1498,34,2415,35,1280,36,2087,37,2775,38,642,35.0
2026-04-18 01:53:05 PM,KXATPCHALLENGERMATCH-26APR18DELPRA-PRA,36,5,35,7,34,2,33,1776,32,1498,34,2415,35,1280,36,2087,37,2765,38,642,35.0
2026-04-18 01:53:05 PM,KXATPCHALLENGERMATCH-26APR18DELPRA-PRA,36,5,35,7,34,2,33,1776,32,1498,34,2415,35,1280,36,2087,37,2775,38,642,35.0
2026-04-18 01:53:09 PM,KXATPCHALLENGERMATCH-26APR18DELPRA-PRA,36,5,35,7,34,2,33,1776,32,1498,34,2415,35,1280,36,2087,37,2675,38,642,35.0
2026-04-18 01:54:50 PM,KXATPCHALLENGERMATCH-26APR18DELPRA-PRA,36,5,35,7,34,2,33,1776,32,1498,34,2401,35,1280,36,2087,37,2675,38,642,35.0
2026-04-18 01:54:50 PM,KXATPCHALLENGERMATCH-26APR18DELPRA-PRA,36,5,35,7,34,2,33,1776,32,1498,34,2401,35,1280,36,2087,37,2775,38,642,35.0
2026-04-18 01:56:33 PM,KXATPCHALLENGERMATCH-26APR18DELPRA-PRA,36,5,35,7,34,2,33,1776,32,1498,34,2401,35,1280,36,2087,37,2675,38,642,35.0
2026-04-18 01:56:33 PM,KXATPCHALLENGERMATCH-26APR18DELPRA-PRA,36,5,35,7,34,2,33,1776,32,1498,34,2401,35,1280,36,2087,37,2665,38,642,35.0
2026-04-18 01:56:33 PM,KXATPCHALLENGERMATCH-26APR18DELPRA-PRA,36,5,35,7,34,2,33,1776,32,1498,34,2401,35,1280,36,2087,37,2765,38,642,35.0
2026-04-18 01:56:33 PM,KXATPCHALLENGERMATCH-26APR18DELPRA-PRA,36,5,35,7,34,2,33,1776,32,1498,34,2401,35,1280,36,2087,37,2665,38,642,35.0
2026-04-18 01:56:42 PM,KXATPCHALLENGERMATCH-26APR18DELPRA-PRA,36,5,35,7,34,2,33,1776,32,1498,34,2401,35,1280,36,2087,37,2765,38,642,35.0
2026-04-18 01:56:46 PM,KXATPCHALLENGERMATCH-26APR18DELPRA-PRA,36,5,35,7,34,2,33,1776,32,1498,34,2401,35,1280,36,2087,37,2775,38,642,35.0
2026-04-18 02:00:43 PM,KXATPCHALLENGERMATCH-26APR18DELPRA-PRA,36,5,35,7,34,2,33,1776,32,1498,34,2332,35,1280,36,2087,37,2775,38,642,35.0
2026-04-18 02:00:43 PM,KXATPCHALLENGERMATCH-26APR18DELPRA-PRA,36,5,35,7,34,2,33,1776,32,1498,34,2359,35,1280,36,2087,37,2775,38,642,35.0
2026-04-18 02:03:09 PM,KXATPCHALLENGERMATCH-26APR18DELPRA-PRA,36,5,35,7,34,2,33,3273,32,1498,34,2359,35,1280,36,2087,37,2775,38,642,35.0
2026-04-18 02:06:42 PM,KXATPCHALLENGERMATCH-26APR18DELPRA-PRA,36,5,35,7,34,2,33,3273,32,1498,34,2359,35,1280,36,2087,37,2675,38,642,35.0
2026-04-18 02:06:46 PM,KXATPCHALLENGERMATCH-26APR18DELPRA-PRA,36,5,35,7,34,2,33,3273,32,1498,34,2359,35,1280,36,2087,37,2665,38,642,35.0
2026-04-18 02:06:46 PM,KXATPCHALLENGERMATCH-26APR18DELPRA-PRA,36,5,35,7,34,2,33,3273,32,1498,34,2359,35,1280,36,2087,37,2765,38,642,35.0
2026-04-18 02:06:46 PM,KXATPCHALLENGERMATCH-26APR18DELPRA-PRA,36,5,35,7,34,2,33,3273,32,1498,34,2359,35,1280,36,2087,37,2775,38,642,35.0
2026-04-18 02:06:57 PM,KXATPCHALLENGERMATCH-26APR18DELPRA-PRA,36,5,35,7,34,2,33,3273,32,1498,34,2354,35,1280,36,2087,37,2775,38,642,35.0
2026-04-18 02:09:19 PM,KXATPCHALLENGERMATCH-26APR18DELPRA-PRA,36,5,35,7,34,2,33,3273,32,1498,34,2216,35,1280,36,2087,37,2775,38,642,35.0
2026-04-18 02:09:19 PM,KXATPCHALLENGERMATCH-26APR18DELPRA-PRA,36,5,35,7,34,2,33,3273,32,1498,34,2246,35,1280,36,2087,37,2775,38,642,35.0
2026-04-18 02:10:38 PM,KXATPCHALLENGERMATCH-26APR18DELPRA-PRA,36,5,35,7,34,2,33,3273,32,1498,34,2241,35,1280,36,2087,37,2775,38,642,35.0
2026-04-18 02:16:46 PM,KXATPCHALLENGERMATCH-26APR18DELPRA-PRA,36,5,35,7,34,2,33,3273,32,1498,34,2241,35,1280,36,2087,37,2765,38,642,35.0
2026-04-18 02:16:46 PM,KXATPCHALLENGERMATCH-26APR18DELPRA-PRA,36,5,35,7,34,2,33,3273,32,1498,34,2241,35,1280,36,2087,37,2665,38,642,35.0
2026-04-18 02:16:46 PM,KXATPCHALLENGERMATCH-26APR18DELPRA-PRA,36,5,35,7,34,2,33,3273,32,1498,34,2241,35,1280,36,2087,37,2675,38,642,35.0
2026-04-18 02:16:46 PM,KXATPCHALLENGERMATCH-26APR18DELPRA-PRA,36,5,35,7,34,2,33,3273,32,1498,34,2241,35,1280,36,2087,37,2775,38,642,35.0
2026-04-18 02:21:43 PM,KXATPCHALLENGERMATCH-26APR18DELPRA-PRA,36,5,35,7,34,2,33,3273,32,1498,34,2241,35,1780,36,2087,37,2775,38,642,35.0
2026-04-18 02:21:56 PM,KXATPCHALLENGERMATCH-26APR18DELPRA-PRA,36,5,35,7,34,2,33,3273,32,1498,34,2241,35,1780,36,3087,37,2775,38,642,35.0
2026-04-18 02:26:46 PM,KXATPCHALLENGERMATCH-26APR18DELPRA-PRA,36,5,35,7,34,2,33,3273,32,1498,34,2241,35,1780,36,3087,37,2675,38,642,35.0
2026-04-18 02:26:46 PM,KXATPCHALLENGERMATCH-26APR18DELPRA-PRA,36,5,35,7,34,2,33,3273,32,1498,34,2241,35,1780,36,3087,37,2665,38,642,35.0
2026-04-18 02:26:46 PM,KXATPCHALLENGERMATCH-26APR18DELPRA-PRA,36,5,35,7,34,2,33,3273,32,1498,34,2241,35,1780,36,3087,37,2765,38,642,35.0
