ts_et,ticker,bid_1,bid_1_sz,bid_2,bid_2_sz,bid_3,bid_3_sz,bid_4,bid_4_sz,bid_5,bid_5_sz,ask_1,ask_1_sz,ask_2,ask_2_sz,ask_3,ask_3_sz,ask_4,ask_4_sz,ask_5,ask_5_sz,mid
2026-04-18 11:23:53 AM,KXATPCHALLENGERMATCH-26APR18TUNIVA-TUN,49,800,47,800,46,800,6,116,5,194,72,800,74,800,75,800,89,1,94,15,60.5
2026-04-18 11:32:06 AM,KXATPCHALLENGERMATCH-26APR18TUNIVA-TUN,56,132,49,800,47,800,46,800,6,116,72,800,74,800,75,800,89,1,94,15,64.0
2026-04-18 11:32:06 AM,KXATPCHALLENGERMATCH-26APR18TUNIVA-TUN,56,132,49,800,47,800,46,800,6,116,64,117,72,800,74,800,75,800,89,1,60.0
2026-04-18 11:32:06 AM,KXATPCHALLENGERMATCH-26APR18TUNIVA-TUN,56,132,49,800,47,800,46,800,6,116,63,167,64,117,72,800,74,800,75,800,59.5
2026-04-18 11:32:06 AM,KXATPCHALLENGERMATCH-26APR18TUNIVA-TUN,57,194,56,132,49,800,47,800,46,800,63,167,64,117,72,800,74,800,75,800,60.0
2026-04-18 11:32:06 AM,KXATPCHALLENGERMATCH-26APR18TUNIVA-TUN,57,324,56,132,49,800,47,800,46,800,63,167,64,117,72,800,74,800,75,800,60.0
2026-04-18 11:32:06 AM,KXATPCHALLENGERMATCH-26APR18TUNIVA-TUN,57,324,56,220,49,800,47,800,46,800,63,167,64,117,72,800,74,800,75,800,60.0
2026-04-18 11:32:06 AM,KXATPCHALLENGERMATCH-26APR18TUNIVA-TUN,57,324,56,220,49,800,47,800,46,800,63,278,64,117,72,800,74,800,75,800,60.0
2026-04-18 11:32:06 AM,KXATPCHALLENGERMATCH-26APR18TUNIVA-TUN,57,324,56,220,49,800,47,800,46,800,63,278,64,197,72,800,74,800,75,800,60.0
2026-04-18 11:32:47 AM,KXATPCHALLENGERMATCH-26APR18TUNIVA-TUN,57,324,56,220,54,500,49,800,47,800,63,278,64,197,72,800,74,800,75,800,60.0
2026-04-18 11:33:53 AM,KXATPCHALLENGERMATCH-26APR18TUNIVA-TUN,57,324,56,220,54,500,49,800,46,800,63,278,64,197,72,800,74,800,75,800,60.0
2026-04-18 11:33:53 AM,KXATPCHALLENGERMATCH-26APR18TUNIVA-TUN,57,324,56,220,54,500,49,800,6,116,63,278,64,197,72,800,74,800,75,800,60.0
2026-04-18 11:33:53 AM,KXATPCHALLENGERMATCH-26APR18TUNIVA-TUN,57,324,56,220,54,500,6,116,5,194,63,278,64,197,72,800,74,800,75,800,60.0
2026-04-18 11:33:53 AM,KXATPCHALLENGERMATCH-26APR18TUNIVA-TUN,57,324,56,220,54,500,6,116,5,194,63,278,64,197,74,800,75,800,89,1,60.0
2026-04-18 11:33:53 AM,KXATPCHALLENGERMATCH-26APR18TUNIVA-TUN,57,324,56,220,54,500,6,116,5,194,63,278,64,197,75,800,89,1,94,15,60.0
2026-04-18 11:33:53 AM,KXATPCHALLENGERMATCH-26APR18TUNIVA-TUN,57,324,56,220,54,500,6,116,5,194,63,278,64,197,89,1,94,15,95,26,60.0
2026-04-18 11:33:53 AM,KXATPCHALLENGERMATCH-26APR18TUNIVA-TUN,58,800,57,324,56,220,54,500,6,116,63,278,64,197,89,1,94,15,95,26,60.5
2026-04-18 11:33:53 AM,KXATPCHALLENGERMATCH-26APR18TUNIVA-TUN,58,800,57,324,56,1020,54,500,6,116,63,278,64,197,89,1,94,15,95,26,60.5
2026-04-18 11:33:53 AM,KXATPCHALLENGERMATCH-26APR18TUNIVA-TUN,58,800,57,1124,56,1020,54,500,6,116,63,278,64,197,89,1,94,15,95,26,60.5
2026-04-18 11:33:53 AM,KXATPCHALLENGERMATCH-26APR18TUNIVA-TUN,58,800,57,1124,56,1020,54,500,6,116,62,800,63,278,64,197,89,1,94,15,60.0
2026-04-18 11:33:53 AM,KXATPCHALLENGERMATCH-26APR18TUNIVA-TUN,58,800,57,1124,56,1020,54,500,6,116,62,800,63,278,64,197,65,800,89,1,60.0
2026-04-18 11:33:53 AM,KXATPCHALLENGERMATCH-26APR18TUNIVA-TUN,58,800,57,1124,56,1020,54,500,6,116,62,800,63,278,64,997,65,800,89,1,60.0
2026-04-18 11:34:03 AM,KXATPCHALLENGERMATCH-26APR18TUNIVA-TUN,58,800,57,1124,56,1020,54,500,6,116,62,800,63,278,64,997,65,800,84,1,60.0
2026-04-18 11:38:43 AM,KXATPCHALLENGERMATCH-26APR18TUNIVA-TUN,58,798,57,1124,56,1020,54,500,6,116,62,800,63,278,64,997,65,800,84,1,60.0
2026-04-18 11:38:44 AM,KXATPCHALLENGERMATCH-26APR18TUNIVA-TUN,58,800,57,1124,56,1020,54,500,6,116,62,800,63,278,64,997,65,800,84,1,60.0
2026-04-18 11:39:22 AM,KXATPCHALLENGERMATCH-26APR18TUNIVA-TUN,58,800,57,1124,56,1020,54,500,6,116,62,750,63,278,64,997,65,800,84,1,60.0
2026-04-18 11:39:24 AM,KXATPCHALLENGERMATCH-26APR18TUNIVA-TUN,58,800,57,1124,56,1020,54,500,6,116,62,800,63,278,64,997,65,800,84,1,60.0
2026-04-18 11:57:18 AM,KXATPCHALLENGERMATCH-26APR18TUNIVA-TUN,58,800,57,1124,56,1020,54,500,6,116,62,799,63,278,64,997,65,800,84,1,60.0
2026-04-18 11:57:18 AM,KXATPCHALLENGERMATCH-26APR18TUNIVA-TUN,58,800,57,1124,56,1020,54,500,6,116,62,800,63,278,64,997,65,800,84,1,60.0
2026-04-18 12:00:06 PM,KXATPCHALLENGERMATCH-26APR18TUNIVA-TUN,58,900,57,1124,56,1020,54,500,6,116,62,800,63,278,64,997,65,800,84,1,60.0
2026-04-18 12:00:06 PM,KXATPCHALLENGERMATCH-26APR18TUNIVA-TUN,58,900,57,1124,56,1020,54,500,6,116,62,1300,63,278,64,997,65,800,84,1,60.0
2026-04-18 12:00:20 PM,KXATPCHALLENGERMATCH-26APR18TUNIVA-TUN,58,900,57,1124,56,1020,54,500,6,116,62,800,63,278,64,997,65,800,84,1,60.0
2026-04-18 12:00:20 PM,KXATPCHALLENGERMATCH-26APR18TUNIVA-TUN,58,800,57,1124,56,1020,54,500,6,116,62,800,63,278,64,997,65,800,84,1,60.0
2026-04-18 12:04:39 PM,KXATPCHALLENGERMATCH-26APR18TUNIVA-TUN,58,800,57,1124,56,1020,55,170,54,500,62,800,63,278,64,997,65,800,84,1,60.0
2026-04-18 12:04:39 PM,KXATPCHALLENGERMATCH-26APR18TUNIVA-TUN,58,800,57,1124,56,1020,55,170,54,500,62,800,63,278,64,997,65,1068,84,1,60.0
2026-04-18 12:05:25 PM,KXATPCHALLENGERMATCH-26APR18TUNIVA-TUN,58,800,57,1124,56,1020,55,170,54,500,62,800,63,278,64,997,65,1068,71,2000,60.0
2026-04-18 12:06:48 PM,KXATPCHALLENGERMATCH-26APR18TUNIVA-TUN,58,800,57,1138,56,1020,55,170,54,500,62,800,63,278,64,997,65,1068,71,2000,60.0
2026-04-18 12:07:22 PM,KXATPCHALLENGERMATCH-26APR18TUNIVA-TUN,58,800,57,1138,56,1029,55,170,54,500,62,800,63,278,64,997,65,1068,71,2000,60.0
2026-04-18 12:07:22 PM,KXATPCHALLENGERMATCH-26APR18TUNIVA-TUN,58,800,57,1138,56,1029,55,170,54,500,62,800,63,292,64,997,65,1068,71,2000,60.0
2026-04-18 12:07:22 PM,KXATPCHALLENGERMATCH-26APR18TUNIVA-TUN,58,800,57,1138,56,1029,55,170,54,500,62,800,63,292,64,1006,65,1068,71,2000,60.0
2026-04-18 12:07:22 PM,KXATPCHALLENGERMATCH-26APR18TUNIVA-TUN,58,800,57,1138,56,1029,55,170,54,500,62,800,63,292,64,1006,65,1068,84,1,60.0
2026-04-18 12:07:22 PM,KXATPCHALLENGERMATCH-26APR18TUNIVA-TUN,58,800,57,1138,56,1029,55,170,54,500,62,800,63,292,64,1006,65,1068,70,2000,60.0
2026-04-18 12:12:15 PM,KXATPCHALLENGERMATCH-26APR18TUNIVA-TUN,58,800,57,1138,56,1029,55,170,54,500,62,769,63,292,64,1006,65,1068,70,2000,60.0
2026-04-18 12:12:16 PM,KXATPCHALLENGERMATCH-26APR18TUNIVA-TUN,58,800,57,1138,56,1029,55,170,54,500,62,768,63,292,64,1006,65,1068,70,2000,60.0
2026-04-18 12:12:16 PM,KXATPCHALLENGERMATCH-26APR18TUNIVA-TUN,58,800,57,1138,56,1029,55,170,54,500,62,801,63,292,64,1006,65,1068,70,2000,60.0
2026-04-18 12:16:56 PM,KXATPCHALLENGERMATCH-26APR18TUNIVA-TUN,58,800,57,1138,56,1029,55,170,54,500,62,800,63,292,64,1006,65,1068,70,2000,60.0
2026-04-18 12:16:57 PM,KXATPCHALLENGERMATCH-26APR18TUNIVA-TUN,58,800,57,1138,56,1029,55,170,54,500,62,767,63,292,64,1006,65,1068,70,2000,60.0
2026-04-18 12:16:57 PM,KXATPCHALLENGERMATCH-26APR18TUNIVA-TUN,58,800,57,1138,56,1029,55,170,54,500,62,801,63,292,64,1006,65,1068,70,2000,60.0
2026-04-18 12:30:19 PM,KXATPCHALLENGERMATCH-26APR18TUNIVA-TUN,58,800,57,1138,56,1029,55,170,54,500,62,725,63,292,64,1006,65,1068,70,2000,60.0
2026-04-18 12:30:21 PM,KXATPCHALLENGERMATCH-26APR18TUNIVA-TUN,58,800,57,1138,56,1029,55,170,54,500,62,691,63,292,64,1006,65,1068,70,2000,60.0
2026-04-18 12:30:21 PM,KXATPCHALLENGERMATCH-26APR18TUNIVA-TUN,58,800,57,1138,56,1029,55,170,54,500,62,801,63,292,64,1006,65,1068,70,2000,60.0
2026-04-18 12:35:10 PM,KXATPCHALLENGERMATCH-26APR18TUNIVA-TUN,58,800,57,1312,56,1029,55,170,54,500,62,801,63,292,64,1006,65,1068,70,2000,60.0
2026-04-18 12:35:10 PM,KXATPCHALLENGERMATCH-26APR18TUNIVA-TUN,58,800,57,1312,56,1206,55,170,54,500,62,801,63,292,64,1006,65,1068,70,2000,60.0
2026-04-18 12:35:10 PM,KXATPCHALLENGERMATCH-26APR18TUNIVA-TUN,58,800,57,1312,56,1206,55,311,54,500,62,801,63,292,64,1006,65,1068,70,2000,60.0
2026-04-18 12:35:10 PM,KXATPCHALLENGERMATCH-26APR18TUNIVA-TUN,58,800,57,1312,56,1206,55,311,54,500,62,1665,63,292,64,1006,65,1068,70,2000,60.0
2026-04-18 12:35:10 PM,KXATPCHALLENGERMATCH-26APR18TUNIVA-TUN,58,800,57,1312,56,1206,55,311,54,500,62,1665,63,707,64,1006,65,1068,70,2000,60.0
2026-04-18 12:35:10 PM,KXATPCHALLENGERMATCH-26APR18TUNIVA-TUN,58,800,57,1312,56,1206,55,311,54,500,62,1665,63,707,64,1419,65,1068,70,2000,60.0
2026-04-18 12:35:10 PM,KXATPCHALLENGERMATCH-26APR18TUNIVA-TUN,58,800,57,1312,56,1206,55,311,54,500,62,1665,63,707,64,1419,65,1068,76,1667,60.0
2026-04-18 12:35:10 PM,KXATPCHALLENGERMATCH-26APR18TUNIVA-TUN,58,800,57,1312,56,1206,55,311,54,500,62,1665,63,707,64,1419,65,1068,68,2000,60.0
2026-04-18 12:45:03 PM,KXATPCHALLENGERMATCH-26APR18TUNIVA-TUN,58,800,57,1312,56,1206,55,311,54,500,62,1626,63,707,64,1419,65,1068,68,2000,60.0
2026-04-18 12:45:05 PM,KXATPCHALLENGERMATCH-26APR18TUNIVA-TUN,58,800,57,1312,56,1206,55,311,54,500,62,1516,63,707,64,1419,65,1068,68,2000,60.0
2026-04-18 12:45:05 PM,KXATPCHALLENGERMATCH-26APR18TUNIVA-TUN,58,800,57,1312,56,1206,55,311,54,500,62,1665,63,707,64,1419,65,1068,68,2000,60.0
2026-04-18 12:50:52 PM,KXATPCHALLENGERMATCH-26APR18TUNIVA-TUN,58,800,57,1312,56,1206,55,311,54,500,62,1665,63,707,64,1419,65,1068,76,1667,60.0
2026-04-18 01:05:55 PM,KXATPCHALLENGERMATCH-26APR18TUNIVA-TUN,58,800,57,1312,56,1206,55,311,54,500,62,1655,63,707,64,1419,65,1068,76,1667,60.0
2026-04-18 01:05:58 PM,KXATPCHALLENGERMATCH-26APR18TUNIVA-TUN,58,800,57,1312,56,1206,55,311,54,500,62,1506,63,707,64,1419,65,1068,76,1667,60.0
2026-04-18 01:05:58 PM,KXATPCHALLENGERMATCH-26APR18TUNIVA-TUN,58,800,57,1312,56,1206,55,311,54,500,62,1665,63,707,64,1419,65,1068,76,1667,60.0
2026-04-18 01:23:20 PM,KXATPCHALLENGERMATCH-26APR18TUNIVA-TUN,58,800,57,1312,56,1206,55,311,54,500,62,1548,63,707,64,1419,65,1068,76,1667,60.0
2026-04-18 01:23:21 PM,KXATPCHALLENGERMATCH-26APR18TUNIVA-TUN,58,800,57,1312,56,1206,55,311,54,500,62,1389,63,707,64,1419,65,1068,76,1667,60.0
2026-04-18 01:23:21 PM,KXATPCHALLENGERMATCH-26APR18TUNIVA-TUN,58,800,57,1312,56,1206,55,311,54,500,62,1666,63,707,64,1419,65,1068,76,1667,60.0
2026-04-18 01:34:41 PM,KXATPCHALLENGERMATCH-26APR18TUNIVA-TUN,58,761,57,1312,56,1206,55,311,54,500,62,1666,63,707,64,1419,65,1068,76,1667,60.0
2026-04-18 01:34:43 PM,KXATPCHALLENGERMATCH-26APR18TUNIVA-TUN,58,800,57,1312,56,1206,55,311,54,500,62,1666,63,707,64,1419,65,1068,76,1667,60.0
2026-04-18 01:37:26 PM,KXATPCHALLENGERMATCH-26APR18TUNIVA-TUN,58,800,57,1312,56,1197,55,311,54,500,62,1666,63,707,64,1419,65,1068,76,1667,60.0
2026-04-18 01:37:26 PM,KXATPCHALLENGERMATCH-26APR18TUNIVA-TUN,58,824,57,1312,56,1197,55,311,54,500,62,1666,63,707,64,1419,65,1068,76,1667,60.0
2026-04-18 01:44:00 PM,KXATPCHALLENGERMATCH-26APR18TUNIVA-TUN,58,824,57,1312,56,1197,55,311,54,500,62,1706,63,707,64,1419,65,1068,76,1667,60.0
2026-04-18 01:51:14 PM,KXATPCHALLENGERMATCH-26APR18TUNIVA-TUN,60,5,58,824,57,1312,56,1197,55,311,62,1706,63,707,64,1419,65,1068,76,1667,61.0
2026-04-18 01:51:14 PM,KXATPCHALLENGERMATCH-26APR18TUNIVA-TUN,60,5,58,824,57,1298,56,1197,55,311,62,1706,63,707,64,1419,65,1068,76,1667,61.0
2026-04-18 01:51:14 PM,KXATPCHALLENGERMATCH-26APR18TUNIVA-TUN,60,5,58,800,57,1298,56,1197,55,311,62,1706,63,707,64,1419,65,1068,76,1667,61.0
2026-04-18 01:51:14 PM,KXATPCHALLENGERMATCH-26APR18TUNIVA-TUN,60,5,59,14,58,800,57,1298,56,1197,62,1706,63,707,64,1419,65,1068,76,1667,61.0
2026-04-18 01:51:14 PM,KXATPCHALLENGERMATCH-26APR18TUNIVA-TUN,60,5,59,14,58,810,57,1298,56,1197,62,1706,63,707,64,1419,65,1068,76,1667,61.0
2026-04-18 01:57:19 PM,KXATPCHALLENGERMATCH-26APR18TUNIVA-TUN,59,14,58,810,57,1298,56,1197,55,311,62,1706,63,707,64,1419,65,1068,76,1667,60.5
2026-04-18 01:57:19 PM,KXATPCHALLENGERMATCH-26APR18TUNIVA-TUN,58,810,57,1298,56,1197,55,311,54,500,62,1706,63,707,64,1419,65,1068,76,1667,60.0
2026-04-18 01:57:19 PM,KXATPCHALLENGERMATCH-26APR18TUNIVA-TUN,59,14,58,810,57,1298,56,1197,55,311,62,1706,63,707,64,1419,65,1068,76,1667,60.5
2026-04-18 01:57:20 PM,KXATPCHALLENGERMATCH-26APR18TUNIVA-TUN,58,810,57,1298,56,1197,55,311,54,500,62,1706,63,707,64,1419,65,1068,76,1667,60.0
2026-04-18 01:57:20 PM,KXATPCHALLENGERMATCH-26APR18TUNIVA-TUN,58,824,57,1298,56,1197,55,311,54,500,62,1706,63,707,64,1419,65,1068,76,1667,60.0
2026-04-18 01:57:20 PM,KXATPCHALLENGERMATCH-26APR18TUNIVA-TUN,58,824,57,1308,56,1197,55,311,54,500,62,1706,63,707,64,1419,65,1068,76,1667,60.0
2026-04-18 02:06:57 PM,KXATPCHALLENGERMATCH-26APR18TUNIVA-TUN,58,824,57,1308,56,1197,55,311,54,500,62,1705,63,707,64,1419,65,1068,76,1667,60.0
2026-04-18 02:06:57 PM,KXATPCHALLENGERMATCH-26APR18TUNIVA-TUN,58,824,57,1298,56,1197,55,311,54,500,62,1705,63,707,64,1419,65,1068,76,1667,60.0
2026-04-18 02:06:57 PM,KXATPCHALLENGERMATCH-26APR18TUNIVA-TUN,58,810,57,1298,56,1197,55,311,54,500,62,1705,63,707,64,1419,65,1068,76,1667,60.0
2026-04-18 02:06:57 PM,KXATPCHALLENGERMATCH-26APR18TUNIVA-TUN,58,800,57,1298,56,1197,55,311,54,500,62,1705,63,707,64,1419,65,1068,76,1667,60.0
2026-04-18 02:06:57 PM,KXATPCHALLENGERMATCH-26APR18TUNIVA-TUN,58,800,57,1298,56,1197,55,311,54,500,62,1705,63,707,64,1410,65,1068,76,1667,60.0
2026-04-18 02:06:57 PM,KXATPCHALLENGERMATCH-26APR18TUNIVA-TUN,58,800,57,1298,56,1197,55,311,54,500,62,1705,63,693,64,1410,65,1068,76,1667,60.0
2026-04-18 02:06:57 PM,KXATPCHALLENGERMATCH-26APR18TUNIVA-TUN,58,824,57,1298,56,1197,55,311,54,500,62,1705,63,693,64,1410,65,1068,76,1667,60.0
2026-04-18 02:06:58 PM,KXATPCHALLENGERMATCH-26APR18TUNIVA-TUN,58,824,57,1298,56,1197,55,311,54,500,62,1428,63,693,64,1410,65,1068,76,1667,60.0
2026-04-18 02:06:58 PM,KXATPCHALLENGERMATCH-26APR18TUNIVA-TUN,58,824,57,1298,56,1197,55,311,54,500,62,1706,63,693,64,1410,65,1068,76,1667,60.0
2026-04-18 02:16:54 PM,KXATPCHALLENGERMATCH-26APR18TUNIVA-TUN,58,824,57,1308,56,1197,55,311,54,500,62,1706,63,693,64,1410,65,1068,76,1667,60.0
2026-04-18 02:16:54 PM,KXATPCHALLENGERMATCH-26APR18TUNIVA-TUN,58,824,57,1308,56,1197,55,311,54,500,62,1706,63,707,64,1410,65,1068,76,1667,60.0
2026-04-18 02:16:54 PM,KXATPCHALLENGERMATCH-26APR18TUNIVA-TUN,58,824,57,1308,56,1197,55,311,54,500,62,1706,63,707,64,1420,65,1068,76,1667,60.0
2026-04-18 02:23:32 PM,KXATPCHALLENGERMATCH-26APR18TUNIVA-TUN,58,824,57,1308,56,1197,55,311,54,500,61,172,62,1706,63,707,64,1420,65,1068,59.5
2026-04-18 02:23:32 PM,KXATPCHALLENGERMATCH-26APR18TUNIVA-TUN,58,824,57,1308,56,1197,55,311,54,500,61,172,62,1706,63,707,64,1410,65,1068,59.5
2026-04-18 02:23:33 PM,KXATPCHALLENGERMATCH-26APR18TUNIVA-TUN,58,824,57,1308,56,1197,55,311,54,500,61,172,62,1666,63,707,64,1410,65,1068,59.5
2026-04-18 02:23:33 PM,KXATPCHALLENGERMATCH-26APR18TUNIVA-TUN,58,824,57,1308,56,1197,55,311,54,500,61,212,62,1666,63,707,64,1410,65,1068,59.5
2026-04-18 02:23:33 PM,KXATPCHALLENGERMATCH-26APR18TUNIVA-TUN,58,824,57,1308,56,1197,55,311,54,500,61,212,62,1680,63,707,64,1410,65,1068,59.5
2026-04-18 02:52:02 PM,KXATPCHALLENGERMATCH-26APR18TUNIVA-TUN,58,824,57,1308,56,1197,55,311,54,500,61,211,62,1680,63,707,64,1410,65,1068,59.5
2026-04-18 02:56:19 PM,KXATPCHALLENGERMATCH-26APR18TUNIVA-TUN,58,824,57,1308,56,1197,55,311,54,500,61,165,62,1680,63,707,64,1410,65,1068,59.5
2026-04-18 03:03:21 PM,KXATPCHALLENGERMATCH-26APR18TUNIVA-TUN,58,825,57,1308,56,1197,55,311,54,500,61,165,62,1680,63,707,64,1410,65,1068,59.5
2026-04-18 03:04:12 PM,KXATPCHALLENGERMATCH-26APR18TUNIVA-TUN,58,825,57,1308,56,1197,55,311,54,500,61,164,62,1678,63,707,64,1410,65,1068,59.5
2026-04-18 03:07:39 PM,KXATPCHALLENGERMATCH-26APR18TUNIVA-TUN,58,825,57,1308,56,1197,55,311,54,500,61,160,62,1678,63,707,64,1410,65,1068,59.5
2026-04-18 03:10:16 PM,KXATPCHALLENGERMATCH-26APR18TUNIVA-TUN,58,825,57,1318,56,1197,55,311,54,500,61,160,62,1678,63,707,64,1410,65,1068,59.5
2026-04-18 03:10:16 PM,KXATPCHALLENGERMATCH-26APR18TUNIVA-TUN,58,825,57,1328,56,1197,55,311,54,500,61,160,62,1678,63,707,64,1410,65,1068,59.5
2026-04-18 03:10:17 PM,KXATPCHALLENGERMATCH-26APR18TUNIVA-TUN,58,825,57,1338,56,1197,55,311,54,500,61,160,62,1678,63,707,64,1410,65,1068,59.5
2026-04-18 03:10:17 PM,KXATPCHALLENGERMATCH-26APR18TUNIVA-TUN,58,825,57,1338,56,1197,55,311,54,500,61,160,62,1678,63,717,64,1410,65,1068,59.5
2026-04-18 03:10:17 PM,KXATPCHALLENGERMATCH-26APR18TUNIVA-TUN,58,825,57,1338,56,1197,55,311,54,500,61,160,62,1678,63,727,64,1410,65,1068,59.5
2026-04-18 03:13:21 PM,KXATPCHALLENGERMATCH-26APR18TUNIVA-TUN,58,824,57,1338,56,1197,55,311,54,500,61,160,62,1678,63,727,64,1410,65,1068,59.5
2026-04-18 03:14:00 PM,KXATPCHALLENGERMATCH-26APR18TUNIVA-TUN,58,824,57,1338,56,1197,55,311,54,500,61,140,62,1678,63,727,64,1410,65,1068,59.5
2026-04-18 03:32:19 PM,KXATPCHALLENGERMATCH-26APR18TUNIVA-TUN,58,824,57,1338,56,1197,55,141,54,500,61,140,62,1678,63,727,64,1410,65,1068,59.5
2026-04-18 03:32:19 PM,KXATPCHALLENGERMATCH-26APR18TUNIVA-TUN,58,824,57,1338,56,1197,55,141,54,500,61,140,62,1678,63,727,64,1410,65,800,59.5
2026-04-18 03:37:28 PM,KXATPCHALLENGERMATCH-26APR18TUNIVA-TUN,58,824,57,1338,56,1197,55,141,54,500,61,138,62,1678,63,727,64,1410,65,800,59.5,4000,4753,0.457
2026-04-18 03:37:45 PM,KXATPCHALLENGERMATCH-26APR18TUNIVA-TUN,58,824,57,1338,56,1197,55,149,54,500,61,138,62,1678,63,727,64,1410,65,800,59.5,4008,4753,0.457
2026-04-18 03:37:45 PM,KXATPCHALLENGERMATCH-26APR18TUNIVA-TUN,58,824,57,1338,56,1197,55,149,54,500,61,138,62,1678,63,727,64,1410,65,814,59.5,4008,4767,0.457
2026-04-18 03:38:55 PM,KXATPCHALLENGERMATCH-26APR18TUNIVA-TUN,58,824,57,1338,56,1197,55,149,54,500,61,40,62,1678,63,727,64,1410,65,814,59.5,4008,4669,0.462
2026-04-18 03:38:55 PM,KXATPCHALLENGERMATCH-26APR18TUNIVA-TUN,58,824,57,1338,56,1197,55,149,54,500,62,1678,63,727,64,1410,65,814,76,1667,60.0,4008,6296,0.389
2026-04-18 03:38:55 PM,KXATPCHALLENGERMATCH-26APR18TUNIVA-TUN,61,21,58,824,57,1338,56,1197,55,149,62,1678,63,727,64,1410,65,814,76,1667,61.5,3529,6296,0.359
2026-04-18 03:38:55 PM,KXATPCHALLENGERMATCH-26APR18TUNIVA-TUN,61,21,58,824,57,1338,56,1197,55,149,62,1664,63,727,64,1410,65,814,76,1667,61.5,3529,6282,0.360
2026-04-18 03:38:55 PM,KXATPCHALLENGERMATCH-26APR18TUNIVA-TUN,61,21,58,824,57,1338,56,1197,55,149,62,1664,63,727,64,1420,65,814,76,1667,61.5,3529,6292,0.359
2026-04-18 03:38:56 PM,KXATPCHALLENGERMATCH-26APR18TUNIVA-TUN,61,21,58,800,57,1338,56,1197,55,149,62,1664,63,727,64,1420,65,814,76,1667,61.5,3505,6292,0.358
2026-04-18 03:38:56 PM,KXATPCHALLENGERMATCH-26APR18TUNIVA-TUN,61,21,58,800,57,1328,56,1197,55,149,62,1664,63,727,64,1420,65,814,76,1667,61.5,3495,6292,0.357
2026-04-18 03:38:56 PM,KXATPCHALLENGERMATCH-26APR18TUNIVA-TUN,61,21,60,15,58,800,57,1328,56,1197,62,1664,63,727,64,1420,65,814,76,1667,61.5,3361,6292,0.348
2026-04-18 03:38:56 PM,KXATPCHALLENGERMATCH-26APR18TUNIVA-TUN,61,21,60,15,59,10,58,800,57,1328,62,1664,63,727,64,1420,65,814,76,1667,61.5,2174,6292,0.257
2026-04-18 03:48:41 PM,KXATPCHALLENGERMATCH-26APR18TUNIVA-TUN,61,21,60,15,59,10,58,800,57,1328,62,1664,63,727,64,1420,65,800,76,1667,61.5,2174,6278,0.257
2026-04-18 03:49:41 PM,KXATPCHALLENGERMATCH-26APR18TUNIVA-TUN,61,21,60,15,59,10,58,800,57,1328,62,1508,63,727,64,1420,65,800,76,1667,61.5,2174,6122,0.262
2026-04-18 03:49:42 PM,KXATPCHALLENGERMATCH-26APR18TUNIVA-TUN,61,21,60,15,59,10,58,800,57,1328,62,1230,63,727,64,1420,65,800,76,1667,61.5,2174,5844,0.271
2026-04-18 03:49:42 PM,KXATPCHALLENGERMATCH-26APR18TUNIVA-TUN,61,21,60,15,59,10,58,800,57,1328,62,1664,63,727,64,1420,65,800,76,1667,61.5,2174,6278,0.257
2026-04-18 03:56:55 PM,KXATPCHALLENGERMATCH-26APR18TUNIVA-TUN,61,21,60,15,59,10,58,800,57,1328,62,1664,63,727,64,1420,65,800,76,1667,61.5,2174,6278,0.257
2026-04-18 03:57:40 PM,KXATPCHALLENGERMATCH-26APR18TUNIVA-TUN,61,21,60,15,59,10,58,800,57,1328,62,1664,63,727,64,1420,65,800,76,1667,61.5,2174,6278,0.257
2026-04-18 04:06:10 PM,KXATPCHALLENGERMATCH-26APR18TUNIVA-TUN,61,21,60,15,58,800,57,1328,56,1197,62,1664,63,727,64,1420,65,800,76,1667,61.5,3361,6278,0.349
2026-04-18 04:06:10 PM,KXATPCHALLENGERMATCH-26APR18TUNIVA-TUN,61,21,58,800,57,1328,56,1197,55,141,62,1664,63,727,64,1420,65,800,76,1667,61.5,3487,6278,0.357
2026-04-18 04:06:10 PM,KXATPCHALLENGERMATCH-26APR18TUNIVA-TUN,61,21,58,800,57,1328,56,1197,55,141,62,1664,63,727,64,1410,65,800,76,1667,61.5,3487,6268,0.357
2026-04-18 04:06:10 PM,KXATPCHALLENGERMATCH-26APR18TUNIVA-TUN,61,21,58,800,57,1328,56,1197,55,141,62,1664,63,713,64,1410,65,800,76,1667,61.5,3487,6254,0.358
2026-04-18 04:07:19 PM,KXATPCHALLENGERMATCH-26APR18TUNIVA-TUN,61,21,58,800,57,1328,56,1197,55,141,62,1664,63,713,64,1410,65,800,76,1667,61.5,3487,6254,0.358
2026-04-18 04:10:22 PM,KXATPCHALLENGERMATCH-26APR18TUNIVA-TUN,61,21,60,15,58,800,57,1328,56,1197,62,1664,63,713,64,1410,65,800,76,1667,61.5,3361,6254,0.350
2026-04-18 04:10:59 PM,KXATPCHALLENGERMATCH-26APR18TUNIVA-TUN,61,21,60,15,59,10,58,800,57,1328,62,1664,63,713,64,1410,65,800,76,1667,61.5,2174,6254,0.258
2026-04-18 04:10:59 PM,KXATPCHALLENGERMATCH-26APR18TUNIVA-TUN,61,21,60,15,59,20,58,800,57,1328,62,1664,63,713,64,1410,65,800,76,1667,61.5,2184,6254,0.259
2026-04-18 04:11:00 PM,KXATPCHALLENGERMATCH-26APR18TUNIVA-TUN,61,21,60,15,59,10,58,800,57,1328,62,1664,63,713,64,1410,65,800,76,1667,61.5,2174,6254,0.258
2026-04-18 04:11:00 PM,KXATPCHALLENGERMATCH-26APR18TUNIVA-TUN,61,21,60,15,59,10,58,800,57,1328,62,1664,63,728,64,1410,65,800,76,1667,61.5,2174,6269,0.257
2026-04-18 04:12:53 PM,KXATPCHALLENGERMATCH-26APR18TUNIVA-TUN,61,21,60,15,59,10,58,800,57,1328,62,1664,63,728,64,1420,65,800,76,1667,61.5,2174,6279,0.257
2026-04-18 04:32:43 PM,KXATPCHALLENGERMATCH-26APR18TUNIVA-TUN,61,21,60,15,59,10,58,800,57,1328,62,1660,63,728,64,1420,65,800,76,1667,61.5,2174,6275,0.257
2026-04-18 04:32:44 PM,KXATPCHALLENGERMATCH-26APR18TUNIVA-TUN,61,21,60,15,59,10,58,800,57,1328,62,1226,63,728,64,1420,65,800,76,1667,61.5,2174,5841,0.271
2026-04-18 04:32:44 PM,KXATPCHALLENGERMATCH-26APR18TUNIVA-TUN,61,21,60,15,59,10,58,800,57,1328,62,1664,63,728,64,1420,65,800,76,1667,61.5,2174,6279,0.257
2026-04-18 04:41:41 PM,KXATPCHALLENGERMATCH-26APR18TUNIVA-TUN,61,21,60,15,59,10,58,800,57,1328,62,1664,63,728,64,1420,65,800,68,997,61.5,2174,5609,0.279
2026-04-18 04:44:34 PM,KXATPCHALLENGERMATCH-26APR18TUNIVA-TUN,61,21,60,15,59,10,58,800,57,1328,62,1664,63,738,64,1420,65,800,68,997,61.5,2174,5619,0.279
2026-04-18 04:45:21 PM,KXATPCHALLENGERMATCH-26APR18TUNIVA-TUN,61,21,60,15,59,10,58,800,57,1328,62,1664,63,728,64,1420,65,800,68,997,61.5,2174,5609,0.279
2026-04-18 04:47:36 PM,KXATPCHALLENGERMATCH-26APR18TUNIVA-TUN,61,21,60,15,59,10,58,800,57,1328,62,1664,63,728,64,1420,65,800,68,997,61.5,2174,5609,0.279
2026-04-18 04:47:48 PM,KXATPCHALLENGERMATCH-26APR18TUNIVA-TUN,61,21,60,15,59,10,58,800,57,1328,62,1664,63,738,64,1420,65,800,68,997,61.5,2174,5619,0.279
2026-04-18 04:50:32 PM,KXATPCHALLENGERMATCH-26APR18TUNIVA-TUN,61,21,60,15,59,10,58,800,57,1328,62,1664,63,728,64,1420,65,800,68,997,61.5,2174,5609,0.279
2026-04-18 04:51:13 PM,KXATPCHALLENGERMATCH-26APR18TUNIVA-TUN,61,21,60,15,59,10,58,800,57,1328,62,1352,63,728,64,1420,65,800,68,997,61.5,2174,5297,0.291
2026-04-18 04:51:13 PM,KXATPCHALLENGERMATCH-26APR18TUNIVA-TUN,61,21,60,15,59,10,58,800,57,1328,62,1302,63,728,64,1420,65,800,68,997,61.5,2174,5247,0.293
2026-04-18 04:51:13 PM,KXATPCHALLENGERMATCH-26APR18TUNIVA-TUN,61,21,60,15,59,10,58,800,57,1328,62,438,63,728,64,1420,65,800,68,997,61.5,2174,4383,0.332
2026-04-18 04:51:13 PM,KXATPCHALLENGERMATCH-26APR18TUNIVA-TUN,61,21,60,15,59,10,58,800,57,1328,63,728,64,1420,65,800,68,997,76,1667,62.0,2174,5612,0.279
2026-04-18 04:51:13 PM,KXATPCHALLENGERMATCH-26APR18TUNIVA-TUN,61,21,60,15,59,10,58,41,57,1328,63,728,64,1420,65,800,68,997,76,1667,62.0,1415,5612,0.201
2026-04-18 04:51:13 PM,KXATPCHALLENGERMATCH-26APR18TUNIVA-TUN,61,21,60,15,59,10,58,41,57,528,63,728,64,1420,65,800,68,997,76,1667,62.0,615,5612,0.099
2026-04-18 04:51:13 PM,KXATPCHALLENGERMATCH-26APR18TUNIVA-TUN,61,21,60,15,59,10,58,41,57,528,63,728,64,1420,68,997,76,1667,79,1,62.0,615,4813,0.113
2026-04-18 04:51:13 PM,KXATPCHALLENGERMATCH-26APR18TUNIVA-TUN,61,21,60,15,59,10,58,41,57,528,63,728,64,620,68,997,76,1667,79,1,62.0,615,4013,0.133
2026-04-18 04:51:13 PM,KXATPCHALLENGERMATCH-26APR18TUNIVA-TUN,61,21,60,15,59,10,58,39,57,528,63,728,64,620,68,997,76,1667,79,1,62.0,613,4013,0.133
2026-04-18 04:51:13 PM,KXATPCHALLENGERMATCH-26APR18TUNIVA-TUN,61,21,60,15,59,10,57,528,56,397,63,728,64,620,68,997,76,1667,79,1,62.0,971,4013,0.195
2026-04-18 04:51:13 PM,KXATPCHALLENGERMATCH-26APR18TUNIVA-TUN,61,21,60,15,59,10,58,21,57,528,63,728,64,620,68,997,76,1667,79,1,62.0,595,4013,0.129
2026-04-18 04:51:13 PM,KXATPCHALLENGERMATCH-26APR18TUNIVA-TUN,61,21,60,15,58,21,57,528,56,397,63,728,64,620,68,997,76,1667,79,1,62.0,982,4013,0.197
2026-04-18 04:51:13 PM,KXATPCHALLENGERMATCH-26APR18TUNIVA-TUN,61,21,60,15,59,173,58,21,57,528,63,728,64,620,68,997,76,1667,79,1,62.0,758,4013,0.159
2026-04-18 04:51:13 PM,KXATPCHALLENGERMATCH-26APR18TUNIVA-TUN,61,21,60,15,59,173,58,21,57,528,63,728,64,620,68,450,76,1667,79,1,62.0,758,3466,0.179
2026-04-18 04:51:13 PM,KXATPCHALLENGERMATCH-26APR18TUNIVA-TUN,61,21,60,15,59,173,57,528,56,397,63,728,64,620,68,450,76,1667,79,1,62.0,1134,3466,0.247
2026-04-18 04:51:13 PM,KXATPCHALLENGERMATCH-26APR18TUNIVA-TUN,61,21,60,15,59,173,57,528,56,397,63,713,64,620,68,450,76,1667,79,1,62.0,1134,3451,0.247
2026-04-18 04:51:13 PM,KXATPCHALLENGERMATCH-26APR18TUNIVA-TUN,61,21,60,15,59,173,57,528,56,397,63,713,64,620,76,1667,79,1,81,140,62.0,1134,3141,0.265
2026-04-18 04:51:13 PM,KXATPCHALLENGERMATCH-26APR18TUNIVA-TUN,61,21,60,15,59,173,57,528,56,397,63,713,64,620,69,730,76,1667,79,1,62.0,1134,3731,0.233
2026-04-18 04:51:14 PM,KXATPCHALLENGERMATCH-26APR18TUNIVA-TUN,61,21,60,15,59,184,57,528,56,397,63,713,64,620,69,730,76,1667,79,1,62.0,1145,3731,0.235
2026-04-18 04:51:14 PM,KXATPCHALLENGERMATCH-26APR18TUNIVA-TUN,61,21,60,15,59,184,57,528,56,397,63,713,64,625,69,730,76,1667,79,1,62.0,1145,3736,0.235
2026-04-18 04:51:14 PM,KXATPCHALLENGERMATCH-26APR18TUNIVA-TUN,61,21,60,15,59,184,57,528,56,397,63,713,64,625,68,42,69,730,76,1667,62.0,1145,3777,0.233
2026-04-18 04:51:15 PM,KXATPCHALLENGERMATCH-26APR18TUNIVA-TUN,61,21,60,15,59,184,57,1328,56,397,63,713,64,625,68,42,69,730,76,1667,62.0,1945,3777,0.340
2026-04-18 04:51:15 PM,KXATPCHALLENGERMATCH-26APR18TUNIVA-TUN,61,21,60,15,59,184,58,800,57,1328,63,713,64,625,68,42,69,730,76,1667,62.0,2348,3777,0.383
2026-04-18 04:51:15 PM,KXATPCHALLENGERMATCH-26APR18TUNIVA-TUN,61,21,60,815,59,184,58,800,57,1328,63,713,64,625,68,42,69,730,76,1667,62.0,3148,3777,0.455
2026-04-18 04:51:15 PM,KXATPCHALLENGERMATCH-26APR18TUNIVA-TUN,61,21,60,815,59,184,58,800,57,1328,63,1513,64,625,68,42,69,730,76,1667,62.0,3148,4577,0.408
2026-04-18 04:51:15 PM,KXATPCHALLENGERMATCH-26APR18TUNIVA-TUN,61,21,60,815,59,184,58,800,57,1328,63,1513,64,625,66,800,68,42,69,730,62.0,3148,3710,0.459
2026-04-18 04:51:15 PM,KXATPCHALLENGERMATCH-26APR18TUNIVA-TUN,61,21,60,815,59,184,58,800,57,1328,63,1513,64,625,65,800,66,800,68,42,62.0,3148,3780,0.454
2026-04-18 04:51:15 PM,KXATPCHALLENGERMATCH-26APR18TUNIVA-TUN,61,21,60,815,59,184,58,800,57,1328,63,1513,64,625,65,800,66,800,69,730,62.0,3148,4468,0.413
2026-04-18 04:51:15 PM,KXATPCHALLENGERMATCH-26APR18TUNIVA-TUN,61,21,60,815,59,184,58,800,57,1328,63,1513,64,625,65,811,66,800,69,730,62.0,3148,4479,0.413
2026-04-18 04:51:35 PM,KXATPCHALLENGERMATCH-26APR18TUNIVA-TUN,62,3000,61,21,60,815,59,184,58,800,63,1513,64,625,65,811,66,800,69,730,62.5,4820,4479,0.518
2026-04-18 04:51:35 PM,KXATPCHALLENGERMATCH-26APR18TUNIVA-TUN,62,3000,61,21,60,815,59,173,58,800,63,1513,64,625,65,811,66,800,69,730,62.5,4809,4479,0.518
2026-04-18 04:51:35 PM,KXATPCHALLENGERMATCH-26APR18TUNIVA-TUN,62,3000,61,36,60,815,59,173,58,800,63,1513,64,625,65,811,66,800,69,730,62.5,4824,4479,0.519
2026-04-18 04:51:43 PM,KXATPCHALLENGERMATCH-26APR18TUNIVA-TUN,62,3000,61,36,60,815,59,4,58,800,63,1513,64,625,65,811,66,800,69,730,62.5,4655,4479,0.510
2026-04-18 04:51:43 PM,KXATPCHALLENGERMATCH-26APR18TUNIVA-TUN,62,3000,61,204,60,815,59,4,58,800,63,1513,64,625,65,811,66,800,69,730,62.5,4823,4479,0.518
2026-04-18 04:51:43 PM,KXATPCHALLENGERMATCH-26APR18TUNIVA-TUN,62,3000,61,204,60,815,59,4,58,800,63,1513,64,625,65,1223,66,800,69,730,62.5,4823,4891,0.496
