ts_et,ticker,bid_1,bid_1_sz,bid_2,bid_2_sz,bid_3,bid_3_sz,bid_4,bid_4_sz,bid_5,bid_5_sz,ask_1,ask_1_sz,ask_2,ask_2_sz,ask_3,ask_3_sz,ask_4,ask_4_sz,ask_5,ask_5_sz,mid
2026-04-18 11:28:54 AM,KXATPMATCH-26APR19COBSHE-COB,6,316,5,494,4,623,3,540,2,1700,94,215,95,325,96,343,97,76,98,923,50.0
2026-04-18 11:32:19 AM,KXATPMATCH-26APR19COBSHE-COB,6,316,5,494,4,623,3,540,2,1700,70,25,94,215,95,325,96,343,97,76,38.0
2026-04-18 11:33:03 AM,KXATPMATCH-26APR19COBSHE-COB,6,316,5,494,4,623,3,540,2,1700,70,24,94,215,95,325,96,343,97,76,38.0
2026-04-18 11:33:50 AM,KXATPMATCH-26APR19COBSHE-COB,50,100,6,316,5,494,4,623,3,540,70,24,94,215,95,325,96,343,97,76,60.0
2026-04-18 11:34:03 AM,KXATPMATCH-26APR19COBSHE-COB,50,100,6,316,5,494,4,623,3,540,70,24,94,215,95,326,96,343,97,76,60.0
2026-04-18 11:34:03 AM,KXATPMATCH-26APR19COBSHE-COB,50,100,6,316,5,494,4,623,3,540,70,24,84,1,94,215,95,326,96,343,60.0
2026-04-18 11:34:03 AM,KXATPMATCH-26APR19COBSHE-COB,50,100,6,316,5,494,4,623,3,540,70,24,84,1,89,1,94,215,95,326,60.0
2026-04-18 11:34:53 AM,KXATPMATCH-26APR19COBSHE-COB,50,100,6,316,5,494,4,623,3,540,56,120,70,24,84,1,89,1,94,215,53.0
2026-04-18 11:34:53 AM,KXATPMATCH-26APR19COBSHE-COB,50,100,6,316,5,494,4,623,3,540,56,120,57,120,70,24,84,1,89,1,53.0
2026-04-18 11:34:53 AM,KXATPMATCH-26APR19COBSHE-COB,50,100,6,316,5,494,4,623,3,540,56,120,57,120,58,200,70,24,84,1,53.0
2026-04-18 11:34:53 AM,KXATPMATCH-26APR19COBSHE-COB,50,100,6,316,5,494,4,623,3,540,56,120,57,120,58,200,59,200,70,24,53.0
2026-04-18 11:34:53 AM,KXATPMATCH-26APR19COBSHE-COB,50,100,6,316,5,494,4,623,3,540,56,120,57,120,58,200,59,200,60,200,53.0
2026-04-18 11:44:35 AM,KXATPMATCH-26APR19COBSHE-COB,50,100,6,316,5,494,4,623,3,540,55,35,56,120,57,120,58,200,59,200,52.5
2026-04-18 11:44:35 AM,KXATPMATCH-26APR19COBSHE-COB,50,99,6,316,5,494,4,623,3,540,55,35,56,120,57,120,58,200,59,200,52.5
2026-04-18 11:44:35 AM,KXATPMATCH-26APR19COBSHE-COB,50,93,6,316,5,494,4,623,3,540,55,35,56,120,57,120,58,200,59,200,52.5
2026-04-18 11:44:35 AM,KXATPMATCH-26APR19COBSHE-COB,50,93,6,316,5,494,4,623,3,540,55,41,56,120,57,120,58,200,59,200,52.5
2026-04-18 11:44:36 AM,KXATPMATCH-26APR19COBSHE-COB,50,93,6,316,5,494,4,623,3,540,55,42,56,120,57,120,58,200,59,200,52.5
2026-04-18 11:44:41 AM,KXATPMATCH-26APR19COBSHE-COB,50,93,6,316,5,494,4,623,3,540,55,44,56,120,57,120,58,200,59,200,52.5
2026-04-18 11:44:44 AM,KXATPMATCH-26APR19COBSHE-COB,50,93,6,316,5,494,4,623,3,540,56,120,57,120,58,200,59,200,60,200,53.0
2026-04-18 11:46:18 AM,KXATPMATCH-26APR19COBSHE-COB,50,93,6,316,5,494,4,623,3,540,56,119,57,120,58,200,59,200,60,200,53.0
2026-04-18 11:48:40 AM,KXATPMATCH-26APR19COBSHE-COB,50,93,6,316,5,494,4,623,3,540,56,76,57,120,58,200,59,200,60,200,53.0
2026-04-18 11:52:14 AM,KXATPMATCH-26APR19COBSHE-COB,50,93,6,316,5,494,4,623,3,540,56,59,57,120,58,200,59,200,60,200,53.0
2026-04-18 11:52:15 AM,KXATPMATCH-26APR19COBSHE-COB,50,93,7,11,6,316,5,494,4,623,56,59,57,120,58,200,59,200,60,200,53.0
2026-04-18 11:55:45 AM,KXATPMATCH-26APR19COBSHE-COB,50,88,7,11,6,316,5,494,4,623,56,59,57,120,58,200,59,200,60,200,53.0
2026-04-18 11:57:33 AM,KXATPMATCH-26APR19COBSHE-COB,50,88,7,11,6,316,5,494,4,623,56,25,57,120,58,200,59,200,60,200,53.0
2026-04-18 11:57:34 AM,KXATPMATCH-26APR19COBSHE-COB,50,88,7,12,6,316,5,494,4,623,56,25,57,120,58,200,59,200,60,200,53.0
2026-04-18 11:59:27 AM,KXATPMATCH-26APR19COBSHE-COB,50,88,7,12,6,316,5,494,4,623,56,1,57,120,58,200,59,200,60,200,53.0
2026-04-18 11:59:27 AM,KXATPMATCH-26APR19COBSHE-COB,50,88,7,12,6,316,5,494,4,623,56,14,57,120,58,200,59,200,60,200,53.0
2026-04-18 12:01:32 PM,KXATPMATCH-26APR19COBSHE-COB,50,88,7,12,6,316,5,494,4,623,56,11,57,120,58,200,59,200,60,200,53.0
2026-04-18 12:01:32 PM,KXATPMATCH-26APR19COBSHE-COB,50,88,7,12,6,316,5,494,4,623,56,1,57,120,58,200,59,200,60,200,53.0
2026-04-18 12:01:32 PM,KXATPMATCH-26APR19COBSHE-COB,50,88,7,12,6,316,5,494,4,623,56,15,57,120,58,200,59,200,60,200,53.0
2026-04-18 12:02:14 PM,KXATPMATCH-26APR19COBSHE-COB,50,88,7,12,6,316,5,494,4,623,56,45,57,120,58,200,59,200,60,200,53.0
2026-04-18 12:02:14 PM,KXATPMATCH-26APR19COBSHE-COB,50,88,7,12,6,316,5,494,4,623,56,37,57,120,58,200,59,200,60,200,53.0
2026-04-18 12:02:42 PM,KXATPMATCH-26APR19COBSHE-COB,50,88,7,12,6,316,5,494,4,623,56,45,57,120,58,200,59,200,60,200,53.0
2026-04-18 12:02:43 PM,KXATPMATCH-26APR19COBSHE-COB,50,88,7,12,6,316,5,494,4,623,56,47,57,120,58,200,59,200,60,200,53.0
2026-04-18 12:03:30 PM,KXATPMATCH-26APR19COBSHE-COB,50,88,7,12,6,316,5,494,4,623,56,39,57,120,58,200,59,200,60,200,53.0
2026-04-18 12:03:31 PM,KXATPMATCH-26APR19COBSHE-COB,50,88,7,12,6,316,5,494,4,623,56,48,57,120,58,200,59,200,60,200,53.0
2026-04-18 12:03:35 PM,KXATPMATCH-26APR19COBSHE-COB,50,88,7,12,6,316,5,494,4,623,56,38,57,120,58,200,59,200,60,200,53.0
2026-04-18 12:03:35 PM,KXATPMATCH-26APR19COBSHE-COB,50,88,7,12,6,316,5,494,4,623,56,1,57,120,58,200,59,200,60,200,53.0
2026-04-18 12:03:35 PM,KXATPMATCH-26APR19COBSHE-COB,50,88,7,12,6,316,5,494,4,623,56,52,57,120,58,200,59,200,60,200,53.0
2026-04-18 12:03:36 PM,KXATPMATCH-26APR19COBSHE-COB,50,88,7,12,6,316,5,494,4,623,56,35,57,120,58,200,59,200,60,200,53.0
2026-04-18 12:03:36 PM,KXATPMATCH-26APR19COBSHE-COB,50,88,7,12,6,316,5,494,4,623,56,2,57,120,58,200,59,200,60,200,53.0
2026-04-18 12:03:36 PM,KXATPMATCH-26APR19COBSHE-COB,50,88,7,12,6,316,5,494,4,623,56,58,57,120,58,200,59,200,60,200,53.0
2026-04-18 12:04:01 PM,KXATPMATCH-26APR19COBSHE-COB,50,88,7,12,6,316,5,494,4,623,56,53,57,120,58,200,59,200,60,200,53.0
2026-04-18 12:04:01 PM,KXATPMATCH-26APR19COBSHE-COB,50,88,7,12,6,316,5,494,4,623,56,2,57,120,58,200,59,200,60,200,53.0
2026-04-18 12:04:01 PM,KXATPMATCH-26APR19COBSHE-COB,50,88,7,12,6,316,5,494,4,623,56,58,57,120,58,200,59,200,60,200,53.0
2026-04-18 12:05:33 PM,KXATPMATCH-26APR19COBSHE-COB,50,88,7,12,6,316,5,494,4,623,55,500,56,58,57,120,58,200,59,200,52.5
2026-04-18 12:05:34 PM,KXATPMATCH-26APR19COBSHE-COB,50,88,7,12,6,316,5,494,4,623,55,500,56,2,57,120,58,200,59,200,52.5
2026-04-18 12:05:34 PM,KXATPMATCH-26APR19COBSHE-COB,50,88,7,12,6,316,5,494,4,623,54,22,55,500,56,2,57,120,58,200,52.0
2026-04-18 12:05:37 PM,KXATPMATCH-26APR19COBSHE-COB,50,88,7,12,6,316,5,494,4,623,54,22,56,2,57,120,58,200,59,200,52.0
2026-04-18 12:05:37 PM,KXATPMATCH-26APR19COBSHE-COB,50,88,7,12,6,316,5,494,4,623,54,22,56,502,57,120,58,200,59,200,52.0
2026-04-18 12:05:56 PM,KXATPMATCH-26APR19COBSHE-COB,50,88,7,12,6,316,5,494,4,623,54,22,56,2,57,120,58,200,59,200,52.0
2026-04-18 12:05:56 PM,KXATPMATCH-26APR19COBSHE-COB,50,88,7,12,6,316,5,494,4,623,53,500,54,22,56,2,57,120,58,200,51.5
2026-04-18 12:05:56 PM,KXATPMATCH-26APR19COBSHE-COB,50,88,7,12,6,316,5,494,4,623,53,500,56,2,57,120,58,200,59,200,51.5
2026-04-18 12:06:01 PM,KXATPMATCH-26APR19COBSHE-COB,50,88,7,12,6,316,5,494,4,623,56,2,57,120,58,200,59,200,60,200,53.0
2026-04-18 12:06:01 PM,KXATPMATCH-26APR19COBSHE-COB,50,88,7,12,6,316,5,494,4,623,56,1002,57,120,58,200,59,200,60,200,53.0
2026-04-18 12:06:02 PM,KXATPMATCH-26APR19COBSHE-COB,50,88,7,12,6,316,5,494,4,623,55,22,56,1002,57,120,58,200,59,200,52.5
2026-04-18 12:06:02 PM,KXATPMATCH-26APR19COBSHE-COB,50,88,7,12,6,316,5,494,4,623,55,55,56,1002,57,120,58,200,59,200,52.5
2026-04-18 12:06:06 PM,KXATPMATCH-26APR19COBSHE-COB,50,88,7,12,6,316,5,494,4,623,55,55,56,502,57,120,58,200,59,200,52.5
2026-04-18 12:06:40 PM,KXATPMATCH-26APR19COBSHE-COB,50,88,7,12,6,316,5,494,4,623,56,502,57,120,58,200,59,200,60,200,53.0
2026-04-18 12:06:40 PM,KXATPMATCH-26APR19COBSHE-COB,50,88,7,12,6,316,5,494,4,623,55,22,56,502,57,120,58,200,59,200,52.5
2026-04-18 12:06:40 PM,KXATPMATCH-26APR19COBSHE-COB,50,88,49,10,7,12,6,316,5,494,55,22,56,502,57,120,58,200,59,200,52.5
2026-04-18 12:06:40 PM,KXATPMATCH-26APR19COBSHE-COB,50,88,49,10,7,12,6,316,5,494,55,14,56,502,57,120,58,200,59,200,52.5
2026-04-18 12:07:11 PM,KXATPMATCH-26APR19COBSHE-COB,50,88,49,10,7,12,6,316,5,494,56,502,57,120,58,200,59,200,60,200,53.0
2026-04-18 12:07:12 PM,KXATPMATCH-26APR19COBSHE-COB,50,88,49,10,8,78,7,12,6,316,56,502,57,120,58,200,59,200,60,200,53.0
2026-04-18 12:07:12 PM,KXATPMATCH-26APR19COBSHE-COB,50,88,49,10,8,78,7,12,6,316,55,24,56,502,57,120,58,200,59,200,52.5
2026-04-18 12:07:12 PM,KXATPMATCH-26APR19COBSHE-COB,50,88,49,10,8,78,7,12,6,316,55,24,56,509,57,120,58,200,59,200,52.5
2026-04-18 12:07:14 PM,KXATPMATCH-26APR19COBSHE-COB,50,88,49,10,9,200,8,78,7,12,55,24,56,509,57,120,58,200,59,200,52.5
2026-04-18 12:07:14 PM,KXATPMATCH-26APR19COBSHE-COB,50,88,49,10,9,200,7,12,6,316,55,24,56,509,57,120,58,200,59,200,52.5
2026-04-18 12:07:14 PM,KXATPMATCH-26APR19COBSHE-COB,50,88,49,10,10,78,9,200,7,12,55,24,56,509,57,120,58,200,59,200,52.5
2026-04-18 12:07:43 PM,KXATPMATCH-26APR19COBSHE-COB,50,88,49,10,33,200,10,78,9,200,55,24,56,509,57,120,58,200,59,200,52.5
2026-04-18 12:07:43 PM,KXATPMATCH-26APR19COBSHE-COB,50,88,49,10,33,200,9,200,7,12,55,24,56,509,57,120,58,200,59,200,52.5
2026-04-18 12:07:44 PM,KXATPMATCH-26APR19COBSHE-COB,50,88,49,10,34,78,33,200,9,200,55,24,56,509,57,120,58,200,59,200,52.5
2026-04-18 12:08:29 PM,KXATPMATCH-26APR19COBSHE-COB,50,88,49,10,34,78,33,200,9,200,55,24,56,9,57,120,58,200,59,200,52.5
2026-04-18 12:08:29 PM,KXATPMATCH-26APR19COBSHE-COB,50,88,49,10,34,78,33,200,9,200,54,500,55,24,56,9,57,120,58,200,52.0
2026-04-18 12:08:29 PM,KXATPMATCH-26APR19COBSHE-COB,50,88,49,10,34,78,33,200,9,200,54,500,56,9,57,120,58,200,59,200,52.0
2026-04-18 12:08:29 PM,KXATPMATCH-26APR19COBSHE-COB,50,88,49,10,34,78,33,200,9,200,54,500,56,33,57,120,58,200,59,200,52.0
2026-04-18 12:08:29 PM,KXATPMATCH-26APR19COBSHE-COB,50,88,49,10,34,78,33,200,9,200,54,500,56,33,57,128,58,200,59,200,52.0
2026-04-18 12:08:29 PM,KXATPMATCH-26APR19COBSHE-COB,50,88,49,10,34,78,33,200,9,200,54,517,56,33,57,128,58,200,59,200,52.0
2026-04-18 12:08:29 PM,KXATPMATCH-26APR19COBSHE-COB,50,88,49,10,34,78,33,200,9,200,54,517,56,33,57,120,58,200,59,200,52.0
2026-04-18 12:08:29 PM,KXATPMATCH-26APR19COBSHE-COB,50,88,49,10,34,78,33,200,9,200,54,517,56,26,57,120,58,200,59,200,52.0
2026-04-18 12:08:29 PM,KXATPMATCH-26APR19COBSHE-COB,50,88,49,10,34,78,33,200,9,200,54,517,56,2,57,120,58,200,59,200,52.0
2026-04-18 12:08:30 PM,KXATPMATCH-26APR19COBSHE-COB,50,88,49,10,34,78,33,200,9,200,54,517,55,7,56,2,57,120,58,200,52.0
2026-04-18 12:08:30 PM,KXATPMATCH-26APR19COBSHE-COB,50,88,49,10,34,78,33,200,9,200,54,517,55,7,56,16,57,120,58,200,52.0
2026-04-18 12:08:30 PM,KXATPMATCH-26APR19COBSHE-COB,50,88,49,10,34,78,33,200,9,200,54,517,56,16,57,120,58,200,59,200,52.0
2026-04-18 12:08:38 PM,KXATPMATCH-26APR19COBSHE-COB,50,88,49,10,34,78,33,200,9,200,54,524,56,16,57,120,58,200,59,200,52.0
2026-04-18 12:08:59 PM,KXATPMATCH-26APR19COBSHE-COB,50,88,49,10,34,78,33,200,9,200,54,24,56,16,57,120,58,200,59,200,52.0
2026-04-18 12:08:59 PM,KXATPMATCH-26APR19COBSHE-COB,50,88,49,10,34,78,33,200,9,200,54,24,55,500,56,16,57,120,58,200,52.0
2026-04-18 12:08:59 PM,KXATPMATCH-26APR19COBSHE-COB,50,88,49,10,34,78,33,200,9,200,54,7,55,500,56,16,57,120,58,200,52.0
2026-04-18 12:08:59 PM,KXATPMATCH-26APR19COBSHE-COB,50,88,49,10,34,78,33,200,9,200,55,500,56,16,57,120,58,200,59,200,52.5
2026-04-18 12:08:59 PM,KXATPMATCH-26APR19COBSHE-COB,50,88,49,10,34,78,33,200,9,200,55,500,56,41,57,120,58,200,59,200,52.5
2026-04-18 12:08:59 PM,KXATPMATCH-26APR19COBSHE-COB,50,88,49,10,34,78,33,200,9,200,55,500,56,41,57,127,58,200,59,200,52.5
2026-04-18 12:09:00 PM,KXATPMATCH-26APR19COBSHE-COB,50,88,49,10,34,78,33,200,9,200,54,24,55,500,56,41,57,127,58,200,52.0
2026-04-18 12:09:00 PM,KXATPMATCH-26APR19COBSHE-COB,50,88,49,10,34,78,33,200,9,200,54,24,55,500,56,41,57,120,58,200,52.0
2026-04-18 12:09:00 PM,KXATPMATCH-26APR19COBSHE-COB,50,88,49,10,34,78,33,200,9,200,54,24,55,500,56,27,57,120,58,200,52.0
2026-04-18 12:09:00 PM,KXATPMATCH-26APR19COBSHE-COB,50,88,49,10,34,78,33,200,9,200,54,24,55,500,56,2,57,120,58,200,52.0
2026-04-18 12:09:04 PM,KXATPMATCH-26APR19COBSHE-COB,50,88,49,10,34,78,33,200,9,200,54,24,56,2,57,120,58,200,59,200,52.0
2026-04-18 12:09:04 PM,KXATPMATCH-26APR19COBSHE-COB,50,88,49,10,34,78,33,200,9,200,54,24,56,502,57,120,58,200,59,200,52.0
2026-04-18 12:09:04 PM,KXATPMATCH-26APR19COBSHE-COB,50,88,49,10,34,78,33,200,9,200,56,502,57,120,58,200,59,200,60,200,53.0
2026-04-18 12:09:04 PM,KXATPMATCH-26APR19COBSHE-COB,50,88,49,10,34,78,33,200,9,200,56,541,57,120,58,200,59,200,60,200,53.0
2026-04-18 12:09:04 PM,KXATPMATCH-26APR19COBSHE-COB,50,88,49,10,34,78,33,200,9,200,56,541,57,127,58,200,59,200,60,200,53.0
2026-04-18 12:09:04 PM,KXATPMATCH-26APR19COBSHE-COB,50,88,49,10,34,78,33,200,9,200,55,52,56,541,57,127,58,200,59,200,52.5
2026-04-18 12:09:04 PM,KXATPMATCH-26APR19COBSHE-COB,50,88,49,10,34,78,33,200,9,200,54,24,55,52,56,541,57,127,58,200,52.0
2026-04-18 12:09:04 PM,KXATPMATCH-26APR19COBSHE-COB,50,88,49,10,34,78,33,200,9,200,54,24,55,52,56,502,57,127,58,200,52.0
2026-04-18 12:09:04 PM,KXATPMATCH-26APR19COBSHE-COB,50,88,49,10,34,78,33,200,9,200,54,24,55,59,56,502,57,127,58,200,52.0
2026-04-18 12:09:04 PM,KXATPMATCH-26APR19COBSHE-COB,50,88,49,10,34,78,33,200,9,200,54,24,55,59,56,502,57,120,58,200,52.0
2026-04-18 12:09:04 PM,KXATPMATCH-26APR19COBSHE-COB,50,88,49,10,34,78,33,200,9,200,54,24,55,7,56,502,57,120,58,200,52.0
2026-04-18 12:09:05 PM,KXATPMATCH-26APR19COBSHE-COB,50,88,49,10,34,78,33,200,9,200,54,24,55,31,56,502,57,120,58,200,52.0
2026-04-18 12:09:05 PM,KXATPMATCH-26APR19COBSHE-COB,50,88,49,10,34,78,33,200,9,200,54,24,55,31,56,510,57,120,58,200,52.0
2026-04-18 12:09:05 PM,KXATPMATCH-26APR19COBSHE-COB,50,88,49,10,34,78,33,200,9,200,55,31,56,510,57,120,58,200,59,200,52.5
2026-04-18 12:09:24 PM,KXATPMATCH-26APR19COBSHE-COB,50,88,49,10,34,78,33,200,9,200,55,31,56,10,57,120,58,200,59,200,52.5
2026-04-18 12:09:24 PM,KXATPMATCH-26APR19COBSHE-COB,50,88,49,10,34,78,33,200,9,200,54,500,55,31,56,10,57,120,58,200,52.0
2026-04-18 12:09:24 PM,KXATPMATCH-26APR19COBSHE-COB,50,88,49,10,34,78,33,200,9,200,54,500,55,24,56,10,57,120,58,200,52.0
2026-04-18 12:09:24 PM,KXATPMATCH-26APR19COBSHE-COB,50,88,49,10,34,78,33,200,9,200,54,500,55,24,56,41,57,120,58,200,52.0
2026-04-18 12:09:24 PM,KXATPMATCH-26APR19COBSHE-COB,50,88,49,10,34,78,33,200,9,200,54,500,56,41,57,120,58,200,59,200,52.0
2026-04-18 12:09:24 PM,KXATPMATCH-26APR19COBSHE-COB,50,88,49,10,34,78,33,200,9,200,54,500,56,41,57,127,58,200,59,200,52.0
2026-04-18 12:09:24 PM,KXATPMATCH-26APR19COBSHE-COB,50,88,49,10,34,78,33,200,9,200,54,524,56,41,57,127,58,200,59,200,52.0
2026-04-18 12:09:24 PM,KXATPMATCH-26APR19COBSHE-COB,50,88,49,10,34,78,33,200,9,200,54,524,56,41,57,120,58,200,59,200,52.0
2026-04-18 12:09:24 PM,KXATPMATCH-26APR19COBSHE-COB,50,88,49,10,34,78,33,200,9,200,54,524,56,33,57,120,58,200,59,200,52.0
2026-04-18 12:09:24 PM,KXATPMATCH-26APR19COBSHE-COB,50,88,49,10,34,78,33,200,9,200,54,524,56,2,57,120,58,200,59,200,52.0
2026-04-18 12:09:25 PM,KXATPMATCH-26APR19COBSHE-COB,50,88,49,10,34,78,33,200,9,200,54,524,56,17,57,120,58,200,59,200,52.0
2026-04-18 12:09:29 PM,KXATPMATCH-26APR19COBSHE-COB,50,88,49,10,34,78,33,200,9,200,54,24,56,17,57,120,58,200,59,200,52.0
2026-04-18 12:09:29 PM,KXATPMATCH-26APR19COBSHE-COB,50,88,49,10,34,78,33,200,9,200,54,24,55,500,56,17,57,120,58,200,52.0
2026-04-18 12:09:30 PM,KXATPMATCH-26APR19COBSHE-COB,50,88,49,10,34,78,33,200,9,200,55,500,56,17,57,120,58,200,59,200,52.5
2026-04-18 12:09:30 PM,KXATPMATCH-26APR19COBSHE-COB,50,88,49,10,34,78,33,200,9,200,55,500,56,41,57,120,58,200,59,200,52.5
2026-04-18 12:09:30 PM,KXATPMATCH-26APR19COBSHE-COB,50,88,49,10,34,78,33,200,9,200,55,500,56,41,57,127,58,200,59,200,52.5
2026-04-18 12:09:30 PM,KXATPMATCH-26APR19COBSHE-COB,50,88,49,10,34,78,33,200,9,200,54,24,55,500,56,41,57,127,58,200,52.0
2026-04-18 12:09:30 PM,KXATPMATCH-26APR19COBSHE-COB,50,88,49,10,34,78,33,200,9,200,54,24,55,500,56,41,57,120,58,200,52.0
2026-04-18 12:09:30 PM,KXATPMATCH-26APR19COBSHE-COB,50,88,49,10,34,78,33,200,9,200,54,24,55,500,56,26,57,120,58,200,52.0
2026-04-18 12:09:30 PM,KXATPMATCH-26APR19COBSHE-COB,50,88,49,10,34,78,33,200,9,200,54,24,55,500,56,2,57,120,58,200,52.0
2026-04-18 12:09:31 PM,KXATPMATCH-26APR19COBSHE-COB,50,88,49,10,34,78,33,200,9,200,54,24,55,500,56,17,57,120,58,200,52.0
2026-04-18 12:09:40 PM,KXATPMATCH-26APR19COBSHE-COB,50,88,49,10,34,78,33,200,9,200,55,500,56,17,57,120,58,200,59,200,52.5
2026-04-18 12:09:40 PM,KXATPMATCH-26APR19COBSHE-COB,50,88,34,78,33,200,9,200,7,12,55,500,56,17,57,120,58,200,59,200,52.5
2026-04-18 12:09:40 PM,KXATPMATCH-26APR19COBSHE-COB,51,6,50,88,34,78,33,200,9,200,55,500,56,17,57,120,58,200,59,200,53.0
2026-04-18 12:09:40 PM,KXATPMATCH-26APR19COBSHE-COB,51,6,50,88,34,96,33,200,9,200,55,500,56,17,57,120,58,200,59,200,53.0
2026-04-18 12:09:40 PM,KXATPMATCH-26APR19COBSHE-COB,51,6,50,88,34,96,33,200,9,200,54,15,55,500,56,17,57,120,58,200,52.5
2026-04-18 12:09:40 PM,KXATPMATCH-26APR19COBSHE-COB,51,6,50,88,34,96,33,200,9,200,54,15,55,500,56,2,57,120,58,200,52.5
2026-04-18 12:09:40 PM,KXATPMATCH-26APR19COBSHE-COB,50,88,34,96,33,200,9,200,7,12,54,15,55,500,56,2,57,120,58,200,52.0
2026-04-18 12:09:40 PM,KXATPMATCH-26APR19COBSHE-COB,50,88,34,96,33,200,9,200,7,12,55,500,56,2,57,120,58,200,59,200,52.5
2026-04-18 12:09:40 PM,KXATPMATCH-26APR19COBSHE-COB,50,88,34,96,33,200,9,200,7,12,54,8,55,500,56,2,57,120,58,200,52.0
2026-04-18 12:09:40 PM,KXATPMATCH-26APR19COBSHE-COB,50,88,34,96,33,200,9,200,7,12,54,31,55,500,56,2,57,120,58,200,52.0
2026-04-18 12:09:40 PM,KXATPMATCH-26APR19COBSHE-COB,50,88,41,6,34,96,33,200,9,200,54,31,55,500,56,2,57,120,58,200,52.0
2026-04-18 12:09:40 PM,KXATPMATCH-26APR19COBSHE-COB,50,88,41,6,34,18,33,200,9,200,54,31,55,500,56,2,57,120,58,200,52.0
2026-04-18 12:09:41 PM,KXATPMATCH-26APR19COBSHE-COB,50,88,41,6,34,18,33,200,9,200,54,42,55,500,56,2,57,120,58,200,52.0
2026-04-18 12:09:41 PM,KXATPMATCH-26APR19COBSHE-COB,50,88,34,18,33,200,9,200,7,12,54,42,55,500,56,2,57,120,58,200,52.0
2026-04-18 12:09:41 PM,KXATPMATCH-26APR19COBSHE-COB,50,101,34,18,33,200,9,200,7,12,54,42,55,500,56,2,57,120,58,200,52.0
2026-04-18 12:09:41 PM,KXATPMATCH-26APR19COBSHE-COB,50,101,34,99,33,200,9,200,7,12,54,42,55,500,56,2,57,120,58,200,52.0
2026-04-18 12:09:41 PM,KXATPMATCH-26APR19COBSHE-COB,50,101,34,99,33,200,9,200,7,12,54,57,55,500,56,2,57,120,58,200,52.0
2026-04-18 12:09:41 PM,KXATPMATCH-26APR19COBSHE-COB,50,101,34,99,33,200,9,200,7,12,54,57,55,507,56,2,57,120,58,200,52.0
2026-04-18 12:09:41 PM,KXATPMATCH-26APR19COBSHE-COB,50,101,34,99,33,200,9,200,7,12,54,68,55,507,56,2,57,120,58,200,52.0
2026-04-18 12:09:48 PM,KXATPMATCH-26APR19COBSHE-COB,50,101,34,99,33,200,9,200,7,12,54,53,55,507,56,2,57,120,58,200,52.0
2026-04-18 12:09:48 PM,KXATPMATCH-26APR19COBSHE-COB,50,101,34,99,33,200,9,200,7,12,55,507,56,2,57,120,58,200,59,200,52.5
2026-04-18 12:09:48 PM,KXATPMATCH-26APR19COBSHE-COB,50,88,34,99,33,200,9,200,7,12,55,507,56,2,57,120,58,200,59,200,52.5
2026-04-18 12:09:48 PM,KXATPMATCH-26APR19COBSHE-COB,50,88,34,99,33,200,9,200,7,12,55,500,56,2,57,120,58,200,59,200,52.5
2026-04-18 12:09:48 PM,KXATPMATCH-26APR19COBSHE-COB,51,6,50,88,34,99,33,200,9,200,55,500,56,2,57,120,58,200,59,200,53.0
2026-04-18 12:09:48 PM,KXATPMATCH-26APR19COBSHE-COB,51,6,50,88,34,99,33,200,9,200,55,500,56,16,57,120,58,200,59,200,53.0
2026-04-18 12:09:49 PM,KXATPMATCH-26APR19COBSHE-COB,51,6,50,88,34,99,33,200,9,200,55,500,56,2,57,120,58,200,59,200,53.0
2026-04-18 12:09:49 PM,KXATPMATCH-26APR19COBSHE-COB,51,19,50,88,34,99,33,200,9,200,55,500,56,2,57,120,58,200,59,200,53.0
2026-04-18 12:09:49 PM,KXATPMATCH-26APR19COBSHE-COB,51,19,50,88,34,99,33,200,9,200,55,509,56,2,57,120,58,200,59,200,53.0
2026-04-18 12:09:49 PM,KXATPMATCH-26APR19COBSHE-COB,51,13,50,88,34,99,33,200,9,200,55,509,56,2,57,120,58,200,59,200,53.0
2026-04-18 12:09:49 PM,KXATPMATCH-26APR19COBSHE-COB,50,88,34,99,33,200,9,200,7,12,55,509,56,2,57,120,58,200,59,200,52.5
2026-04-18 12:09:49 PM,KXATPMATCH-26APR19COBSHE-COB,50,88,34,99,33,200,9,200,7,12,55,500,56,2,57,120,58,200,59,200,52.5
2026-04-18 12:09:49 PM,KXATPMATCH-26APR19COBSHE-COB,51,12,50,88,34,99,33,200,9,200,55,500,56,2,57,120,58,200,59,200,53.0
2026-04-18 12:09:49 PM,KXATPMATCH-26APR19COBSHE-COB,51,12,50,88,34,99,33,200,9,200,55,509,56,2,57,120,58,200,59,200,53.0
2026-04-18 12:09:49 PM,KXATPMATCH-26APR19COBSHE-COB,51,12,50,88,34,99,33,200,9,200,55,509,56,9,57,120,58,200,59,200,53.0
2026-04-18 12:09:49 PM,KXATPMATCH-26APR19COBSHE-COB,50,88,34,99,33,200,9,200,7,12,55,509,56,9,57,120,58,200,59,200,52.5
2026-04-18 12:09:49 PM,KXATPMATCH-26APR19COBSHE-COB,50,88,34,99,33,200,9,200,7,12,55,500,56,9,57,120,58,200,59,200,52.5
2026-04-18 12:09:49 PM,KXATPMATCH-26APR19COBSHE-COB,50,88,34,99,33,200,9,200,7,12,55,500,56,2,57,120,58,200,59,200,52.5
2026-04-18 12:09:50 PM,KXATPMATCH-26APR19COBSHE-COB,51,12,50,88,34,99,33,200,9,200,55,500,56,2,57,120,58,200,59,200,53.0
2026-04-18 12:09:50 PM,KXATPMATCH-26APR19COBSHE-COB,51,12,50,88,34,99,33,200,9,200,55,509,56,2,57,120,58,200,59,200,53.0
2026-04-18 12:09:50 PM,KXATPMATCH-26APR19COBSHE-COB,51,12,50,88,34,99,33,200,9,200,55,509,56,9,57,120,58,200,59,200,53.0
2026-04-18 12:09:50 PM,KXATPMATCH-26APR19COBSHE-COB,50,88,34,99,33,200,9,200,7,12,55,509,56,9,57,120,58,200,59,200,52.5
2026-04-18 12:09:50 PM,KXATPMATCH-26APR19COBSHE-COB,50,88,34,99,33,200,9,200,7,12,55,500,56,9,57,120,58,200,59,200,52.5
2026-04-18 12:09:50 PM,KXATPMATCH-26APR19COBSHE-COB,50,88,34,99,33,200,9,200,7,12,55,500,56,2,57,120,58,200,59,200,52.5
2026-04-18 12:09:50 PM,KXATPMATCH-26APR19COBSHE-COB,51,12,50,88,34,99,33,200,9,200,55,500,56,2,57,120,58,200,59,200,53.0
2026-04-18 12:09:50 PM,KXATPMATCH-26APR19COBSHE-COB,51,12,50,88,34,99,33,200,9,200,55,509,56,2,57,120,58,200,59,200,53.0
2026-04-18 12:09:50 PM,KXATPMATCH-26APR19COBSHE-COB,51,12,50,88,34,99,33,200,9,200,55,509,56,9,57,120,58,200,59,200,53.0
2026-04-18 12:09:50 PM,KXATPMATCH-26APR19COBSHE-COB,50,88,34,99,33,200,9,200,7,12,55,509,56,9,57,120,58,200,59,200,52.5
2026-04-18 12:09:50 PM,KXATPMATCH-26APR19COBSHE-COB,50,88,34,99,33,200,9,200,7,12,55,500,56,9,57,120,58,200,59,200,52.5
2026-04-18 12:09:50 PM,KXATPMATCH-26APR19COBSHE-COB,50,88,34,99,33,200,9,200,7,12,55,500,56,2,57,120,58,200,59,200,52.5
2026-04-18 12:09:51 PM,KXATPMATCH-26APR19COBSHE-COB,51,12,50,88,34,99,33,200,9,200,55,500,56,2,57,120,58,200,59,200,53.0
2026-04-18 12:09:51 PM,KXATPMATCH-26APR19COBSHE-COB,51,12,50,88,34,99,33,200,9,200,55,509,56,2,57,120,58,200,59,200,53.0
2026-04-18 12:09:51 PM,KXATPMATCH-26APR19COBSHE-COB,50,88,34,99,33,200,9,200,7,12,55,509,56,2,57,120,58,200,59,200,52.5
2026-04-18 12:09:51 PM,KXATPMATCH-26APR19COBSHE-COB,50,88,34,99,33,200,9,200,7,12,55,500,56,2,57,120,58,200,59,200,52.5
2026-04-18 12:09:51 PM,KXATPMATCH-26APR19COBSHE-COB,51,12,50,88,34,99,33,200,9,200,55,500,56,2,57,120,58,200,59,200,53.0
2026-04-18 12:09:51 PM,KXATPMATCH-26APR19COBSHE-COB,51,12,50,88,34,99,33,200,9,200,55,509,56,2,57,120,58,200,59,200,53.0
2026-04-18 12:09:51 PM,KXATPMATCH-26APR19COBSHE-COB,51,12,50,88,34,99,33,200,9,200,55,509,56,9,57,120,58,200,59,200,53.0
2026-04-18 12:09:51 PM,KXATPMATCH-26APR19COBSHE-COB,50,88,34,99,33,200,9,200,7,12,55,509,56,9,57,120,58,200,59,200,52.5
2026-04-18 12:09:51 PM,KXATPMATCH-26APR19COBSHE-COB,50,88,34,99,33,200,9,200,7,12,55,500,56,9,57,120,58,200,59,200,52.5
2026-04-18 12:09:51 PM,KXATPMATCH-26APR19COBSHE-COB,50,88,34,99,33,200,9,200,7,12,55,500,56,2,57,120,58,200,59,200,52.5
2026-04-18 12:09:52 PM,KXATPMATCH-26APR19COBSHE-COB,51,12,50,88,34,99,33,200,9,200,55,500,56,2,57,120,58,200,59,200,53.0
2026-04-18 12:09:52 PM,KXATPMATCH-26APR19COBSHE-COB,51,12,50,88,34,99,33,200,9,200,55,509,56,2,57,120,58,200,59,200,53.0
2026-04-18 12:09:52 PM,KXATPMATCH-26APR19COBSHE-COB,51,12,50,88,34,99,33,200,9,200,55,509,56,9,57,120,58,200,59,200,53.0
2026-04-18 12:09:52 PM,KXATPMATCH-26APR19COBSHE-COB,50,88,34,99,33,200,9,200,7,12,55,509,56,9,57,120,58,200,59,200,52.5
2026-04-18 12:09:52 PM,KXATPMATCH-26APR19COBSHE-COB,50,88,34,99,33,200,9,200,7,12,55,500,56,9,57,120,58,200,59,200,52.5
2026-04-18 12:09:52 PM,KXATPMATCH-26APR19COBSHE-COB,50,88,34,99,33,200,9,200,7,12,55,500,56,2,57,120,58,200,59,200,52.5
2026-04-18 12:09:52 PM,KXATPMATCH-26APR19COBSHE-COB,51,12,50,88,34,99,33,200,9,200,55,500,56,2,57,120,58,200,59,200,53.0
2026-04-18 12:09:52 PM,KXATPMATCH-26APR19COBSHE-COB,51,12,50,88,34,99,33,200,9,200,55,509,56,2,57,120,58,200,59,200,53.0
2026-04-18 12:09:52 PM,KXATPMATCH-26APR19COBSHE-COB,50,88,34,99,33,200,9,200,7,12,55,509,56,2,57,120,58,200,59,200,52.5
2026-04-18 12:09:52 PM,KXATPMATCH-26APR19COBSHE-COB,50,88,34,99,33,200,9,200,7,12,55,500,56,2,57,120,58,200,59,200,52.5
2026-04-18 12:09:53 PM,KXATPMATCH-26APR19COBSHE-COB,51,12,50,88,34,99,33,200,9,200,55,500,56,2,57,120,58,200,59,200,53.0
2026-04-18 12:09:53 PM,KXATPMATCH-26APR19COBSHE-COB,51,12,50,88,34,99,33,200,9,200,55,509,56,2,57,120,58,200,59,200,53.0
2026-04-18 12:09:53 PM,KXATPMATCH-26APR19COBSHE-COB,51,12,50,88,34,99,33,200,9,200,55,509,56,9,57,120,58,200,59,200,53.0
2026-04-18 12:09:53 PM,KXATPMATCH-26APR19COBSHE-COB,50,88,34,99,33,200,9,200,7,12,55,509,56,9,57,120,58,200,59,200,52.5
2026-04-18 12:09:53 PM,KXATPMATCH-26APR19COBSHE-COB,50,88,34,99,33,200,9,200,7,12,55,500,56,9,57,120,58,200,59,200,52.5
2026-04-18 12:09:53 PM,KXATPMATCH-26APR19COBSHE-COB,50,88,34,99,33,200,9,200,7,12,55,500,56,2,57,120,58,200,59,200,52.5
2026-04-18 12:09:53 PM,KXATPMATCH-26APR19COBSHE-COB,50,88,43,12,34,99,33,200,9,200,55,500,56,2,57,120,58,200,59,200,52.5
2026-04-18 12:09:53 PM,KXATPMATCH-26APR19COBSHE-COB,50,88,43,12,34,99,33,200,9,200,55,500,56,2,57,120,58,209,59,200,52.5
2026-04-18 12:09:54 PM,KXATPMATCH-26APR19COBSHE-COB,51,9,50,88,43,12,34,99,33,200,55,500,56,2,57,120,58,209,59,200,53.0
2026-04-18 12:09:54 PM,KXATPMATCH-26APR19COBSHE-COB,51,9,50,88,34,99,33,200,9,200,55,500,56,2,57,120,58,209,59,200,53.0
2026-04-18 12:09:54 PM,KXATPMATCH-26APR19COBSHE-COB,51,9,50,88,34,99,33,200,9,200,55,500,56,2,57,120,58,200,59,200,53.0
2026-04-18 12:09:54 PM,KXATPMATCH-26APR19COBSHE-COB,50,88,34,99,33,200,9,200,7,12,55,500,56,2,57,120,58,200,59,200,52.5
2026-04-18 12:09:54 PM,KXATPMATCH-26APR19COBSHE-COB,51,12,50,88,34,99,33,200,9,200,55,500,56,2,57,120,58,200,59,200,53.0
2026-04-18 12:09:54 PM,KXATPMATCH-26APR19COBSHE-COB,51,12,50,88,34,99,33,200,9,200,55,509,56,2,57,120,58,200,59,200,53.0
2026-04-18 12:09:54 PM,KXATPMATCH-26APR19COBSHE-COB,50,88,34,99,33,200,9,200,7,12,55,509,56,2,57,120,58,200,59,200,52.5
2026-04-18 12:09:54 PM,KXATPMATCH-26APR19COBSHE-COB,50,88,34,99,33,200,9,200,7,12,55,500,56,2,57,120,58,200,59,200,52.5
2026-04-18 12:09:55 PM,KXATPMATCH-26APR19COBSHE-COB,51,12,50,88,34,99,33,200,9,200,55,500,56,2,57,120,58,200,59,200,53.0
2026-04-18 12:09:55 PM,KXATPMATCH-26APR19COBSHE-COB,51,12,50,88,34,99,33,200,9,200,55,509,56,2,57,120,58,200,59,200,53.0
2026-04-18 12:09:55 PM,KXATPMATCH-26APR19COBSHE-COB,50,88,34,99,33,200,9,200,7,12,55,509,56,2,57,120,58,200,59,200,52.5
2026-04-18 12:09:55 PM,KXATPMATCH-26APR19COBSHE-COB,50,88,34,99,33,200,9,200,7,12,55,500,56,2,57,120,58,200,59,200,52.5
2026-04-18 12:09:55 PM,KXATPMATCH-26APR19COBSHE-COB,51,12,50,88,34,99,33,200,9,200,55,500,56,2,57,120,58,200,59,200,53.0
2026-04-18 12:09:55 PM,KXATPMATCH-26APR19COBSHE-COB,51,12,50,88,34,99,33,200,9,200,55,509,56,2,57,120,58,200,59,200,53.0
2026-04-18 12:09:55 PM,KXATPMATCH-26APR19COBSHE-COB,51,12,50,88,34,99,33,200,9,200,55,509,56,9,57,120,58,200,59,200,53.0
2026-04-18 12:09:55 PM,KXATPMATCH-26APR19COBSHE-COB,50,88,34,99,33,200,9,200,7,12,55,509,56,9,57,120,58,200,59,200,52.5
2026-04-18 12:09:55 PM,KXATPMATCH-26APR19COBSHE-COB,50,88,34,99,33,200,9,200,7,12,55,500,56,9,57,120,58,200,59,200,52.5
2026-04-18 12:09:55 PM,KXATPMATCH-26APR19COBSHE-COB,50,88,34,99,33,200,9,200,7,12,55,500,56,2,57,120,58,200,59,200,52.5
2026-04-18 12:09:56 PM,KXATPMATCH-26APR19COBSHE-COB,51,12,50,88,34,99,33,200,9,200,55,500,56,2,57,120,58,200,59,200,53.0
2026-04-18 12:09:56 PM,KXATPMATCH-26APR19COBSHE-COB,51,12,50,88,34,99,33,200,9,200,55,509,56,2,57,120,58,200,59,200,53.0
2026-04-18 12:09:56 PM,KXATPMATCH-26APR19COBSHE-COB,51,12,50,88,34,99,33,200,9,200,55,509,56,9,57,120,58,200,59,200,53.0
2026-04-18 12:09:56 PM,KXATPMATCH-26APR19COBSHE-COB,50,88,34,99,33,200,9,200,7,12,55,509,56,9,57,120,58,200,59,200,52.5
2026-04-18 12:09:56 PM,KXATPMATCH-26APR19COBSHE-COB,50,88,34,99,33,200,9,200,7,12,55,500,56,9,57,120,58,200,59,200,52.5
2026-04-18 12:09:56 PM,KXATPMATCH-26APR19COBSHE-COB,50,88,34,99,33,200,9,200,7,12,55,500,56,2,57,120,58,200,59,200,52.5
2026-04-18 12:09:56 PM,KXATPMATCH-26APR19COBSHE-COB,51,12,50,88,34,99,33,200,9,200,55,500,56,2,57,120,58,200,59,200,53.0
2026-04-18 12:09:56 PM,KXATPMATCH-26APR19COBSHE-COB,51,12,50,88,34,99,33,200,9,200,55,509,56,2,57,120,58,200,59,200,53.0
2026-04-18 12:09:56 PM,KXATPMATCH-26APR19COBSHE-COB,50,88,34,99,33,200,9,200,7,12,55,509,56,2,57,120,58,200,59,200,52.5
2026-04-18 12:09:56 PM,KXATPMATCH-26APR19COBSHE-COB,50,88,34,99,33,200,9,200,7,12,55,500,56,2,57,120,58,200,59,200,52.5
2026-04-18 12:09:57 PM,KXATPMATCH-26APR19COBSHE-COB,50,88,43,9,34,99,33,200,9,200,55,500,56,2,57,120,58,200,59,200,52.5
2026-04-18 12:09:57 PM,KXATPMATCH-26APR19COBSHE-COB,50,88,43,9,34,99,33,200,9,200,55,500,56,2,57,120,58,209,59,200,52.5
2026-04-18 12:09:57 PM,KXATPMATCH-26APR19COBSHE-COB,50,88,34,99,33,200,9,200,7,12,55,500,56,2,57,120,58,209,59,200,52.5
2026-04-18 12:09:57 PM,KXATPMATCH-26APR19COBSHE-COB,50,88,34,99,33,200,9,200,7,12,55,500,56,2,57,120,58,200,59,200,52.5
2026-04-18 12:09:57 PM,KXATPMATCH-26APR19COBSHE-COB,51,12,50,88,34,99,33,200,9,200,55,500,56,2,57,120,58,200,59,200,53.0
2026-04-18 12:09:57 PM,KXATPMATCH-26APR19COBSHE-COB,51,12,50,88,34,99,33,200,9,200,54,9,55,500,56,2,57,120,58,200,52.5
2026-04-18 12:09:57 PM,KXATPMATCH-26APR19COBSHE-COB,51,12,50,88,34,99,33,200,9,200,55,500,56,2,57,120,58,200,59,200,53.0
2026-04-18 12:09:57 PM,KXATPMATCH-26APR19COBSHE-COB,51,12,50,88,34,99,33,200,9,200,55,490,56,2,57,120,58,200,59,200,53.0
2026-04-18 12:09:57 PM,KXATPMATCH-26APR19COBSHE-COB,50,88,34,99,33,200,9,200,7,12,55,490,56,2,57,120,58,200,59,200,52.5
2026-04-18 12:09:58 PM,KXATPMATCH-26APR19COBSHE-COB,51,15,50,88,34,99,33,200,9,200,55,490,56,2,57,120,58,200,59,200,53.0
2026-04-18 12:09:58 PM,KXATPMATCH-26APR19COBSHE-COB,51,15,50,88,34,99,33,200,9,200,55,495,56,2,57,120,58,200,59,200,53.0
2026-04-18 12:09:58 PM,KXATPMATCH-26APR19COBSHE-COB,51,15,50,88,34,99,33,200,9,200,55,495,56,9,57,120,58,200,59,200,53.0
2026-04-18 12:09:58 PM,KXATPMATCH-26APR19COBSHE-COB,50,88,34,99,33,200,9,200,7,12,55,495,56,9,57,120,58,200,59,200,52.5
2026-04-18 12:09:58 PM,KXATPMATCH-26APR19COBSHE-COB,50,88,34,99,33,200,9,200,7,12,55,490,56,9,57,120,58,200,59,200,52.5
2026-04-18 12:09:58 PM,KXATPMATCH-26APR19COBSHE-COB,50,88,34,99,33,200,9,200,7,12,55,490,56,2,57,120,58,200,59,200,52.5
2026-04-18 12:09:58 PM,KXATPMATCH-26APR19COBSHE-COB,51,15,50,88,34,99,33,200,9,200,55,490,56,2,57,120,58,200,59,200,53.0
2026-04-18 12:09:58 PM,KXATPMATCH-26APR19COBSHE-COB,51,15,50,88,34,99,33,200,9,200,55,495,56,2,57,120,58,200,59,200,53.0
2026-04-18 12:09:58 PM,KXATPMATCH-26APR19COBSHE-COB,50,88,34,99,33,200,9,200,7,12,55,495,56,2,57,120,58,200,59,200,52.5
2026-04-18 12:09:58 PM,KXATPMATCH-26APR19COBSHE-COB,50,88,34,99,33,200,9,200,7,12,55,490,56,2,57,120,58,200,59,200,52.5
2026-04-18 12:09:59 PM,KXATPMATCH-26APR19COBSHE-COB,51,15,50,88,34,99,33,200,9,200,55,490,56,2,57,120,58,200,59,200,53.0
2026-04-18 12:09:59 PM,KXATPMATCH-26APR19COBSHE-COB,51,15,50,88,34,99,33,200,9,200,55,495,56,2,57,120,58,200,59,200,53.0
2026-04-18 12:09:59 PM,KXATPMATCH-26APR19COBSHE-COB,51,15,50,88,34,99,33,200,9,200,55,495,56,9,57,120,58,200,59,200,53.0
2026-04-18 12:09:59 PM,KXATPMATCH-26APR19COBSHE-COB,50,88,34,99,33,200,9,200,7,12,55,495,56,9,57,120,58,200,59,200,52.5
2026-04-18 12:09:59 PM,KXATPMATCH-26APR19COBSHE-COB,50,88,34,99,33,200,9,200,7,12,55,490,56,9,57,120,58,200,59,200,52.5
2026-04-18 12:09:59 PM,KXATPMATCH-26APR19COBSHE-COB,50,88,34,99,33,200,9,200,7,12,55,490,56,2,57,120,58,200,59,200,52.5
2026-04-18 12:09:59 PM,KXATPMATCH-26APR19COBSHE-COB,51,15,50,88,34,99,33,200,9,200,55,490,56,2,57,120,58,200,59,200,53.0
2026-04-18 12:09:59 PM,KXATPMATCH-26APR19COBSHE-COB,51,15,50,88,34,99,33,200,9,200,55,495,56,2,57,120,58,200,59,200,53.0
2026-04-18 12:09:59 PM,KXATPMATCH-26APR19COBSHE-COB,51,15,50,88,34,99,33,200,9,200,55,495,56,9,57,120,58,200,59,200,53.0
2026-04-18 12:09:59 PM,KXATPMATCH-26APR19COBSHE-COB,50,88,34,99,33,200,9,200,7,12,55,495,56,9,57,120,58,200,59,200,52.5
2026-04-18 12:09:59 PM,KXATPMATCH-26APR19COBSHE-COB,50,88,34,99,33,200,9,200,7,12,55,490,56,9,57,120,58,200,59,200,52.5
2026-04-18 12:09:59 PM,KXATPMATCH-26APR19COBSHE-COB,50,88,34,99,33,200,9,200,7,12,55,490,56,2,57,120,58,200,59,200,52.5
2026-04-18 12:10:00 PM,KXATPMATCH-26APR19COBSHE-COB,51,15,50,88,34,99,33,200,9,200,55,490,56,2,57,120,58,200,59,200,53.0
2026-04-18 12:10:00 PM,KXATPMATCH-26APR19COBSHE-COB,51,15,50,88,34,99,33,200,9,200,55,495,56,2,57,120,58,200,59,200,53.0
2026-04-18 12:10:00 PM,KXATPMATCH-26APR19COBSHE-COB,51,15,50,88,34,99,33,200,9,200,55,495,56,9,57,120,58,200,59,200,53.0
2026-04-18 12:10:00 PM,KXATPMATCH-26APR19COBSHE-COB,50,88,34,99,33,200,9,200,7,12,55,495,56,9,57,120,58,200,59,200,52.5
2026-04-18 12:10:00 PM,KXATPMATCH-26APR19COBSHE-COB,50,88,34,99,33,200,9,200,7,12,55,490,56,9,57,120,58,200,59,200,52.5
2026-04-18 12:10:00 PM,KXATPMATCH-26APR19COBSHE-COB,50,88,34,99,33,200,9,200,7,12,55,490,56,2,57,120,58,200,59,200,52.5
2026-04-18 12:10:00 PM,KXATPMATCH-26APR19COBSHE-COB,51,15,50,88,34,99,33,200,9,200,55,490,56,2,57,120,58,200,59,200,53.0
2026-04-18 12:10:00 PM,KXATPMATCH-26APR19COBSHE-COB,51,15,50,88,34,99,33,200,9,200,55,495,56,2,57,120,58,200,59,200,53.0
2026-04-18 12:10:00 PM,KXATPMATCH-26APR19COBSHE-COB,51,15,50,88,34,99,33,200,9,200,55,495,56,9,57,120,58,200,59,200,53.0
2026-04-18 12:10:00 PM,KXATPMATCH-26APR19COBSHE-COB,50,88,34,99,33,200,9,200,7,12,55,495,56,9,57,120,58,200,59,200,52.5
2026-04-18 12:10:00 PM,KXATPMATCH-26APR19COBSHE-COB,50,88,34,99,33,200,9,200,7,12,55,490,56,9,57,120,58,200,59,200,52.5
2026-04-18 12:10:00 PM,KXATPMATCH-26APR19COBSHE-COB,50,88,34,99,33,200,9,200,7,12,55,490,56,2,57,120,58,200,59,200,52.5
2026-04-18 12:10:20 PM,KXATPMATCH-26APR19COBSHE-COB,50,88,34,99,33,200,9,200,7,12,56,2,57,120,58,200,59,200,60,200,53.0
2026-04-18 12:10:20 PM,KXATPMATCH-26APR19COBSHE-COB,50,88,34,99,33,200,9,200,7,12,56,502,57,120,58,200,59,200,60,200,53.0
2026-04-18 12:10:20 PM,KXATPMATCH-26APR19COBSHE-COB,51,15,50,88,34,99,33,200,9,200,56,502,57,120,58,200,59,200,60,200,53.5
2026-04-18 12:10:20 PM,KXATPMATCH-26APR19COBSHE-COB,51,15,50,88,34,99,33,200,9,200,56,521,57,120,58,200,59,200,60,200,53.5
2026-04-18 12:10:20 PM,KXATPMATCH-26APR19COBSHE-COB,51,15,50,88,34,99,33,200,9,200,56,521,57,128,58,200,59,200,60,200,53.5
2026-04-18 12:10:20 PM,KXATPMATCH-26APR19COBSHE-COB,50,88,34,99,33,200,9,200,7,12,56,521,57,128,58,200,59,200,60,200,53.0
2026-04-18 12:10:20 PM,KXATPMATCH-26APR19COBSHE-COB,50,88,34,99,33,200,9,200,7,12,56,502,57,128,58,200,59,200,60,200,53.0
2026-04-18 12:10:20 PM,KXATPMATCH-26APR19COBSHE-COB,50,88,34,99,33,200,9,200,7,12,56,502,57,120,58,200,59,200,60,200,53.0
2026-04-18 12:10:20 PM,KXATPMATCH-26APR19COBSHE-COB,51,15,50,88,34,99,33,200,9,200,56,502,57,120,58,200,59,200,60,200,53.5
2026-04-18 12:10:21 PM,KXATPMATCH-26APR19COBSHE-COB,51,15,50,88,34,99,33,200,9,200,55,5,56,502,57,120,58,200,59,200,53.0
2026-04-18 12:10:21 PM,KXATPMATCH-26APR19COBSHE-COB,51,15,50,88,34,99,33,200,9,200,55,5,56,509,57,120,58,200,59,200,53.0
2026-04-18 12:10:21 PM,KXATPMATCH-26APR19COBSHE-COB,50,88,34,99,33,200,9,200,7,12,55,5,56,509,57,120,58,200,59,200,52.5
2026-04-18 12:10:21 PM,KXATPMATCH-26APR19COBSHE-COB,50,88,34,99,33,200,9,200,7,12,56,509,57,120,58,200,59,200,60,200,53.0
2026-04-18 12:10:21 PM,KXATPMATCH-26APR19COBSHE-COB,50,88,34,99,33,200,9,200,7,12,56,502,57,120,58,200,59,200,60,200,53.0
2026-04-18 12:10:21 PM,KXATPMATCH-26APR19COBSHE-COB,50,88,34,99,33,200,9,200,7,12,55,30,56,502,57,120,58,200,59,200,52.5
2026-04-18 12:10:21 PM,KXATPMATCH-26APR19COBSHE-COB,51,15,50,88,34,99,33,200,9,200,55,30,56,502,57,120,58,200,59,200,53.0
2026-04-18 12:10:21 PM,KXATPMATCH-26APR19COBSHE-COB,50,88,34,99,33,200,9,200,7,12,55,30,56,502,57,120,58,200,59,200,52.5
2026-04-18 12:10:22 PM,KXATPMATCH-26APR19COBSHE-COB,50,88,34,81,33,200,9,200,7,12,55,30,56,502,57,120,58,200,59,200,52.5
2026-04-18 12:10:22 PM,KXATPMATCH-26APR19COBSHE-COB,50,88,33,200,9,200,7,12,6,316,55,30,56,502,57,120,58,200,59,200,52.5
2026-04-18 12:10:22 PM,KXATPMATCH-26APR19COBSHE-COB,51,15,50,88,33,200,9,200,7,12,55,30,56,502,57,120,58,200,59,200,53.0
2026-04-18 12:10:22 PM,KXATPMATCH-26APR19COBSHE-COB,51,15,50,88,35,33,33,200,9,200,55,30,56,502,57,120,58,200,59,200,53.0
2026-04-18 12:10:22 PM,KXATPMATCH-26APR19COBSHE-COB,51,15,50,88,35,33,33,200,9,200,54,5,55,30,56,502,57,120,58,200,52.5
2026-04-18 12:10:22 PM,KXATPMATCH-26APR19COBSHE-COB,51,15,50,88,35,33,33,200,9,200,54,5,55,37,56,502,57,120,58,200,52.5
2026-04-18 12:10:22 PM,KXATPMATCH-26APR19COBSHE-COB,50,88,35,33,33,200,9,200,7,12,54,5,55,37,56,502,57,120,58,200,52.0
2026-04-18 12:10:22 PM,KXATPMATCH-26APR19COBSHE-COB,50,88,35,33,33,200,9,200,7,12,55,37,56,502,57,120,58,200,59,200,52.5
2026-04-18 12:10:22 PM,KXATPMATCH-26APR19COBSHE-COB,50,88,35,33,33,200,9,200,7,12,55,30,56,502,57,120,58,200,59,200,52.5
2026-04-18 12:10:22 PM,KXATPMATCH-26APR19COBSHE-COB,50,88,35,33,33,200,9,200,7,12,55,11,56,502,57,120,58,200,59,200,52.5
2026-04-18 12:10:22 PM,KXATPMATCH-26APR19COBSHE-COB,51,15,50,88,35,33,33,200,9,200,55,11,56,502,57,120,58,200,59,200,53.0
2026-04-18 12:10:22 PM,KXATPMATCH-26APR19COBSHE-COB,51,15,50,88,35,33,34,121,33,200,55,11,56,502,57,120,58,200,59,200,53.0
2026-04-18 12:10:22 PM,KXATPMATCH-26APR19COBSHE-COB,51,15,50,88,34,121,33,200,9,200,55,11,56,502,57,120,58,200,59,200,53.0
2026-04-18 12:10:22 PM,KXATPMATCH-26APR19COBSHE-COB,51,15,50,88,34,121,33,200,9,200,55,16,56,502,57,120,58,200,59,200,53.0
2026-04-18 12:10:23 PM,KXATPMATCH-26APR19COBSHE-COB,51,22,50,88,34,121,33,200,9,200,55,16,56,502,57,120,58,200,59,200,53.0
2026-04-18 12:10:23 PM,KXATPMATCH-26APR19COBSHE-COB,51,7,50,88,34,121,33,200,9,200,55,16,56,502,57,120,58,200,59,200,53.0
2026-04-18 12:10:23 PM,KXATPMATCH-26APR19COBSHE-COB,51,7,50,88,34,121,33,200,9,200,55,11,56,502,57,120,58,200,59,200,53.0
2026-04-18 12:10:23 PM,KXATPMATCH-26APR19COBSHE-COB,50,88,34,121,33,200,9,200,7,12,55,11,56,502,57,120,58,200,59,200,52.5
2026-04-18 12:10:23 PM,KXATPMATCH-26APR19COBSHE-COB,50,88,34,121,33,200,9,200,7,12,55,30,56,502,57,120,58,200,59,200,52.5
2026-04-18 12:10:23 PM,KXATPMATCH-26APR19COBSHE-COB,50,88,34,121,33,200,9,200,7,12,56,502,57,120,58,200,59,200,60,200,53.0
2026-04-18 12:10:23 PM,KXATPMATCH-26APR19COBSHE-COB,50,88,34,121,33,200,9,200,7,12,54,30,56,502,57,120,58,200,59,200,52.0
2026-04-18 12:10:23 PM,KXATPMATCH-26APR19COBSHE-COB,50,110,34,121,33,200,9,200,7,12,54,30,56,502,57,120,58,200,59,200,52.0
2026-04-18 12:10:23 PM,KXATPMATCH-26APR19COBSHE-COB,50,110,34,121,33,200,9,200,7,12,54,35,56,502,57,120,58,200,59,200,52.0
2026-04-18 12:10:23 PM,KXATPMATCH-26APR19COBSHE-COB,50,110,34,121,33,200,9,200,7,12,54,35,55,7,56,502,57,120,58,200,52.0
2026-04-18 12:10:24 PM,KXATPMATCH-26APR19COBSHE-COB,50,110,34,121,33,200,9,200,7,12,54,5,55,7,56,502,57,120,58,200,52.0
2026-04-18 12:10:24 PM,KXATPMATCH-26APR19COBSHE-COB,50,110,34,121,33,200,9,200,7,12,55,7,56,502,57,120,58,200,59,200,52.5
2026-04-18 12:10:24 PM,KXATPMATCH-26APR19COBSHE-COB,50,110,34,121,33,200,9,200,7,12,56,502,57,120,58,200,59,200,60,200,53.0
2026-04-18 12:10:24 PM,KXATPMATCH-26APR19COBSHE-COB,50,110,34,121,33,200,9,200,7,12,55,30,56,502,57,120,58,200,59,200,52.5
2026-04-18 12:10:24 PM,KXATPMATCH-26APR19COBSHE-COB,51,15,50,110,34,121,33,200,9,200,55,30,56,502,57,120,58,200,59,200,53.0
2026-04-18 12:10:24 PM,KXATPMATCH-26APR19COBSHE-COB,51,15,50,110,34,121,33,200,9,200,55,35,56,502,57,120,58,200,59,200,53.0
2026-04-18 12:10:24 PM,KXATPMATCH-26APR19COBSHE-COB,51,15,50,110,34,121,33,200,9,200,55,35,56,509,57,120,58,200,59,200,53.0
2026-04-18 12:10:24 PM,KXATPMATCH-26APR19COBSHE-COB,51,15,50,88,34,121,33,200,9,200,55,35,56,509,57,120,58,200,59,200,53.0
2026-04-18 12:10:24 PM,KXATPMATCH-26APR19COBSHE-COB,51,15,50,88,34,121,33,200,9,200,55,14,56,509,57,120,58,200,59,200,53.0
2026-04-18 12:10:24 PM,KXATPMATCH-26APR19COBSHE-COB,51,15,50,88,34,121,33,200,9,200,55,9,56,509,57,120,58,200,59,200,53.0
2026-04-18 12:10:24 PM,KXATPMATCH-26APR19COBSHE-COB,51,15,50,88,34,121,33,200,9,200,55,23,56,509,57,120,58,200,59,200,53.0
2026-04-18 12:10:24 PM,KXATPMATCH-26APR19COBSHE-COB,50,88,34,121,33,200,9,200,7,12,55,23,56,509,57,120,58,200,59,200,52.5
2026-04-18 12:10:24 PM,KXATPMATCH-26APR19COBSHE-COB,50,88,34,121,33,200,9,200,7,12,55,23,56,502,57,120,58,200,59,200,52.5
2026-04-18 12:10:25 PM,KXATPMATCH-26APR19COBSHE-COB,50,88,34,121,33,200,9,200,7,12,55,9,56,502,57,120,58,200,59,200,52.5
2026-04-18 12:10:25 PM,KXATPMATCH-26APR19COBSHE-COB,51,20,50,88,34,121,33,200,9,200,55,9,56,502,57,120,58,200,59,200,53.0
2026-04-18 12:10:25 PM,KXATPMATCH-26APR19COBSHE-COB,51,20,50,88,34,121,33,200,9,200,55,9,56,510,57,120,58,200,59,200,53.0
2026-04-18 12:10:25 PM,KXATPMATCH-26APR19COBSHE-COB,50,88,34,121,33,200,9,200,7,12,55,9,56,510,57,120,58,200,59,200,52.5
2026-04-18 12:10:25 PM,KXATPMATCH-26APR19COBSHE-COB,50,88,34,121,33,200,9,200,7,12,55,9,56,502,57,120,58,200,59,200,52.5
2026-04-18 12:10:25 PM,KXATPMATCH-26APR19COBSHE-COB,50,88,34,121,33,200,9,200,7,12,55,23,56,502,57,120,58,200,59,200,52.5
2026-04-18 12:10:25 PM,KXATPMATCH-26APR19COBSHE-COB,50,88,34,121,33,200,9,200,7,12,56,502,57,120,58,200,59,200,60,200,53.0
2026-04-18 12:10:25 PM,KXATPMATCH-26APR19COBSHE-COB,51,20,50,88,34,121,33,200,9,200,56,502,57,120,58,200,59,200,60,200,53.5
2026-04-18 12:10:26 PM,KXATPMATCH-26APR19COBSHE-COB,50,88,34,121,33,200,9,200,7,12,56,502,57,120,58,200,59,200,60,200,53.0
2026-04-18 12:10:26 PM,KXATPMATCH-26APR19COBSHE-COB,50,88,45,6,34,121,33,200,9,200,56,502,57,120,58,200,59,200,60,200,53.0
2026-04-18 12:10:26 PM,KXATPMATCH-26APR19COBSHE-COB,50,88,45,6,34,121,33,200,9,200,55,23,56,502,57,120,58,200,59,200,52.5
2026-04-18 12:10:26 PM,KXATPMATCH-26APR19COBSHE-COB,50,88,45,6,34,121,33,200,9,200,55,11,56,502,57,120,58,200,59,200,52.5
2026-04-18 12:10:26 PM,KXATPMATCH-26APR19COBSHE-COB,51,20,50,88,45,6,34,121,33,200,55,11,56,502,57,120,58,200,59,200,53.0
2026-04-18 12:10:26 PM,KXATPMATCH-26APR19COBSHE-COB,51,20,50,88,34,121,33,200,9,200,55,11,56,502,57,120,58,200,59,200,53.0
2026-04-18 12:10:26 PM,KXATPMATCH-26APR19COBSHE-COB,51,20,50,88,34,121,33,200,9,200,55,23,56,502,57,120,58,200,59,200,53.0
2026-04-18 12:10:27 PM,KXATPMATCH-26APR19COBSHE-COB,50,88,34,121,33,200,9,200,7,12,55,23,56,502,57,120,58,200,59,200,52.5
2026-04-18 12:10:27 PM,KXATPMATCH-26APR19COBSHE-COB,50,88,34,121,33,200,9,200,7,12,56,502,57,120,58,200,59,200,60,200,53.0
2026-04-18 12:10:27 PM,KXATPMATCH-26APR19COBSHE-COB,50,88,34,121,33,200,9,200,7,12,54,23,56,502,57,120,58,200,59,200,52.0
2026-04-18 12:10:27 PM,KXATPMATCH-26APR19COBSHE-COB,50,88,34,121,33,200,9,200,7,12,56,502,57,120,58,200,59,200,60,200,53.0
2026-04-18 12:10:27 PM,KXATPMATCH-26APR19COBSHE-COB,51,20,50,88,34,121,33,200,9,200,56,502,57,120,58,200,59,200,60,200,53.5
2026-04-18 12:10:27 PM,KXATPMATCH-26APR19COBSHE-COB,51,20,50,88,34,121,33,200,9,200,56,510,57,120,58,200,59,200,60,200,53.5
2026-04-18 12:10:27 PM,KXATPMATCH-26APR19COBSHE-COB,51,20,50,88,34,121,33,200,9,200,56,510,57,127,58,200,59,200,60,200,53.5
2026-04-18 12:10:27 PM,KXATPMATCH-26APR19COBSHE-COB,50,88,34,121,33,200,9,200,7,12,56,510,57,127,58,200,59,200,60,200,53.0
2026-04-18 12:10:27 PM,KXATPMATCH-26APR19COBSHE-COB,50,88,34,121,33,200,9,200,7,12,56,502,57,127,58,200,59,200,60,200,53.0
2026-04-18 12:10:27 PM,KXATPMATCH-26APR19COBSHE-COB,50,88,34,121,33,200,9,200,7,12,55,23,56,502,57,127,58,200,59,200,52.5
2026-04-18 12:10:27 PM,KXATPMATCH-26APR19COBSHE-COB,50,88,34,121,33,200,9,200,7,12,55,23,56,502,57,120,58,200,59,200,52.5
2026-04-18 12:10:27 PM,KXATPMATCH-26APR19COBSHE-COB,50,88,34,121,33,200,9,200,7,12,55,9,56,502,57,120,58,200,59,200,52.5
2026-04-18 12:10:27 PM,KXATPMATCH-26APR19COBSHE-COB,51,20,50,88,34,121,33,200,9,200,55,9,56,502,57,120,58,200,59,200,53.0
2026-04-18 12:10:27 PM,KXATPMATCH-26APR19COBSHE-COB,50,88,34,121,33,200,9,200,7,12,55,9,56,502,57,120,58,200,59,200,52.5
2026-04-18 12:10:28 PM,KXATPMATCH-26APR19COBSHE-COB,50,88,34,121,33,200,9,200,7,12,55,23,56,502,57,120,58,200,59,200,52.5
2026-04-18 12:10:28 PM,KXATPMATCH-26APR19COBSHE-COB,50,88,34,121,33,200,9,200,7,12,56,502,57,120,58,200,59,200,60,200,53.0
2026-04-18 12:10:28 PM,KXATPMATCH-26APR19COBSHE-COB,51,20,50,88,34,121,33,200,9,200,56,502,57,120,58,200,59,200,60,200,53.5
2026-04-18 12:10:28 PM,KXATPMATCH-26APR19COBSHE-COB,50,88,34,121,33,200,9,200,7,12,56,502,57,120,58,200,59,200,60,200,53.0
2026-04-18 12:10:28 PM,KXATPMATCH-26APR19COBSHE-COB,50,88,34,121,33,200,9,200,7,12,55,23,56,502,57,120,58,200,59,200,52.5
2026-04-18 12:10:28 PM,KXATPMATCH-26APR19COBSHE-COB,50,88,34,121,33,200,9,200,7,12,55,9,56,502,57,120,58,200,59,200,52.5
2026-04-18 12:10:28 PM,KXATPMATCH-26APR19COBSHE-COB,51,20,50,88,34,121,33,200,9,200,55,9,56,502,57,120,58,200,59,200,53.0
2026-04-18 12:10:28 PM,KXATPMATCH-26APR19COBSHE-COB,51,20,50,88,34,121,33,200,9,200,55,9,56,510,57,120,58,200,59,200,53.0
2026-04-18 12:10:28 PM,KXATPMATCH-26APR19COBSHE-COB,51,20,50,88,34,121,33,200,9,200,55,9,56,510,57,127,58,200,59,200,53.0
2026-04-18 12:10:28 PM,KXATPMATCH-26APR19COBSHE-COB,50,88,34,121,33,200,9,200,7,12,55,9,56,510,57,127,58,200,59,200,52.5
2026-04-18 12:10:28 PM,KXATPMATCH-26APR19COBSHE-COB,50,88,34,121,33,200,9,200,7,12,55,9,56,502,57,127,58,200,59,200,52.5
2026-04-18 12:10:28 PM,KXATPMATCH-26APR19COBSHE-COB,50,88,34,121,33,200,9,200,7,12,55,9,56,502,57,120,58,200,59,200,52.5
2026-04-18 12:10:29 PM,KXATPMATCH-26APR19COBSHE-COB,50,88,34,121,33,200,9,200,7,12,56,502,57,120,58,200,59,200,60,200,53.0
2026-04-18 12:10:29 PM,KXATPMATCH-26APR19COBSHE-COB,51,20,50,88,34,121,33,200,9,200,56,502,57,120,58,200,59,200,60,200,53.5
2026-04-18 12:10:29 PM,KXATPMATCH-26APR19COBSHE-COB,51,20,50,88,34,121,33,200,9,200,55,23,56,502,57,120,58,200,59,200,53.0
2026-04-18 12:10:29 PM,KXATPMATCH-26APR19COBSHE-COB,50,88,34,121,33,200,9,200,7,12,55,23,56,502,57,120,58,200,59,200,52.5
2026-04-18 12:10:29 PM,KXATPMATCH-26APR19COBSHE-COB,50,88,34,121,33,200,9,200,7,12,55,9,56,502,57,120,58,200,59,200,52.5
2026-04-18 12:10:29 PM,KXATPMATCH-26APR19COBSHE-COB,51,20,50,88,34,121,33,200,9,200,55,9,56,502,57,120,58,200,59,200,53.0
2026-04-18 12:10:29 PM,KXATPMATCH-26APR19COBSHE-COB,51,20,50,88,34,121,33,200,9,200,55,9,56,510,57,120,58,200,59,200,53.0
2026-04-18 12:10:29 PM,KXATPMATCH-26APR19COBSHE-COB,51,20,50,88,34,121,33,200,9,200,55,9,56,510,57,127,58,200,59,200,53.0
2026-04-18 12:10:29 PM,KXATPMATCH-26APR19COBSHE-COB,50,88,34,121,33,200,9,200,7,12,55,9,56,510,57,127,58,200,59,200,52.5
2026-04-18 12:10:29 PM,KXATPMATCH-26APR19COBSHE-COB,50,88,34,121,33,200,9,200,7,12,55,9,56,502,57,127,58,200,59,200,52.5
2026-04-18 12:10:29 PM,KXATPMATCH-26APR19COBSHE-COB,50,88,34,121,33,200,9,200,7,12,55,9,56,502,57,120,58,200,59,200,52.5
2026-04-18 12:10:30 PM,KXATPMATCH-26APR19COBSHE-COB,50,88,34,121,33,200,9,200,7,12,55,23,56,502,57,120,58,200,59,200,52.5
2026-04-18 12:10:30 PM,KXATPMATCH-26APR19COBSHE-COB,50,88,34,121,33,200,9,200,7,12,55,9,56,502,57,120,58,200,59,200,52.5
2026-04-18 12:10:30 PM,KXATPMATCH-26APR19COBSHE-COB,51,20,50,88,34,121,33,200,9,200,55,9,56,502,57,120,58,200,59,200,53.0
2026-04-18 12:10:30 PM,KXATPMATCH-26APR19COBSHE-COB,51,20,50,88,34,121,33,200,9,200,55,23,56,502,57,120,58,200,59,200,53.0
2026-04-18 12:10:30 PM,KXATPMATCH-26APR19COBSHE-COB,50,88,34,121,33,200,9,200,7,12,55,23,56,502,57,120,58,200,59,200,52.5
2026-04-18 12:10:30 PM,KXATPMATCH-26APR19COBSHE-COB,50,88,34,121,33,200,9,200,7,12,56,502,57,120,58,200,59,200,60,200,53.0
2026-04-18 12:10:30 PM,KXATPMATCH-26APR19COBSHE-COB,50,88,34,121,33,200,9,200,7,12,54,23,56,502,57,120,58,200,59,200,52.0
2026-04-18 12:10:30 PM,KXATPMATCH-26APR19COBSHE-COB,50,88,34,121,33,200,9,200,7,12,56,502,57,120,58,200,59,200,60,200,53.0
2026-04-18 12:10:30 PM,KXATPMATCH-26APR19COBSHE-COB,51,20,50,88,34,121,33,200,9,200,56,502,57,120,58,200,59,200,60,200,53.5
2026-04-18 12:10:30 PM,KXATPMATCH-26APR19COBSHE-COB,51,20,50,88,34,121,33,200,9,200,56,510,57,120,58,200,59,200,60,200,53.5
2026-04-18 12:10:30 PM,KXATPMATCH-26APR19COBSHE-COB,51,20,50,88,34,121,33,200,9,200,56,510,57,127,58,200,59,200,60,200,53.5
2026-04-18 12:10:30 PM,KXATPMATCH-26APR19COBSHE-COB,51,20,50,88,34,121,33,200,9,200,55,23,56,510,57,127,58,200,59,200,53.0
2026-04-18 12:10:30 PM,KXATPMATCH-26APR19COBSHE-COB,50,88,34,121,33,200,9,200,7,12,55,23,56,510,57,127,58,200,59,200,52.5
2026-04-18 12:10:30 PM,KXATPMATCH-26APR19COBSHE-COB,50,88,34,121,33,200,9,200,7,12,55,23,56,502,57,127,58,200,59,200,52.5
2026-04-18 12:10:30 PM,KXATPMATCH-26APR19COBSHE-COB,50,88,34,121,33,200,9,200,7,12,55,23,56,502,57,120,58,200,59,200,52.5
2026-04-18 12:10:31 PM,KXATPMATCH-26APR19COBSHE-COB,50,88,34,121,33,200,9,200,7,12,55,9,56,502,57,120,58,200,59,200,52.5
2026-04-18 12:10:31 PM,KXATPMATCH-26APR19COBSHE-COB,51,20,50,88,34,121,33,200,9,200,55,9,56,502,57,120,58,200,59,200,53.0
2026-04-18 12:10:31 PM,KXATPMATCH-26APR19COBSHE-COB,51,20,50,88,34,121,33,200,9,200,55,23,56,502,57,120,58,200,59,200,53.0
2026-04-18 12:10:31 PM,KXATPMATCH-26APR19COBSHE-COB,50,88,34,121,33,200,9,200,7,12,55,23,56,502,57,120,58,200,59,200,52.5
2026-04-18 12:10:31 PM,KXATPMATCH-26APR19COBSHE-COB,50,88,34,121,33,200,9,200,7,12,55,9,56,502,57,120,58,200,59,200,52.5
2026-04-18 12:10:31 PM,KXATPMATCH-26APR19COBSHE-COB,50,88,46,6,34,121,33,200,9,200,55,9,56,502,57,120,58,200,59,200,52.5
2026-04-18 12:10:32 PM,KXATPMATCH-26APR19COBSHE-COB,50,88,46,6,34,121,33,200,9,200,55,23,56,502,57,120,58,200,59,200,52.5
2026-04-18 12:10:32 PM,KXATPMATCH-26APR19COBSHE-COB,50,88,46,6,34,121,33,200,9,200,56,502,57,120,58,200,59,200,60,200,53.0
2026-04-18 12:10:32 PM,KXATPMATCH-26APR19COBSHE-COB,50,88,46,6,34,121,33,200,9,200,54,23,56,502,57,120,58,200,59,200,52.0
2026-04-18 12:10:32 PM,KXATPMATCH-26APR19COBSHE-COB,50,88,34,121,33,200,9,200,7,12,54,23,56,502,57,120,58,200,59,200,52.0
2026-04-18 12:10:32 PM,KXATPMATCH-26APR19COBSHE-COB,50,115,34,121,33,200,9,200,7,12,54,23,56,502,57,120,58,200,59,200,52.0
2026-04-18 12:10:32 PM,KXATPMATCH-26APR19COBSHE-COB,50,115,34,121,33,200,9,200,7,12,54,23,55,8,56,502,57,120,58,200,52.0
2026-04-18 12:10:32 PM,KXATPMATCH-26APR19COBSHE-COB,50,115,34,121,33,200,9,200,7,12,54,25,55,8,56,502,57,120,58,200,52.0
2026-04-18 12:10:46 PM,KXATPMATCH-26APR19COBSHE-COB,50,115,34,121,33,200,9,200,7,12,54,25,55,8,56,2,57,120,58,200,52.0
2026-04-18 12:10:46 PM,KXATPMATCH-26APR19COBSHE-COB,50,115,34,121,33,200,9,200,7,12,53,500,54,25,55,8,56,2,57,120,51.5
2026-04-18 12:10:46 PM,KXATPMATCH-26APR19COBSHE-COB,50,115,34,121,33,200,9,200,7,12,53,500,55,8,56,2,57,120,58,200,51.5
2026-04-18 12:10:46 PM,KXATPMATCH-26APR19COBSHE-COB,50,115,34,121,33,200,9,200,7,12,53,500,55,8,56,9,57,120,58,200,51.5
2026-04-18 12:10:51 PM,KXATPMATCH-26APR19COBSHE-COB,50,115,34,121,33,200,9,200,7,12,55,8,56,9,57,120,58,200,59,200,52.5
2026-04-18 12:10:51 PM,KXATPMATCH-26APR19COBSHE-COB,50,115,34,121,33,200,9,200,7,12,54,500,55,8,56,9,57,120,58,200,52.0
2026-04-18 12:10:51 PM,KXATPMATCH-26APR19COBSHE-COB,51,20,50,115,34,121,33,200,9,200,54,500,55,8,56,9,57,120,58,200,52.5
2026-04-18 12:10:51 PM,KXATPMATCH-26APR19COBSHE-COB,51,20,50,115,34,121,33,200,9,200,54,500,55,8,56,17,57,120,58,200,52.5
2026-04-18 12:10:51 PM,KXATPMATCH-26APR19COBSHE-COB,51,20,50,115,34,121,33,200,9,200,54,500,55,8,56,17,57,127,58,200,52.5
2026-04-18 12:10:51 PM,KXATPMATCH-26APR19COBSHE-COB,51,20,50,88,34,121,33,200,9,200,54,500,55,8,56,17,57,127,58,200,52.5
2026-04-18 12:10:51 PM,KXATPMATCH-26APR19COBSHE-COB,51,20,50,88,34,121,33,200,9,200,54,500,56,17,57,127,58,200,59,200,52.5
2026-04-18 12:10:51 PM,KXATPMATCH-26APR19COBSHE-COB,51,20,50,88,34,121,33,200,9,200,54,500,56,10,57,127,58,200,59,200,52.5
2026-04-18 12:10:51 PM,KXATPMATCH-26APR19COBSHE-COB,50,88,34,121,33,200,9,200,7,12,54,500,56,10,57,127,58,200,59,200,52.0
2026-04-18 12:10:51 PM,KXATPMATCH-26APR19COBSHE-COB,50,88,34,121,33,200,9,200,7,12,54,500,56,2,57,127,58,200,59,200,52.0
2026-04-18 12:10:51 PM,KXATPMATCH-26APR19COBSHE-COB,50,88,34,121,33,200,9,200,7,12,54,500,56,2,57,120,58,200,59,200,52.0
2026-04-18 12:10:51 PM,KXATPMATCH-26APR19COBSHE-COB,50,115,34,121,33,200,9,200,7,12,54,500,56,2,57,120,58,200,59,200,52.0
2026-04-18 12:10:51 PM,KXATPMATCH-26APR19COBSHE-COB,50,115,34,121,33,200,9,200,7,12,54,500,56,10,57,120,58,200,59,200,52.0
2026-04-18 12:10:51 PM,KXATPMATCH-26APR19COBSHE-COB,50,115,34,121,33,200,9,200,7,12,54,500,56,10,57,127,58,200,59,200,52.0
2026-04-18 12:10:55 PM,KXATPMATCH-26APR19COBSHE-COB,50,115,34,121,33,200,9,200,7,12,56,10,57,127,58,200,59,200,60,200,53.0
2026-04-18 12:10:55 PM,KXATPMATCH-26APR19COBSHE-COB,50,115,34,121,33,200,9,200,7,12,55,500,56,10,57,127,58,200,59,200,52.5
2026-04-18 12:10:55 PM,KXATPMATCH-26APR19COBSHE-COB,50,88,34,121,33,200,9,200,7,12,55,500,56,10,57,127,58,200,59,200,52.5
2026-04-18 12:10:55 PM,KXATPMATCH-26APR19COBSHE-COB,51,20,50,88,34,121,33,200,9,200,55,500,56,10,57,127,58,200,59,200,53.0
2026-04-18 12:10:56 PM,KXATPMATCH-26APR19COBSHE-COB,51,27,50,88,34,121,33,200,9,200,55,500,56,10,57,127,58,200,59,200,53.0
2026-04-18 12:11:19 PM,KXATPMATCH-26APR19COBSHE-COB,51,15,50,88,34,121,33,200,9,200,55,500,56,10,57,127,58,200,59,200,53.0
2026-04-18 12:11:19 PM,KXATPMATCH-26APR19COBSHE-COB,51,15,50,88,34,121,33,200,9,200,55,500,56,10,57,120,58,200,59,200,53.0
2026-04-18 12:11:19 PM,KXATPMATCH-26APR19COBSHE-COB,51,22,50,88,34,121,33,200,9,200,55,500,56,10,57,120,58,200,59,200,53.0
2026-04-18 12:11:19 PM,KXATPMATCH-26APR19COBSHE-COB,51,22,50,88,34,121,33,200,9,200,55,505,56,10,57,120,58,200,59,200,53.0
2026-04-18 12:11:45 PM,KXATPMATCH-26APR19COBSHE-COB,51,22,50,88,35,100,34,121,33,200,55,505,56,10,57,120,58,200,59,200,53.0
2026-04-18 12:11:45 PM,KXATPMATCH-26APR19COBSHE-COB,51,22,50,88,35,100,33,200,9,200,55,505,56,10,57,120,58,200,59,200,53.0
2026-04-18 12:11:45 PM,KXATPMATCH-26APR19COBSHE-COB,51,22,50,88,36,26,35,100,33,200,55,505,56,10,57,120,58,200,59,200,53.0
2026-04-18 12:11:45 PM,KXATPMATCH-26APR19COBSHE-COB,51,22,50,88,36,26,33,200,9,200,55,505,56,10,57,120,58,200,59,200,53.0
2026-04-18 12:11:45 PM,KXATPMATCH-26APR19COBSHE-COB,51,22,50,88,36,26,33,200,10,100,55,505,56,10,57,120,58,200,59,200,53.0
2026-04-18 12:11:46 PM,KXATPMATCH-26APR19COBSHE-COB,51,22,50,88,41,60,36,26,33,200,55,505,56,10,57,120,58,200,59,200,53.0
2026-04-18 12:11:46 PM,KXATPMATCH-26APR19COBSHE-COB,51,22,50,88,42,64,41,60,36,26,55,505,56,10,57,120,58,200,59,200,53.0
2026-04-18 12:11:46 PM,KXATPMATCH-26APR19COBSHE-COB,51,22,50,88,42,64,41,60,33,200,55,505,56,10,57,120,58,200,59,200,53.0
2026-04-18 12:11:46 PM,KXATPMATCH-26APR19COBSHE-COB,51,22,50,88,43,35,42,64,41,60,55,505,56,10,57,120,58,200,59,200,53.0
2026-04-18 12:11:46 PM,KXATPMATCH-26APR19COBSHE-COB,51,22,50,88,42,64,41,60,33,200,55,505,56,10,57,120,58,200,59,200,53.0
2026-04-18 12:11:47 PM,KXATPMATCH-26APR19COBSHE-COB,51,22,50,88,43,60,42,64,41,60,55,505,56,10,57,120,58,200,59,200,53.0
2026-04-18 12:11:47 PM,KXATPMATCH-26APR19COBSHE-COB,51,22,50,88,43,60,41,60,33,200,55,505,56,10,57,120,58,200,59,200,53.0
2026-04-18 12:11:47 PM,KXATPMATCH-26APR19COBSHE-COB,51,22,50,88,44,26,43,60,41,60,55,505,56,10,57,120,58,200,59,200,53.0
2026-04-18 12:11:48 PM,KXATPMATCH-26APR19COBSHE-COB,51,22,50,88,44,61,43,60,41,60,55,505,56,10,57,120,58,200,59,200,53.0
2026-04-18 12:11:48 PM,KXATPMATCH-26APR19COBSHE-COB,51,22,50,88,45,43,44,61,43,60,55,505,56,10,57,120,58,200,59,200,53.0
2026-04-18 12:11:48 PM,KXATPMATCH-26APR19COBSHE-COB,51,22,50,88,45,43,44,35,43,60,55,505,56,10,57,120,58,200,59,200,53.0
2026-04-18 12:12:54 PM,KXATPMATCH-26APR19COBSHE-COB,51,17,50,88,45,43,44,35,43,60,55,505,56,10,57,120,58,200,59,200,53.0
2026-04-18 12:12:54 PM,KXATPMATCH-26APR19COBSHE-COB,51,17,50,88,45,43,44,35,43,60,55,507,56,10,57,120,58,200,59,200,53.0
2026-04-18 12:13:04 PM,KXATPMATCH-26APR19COBSHE-COB,51,15,50,88,45,43,44,35,43,60,55,507,56,10,57,120,58,200,59,200,53.0
2026-04-18 12:13:04 PM,KXATPMATCH-26APR19COBSHE-COB,51,8,50,88,45,43,44,35,43,60,55,507,56,10,57,120,58,200,59,200,53.0
2026-04-18 12:13:04 PM,KXATPMATCH-26APR19COBSHE-COB,51,2,50,88,45,43,44,35,43,60,55,507,56,10,57,120,58,200,59,200,53.0
2026-04-18 12:13:05 PM,KXATPMATCH-26APR19COBSHE-COB,51,2,50,88,45,43,44,35,43,60,55,507,56,2,57,120,58,200,59,200,53.0
2026-04-18 12:13:05 PM,KXATPMATCH-26APR19COBSHE-COB,51,2,50,88,44,35,43,60,41,60,55,507,56,2,57,120,58,200,59,200,53.0
2026-04-18 12:13:05 PM,KXATPMATCH-26APR19COBSHE-COB,51,2,50,88,44,35,43,60,41,60,55,502,56,2,57,120,58,200,59,200,53.0
2026-04-18 12:13:05 PM,KXATPMATCH-26APR19COBSHE-COB,51,2,50,88,44,35,43,60,41,60,55,500,56,2,57,120,58,200,59,200,53.0
2026-04-18 12:13:05 PM,KXATPMATCH-26APR19COBSHE-COB,51,2,50,88,44,42,43,60,41,60,55,500,56,2,57,120,58,200,59,200,53.0
2026-04-18 12:13:05 PM,KXATPMATCH-26APR19COBSHE-COB,51,2,50,88,44,42,43,60,41,60,55,500,56,2,57,120,58,207,59,200,53.0
2026-04-18 12:13:05 PM,KXATPMATCH-26APR19COBSHE-COB,51,2,50,88,44,42,43,60,41,60,55,500,56,2,57,120,58,207,59,208,53.0
2026-04-18 12:13:05 PM,KXATPMATCH-26APR19COBSHE-COB,51,9,50,88,44,42,43,60,41,60,55,500,56,2,57,120,58,207,59,208,53.0
2026-04-18 12:13:05 PM,KXATPMATCH-26APR19COBSHE-COB,51,9,50,88,44,35,43,60,41,60,55,500,56,2,57,120,58,207,59,208,53.0
2026-04-18 12:13:05 PM,KXATPMATCH-26APR19COBSHE-COB,51,9,50,88,44,35,43,60,41,60,54,7,55,500,56,2,57,120,58,207,52.5
2026-04-18 12:13:05 PM,KXATPMATCH-26APR19COBSHE-COB,51,9,50,88,44,35,43,60,41,60,54,7,55,500,56,2,57,120,58,200,52.5
2026-04-18 12:13:05 PM,KXATPMATCH-26APR19COBSHE-COB,51,9,50,88,44,35,43,60,41,60,54,7,55,500,56,16,57,120,58,200,52.5
2026-04-18 12:13:05 PM,KXATPMATCH-26APR19COBSHE-COB,51,2,50,88,44,35,43,60,41,60,54,7,55,500,56,16,57,120,58,200,52.5
2026-04-18 12:13:05 PM,KXATPMATCH-26APR19COBSHE-COB,51,2,50,88,44,35,43,60,41,60,55,500,56,16,57,120,58,200,59,200,53.0
2026-04-18 12:13:05 PM,KXATPMATCH-26APR19COBSHE-COB,51,2,50,88,44,35,43,60,41,60,54,35,55,500,56,16,57,120,58,200,52.5
2026-04-18 12:13:06 PM,KXATPMATCH-26APR19COBSHE-COB,51,2,50,88,44,35,43,60,41,60,54,35,55,500,56,2,57,120,58,200,52.5
2026-04-18 12:13:06 PM,KXATPMATCH-26APR19COBSHE-COB,51,2,50,102,44,35,43,60,41,60,54,35,55,500,56,2,57,120,58,200,52.5
2026-04-18 12:13:06 PM,KXATPMATCH-26APR19COBSHE-COB,51,2,50,102,44,35,43,60,41,60,54,49,55,500,56,2,57,120,58,200,52.5
2026-04-18 12:13:06 PM,KXATPMATCH-26APR19COBSHE-COB,51,2,50,102,44,35,43,60,41,60,54,49,55,507,56,2,57,120,58,200,52.5
2026-04-18 12:13:23 PM,KXATPMATCH-26APR19COBSHE-COB,51,2,50,83,44,35,43,60,41,60,54,49,55,507,56,2,57,120,58,200,52.5
2026-04-18 12:13:33 PM,KXATPMATCH-26APR19COBSHE-COB,51,2,50,83,44,35,43,60,41,60,54,49,55,7,56,2,57,120,58,200,52.5
2026-04-18 12:13:33 PM,KXATPMATCH-26APR19COBSHE-COB,51,2,50,83,44,35,43,60,41,60,53,500,54,49,55,7,56,2,57,120,52.0
2026-04-18 12:13:33 PM,KXATPMATCH-26APR19COBSHE-COB,51,2,50,83,44,35,43,60,41,60,53,500,54,49,56,2,57,120,58,200,52.0
2026-04-18 12:13:33 PM,KXATPMATCH-26APR19COBSHE-COB,51,2,50,83,44,35,43,60,41,60,53,500,54,14,56,2,57,120,58,200,52.0
2026-04-18 12:13:33 PM,KXATPMATCH-26APR19COBSHE-COB,51,2,50,83,44,35,43,60,41,60,53,500,54,14,56,37,57,120,58,200,52.0
2026-04-18 12:13:33 PM,KXATPMATCH-26APR19COBSHE-COB,51,2,50,83,44,35,43,60,41,60,53,500,54,14,56,51,57,120,58,200,52.0
2026-04-18 12:13:33 PM,KXATPMATCH-26APR19COBSHE-COB,51,2,50,83,44,35,43,60,41,60,53,500,54,14,56,16,57,120,58,200,52.0
2026-04-18 12:13:34 PM,KXATPMATCH-26APR19COBSHE-COB,51,2,50,83,44,35,43,60,41,60,53,507,54,14,56,16,57,120,58,200,52.0
2026-04-18 12:13:34 PM,KXATPMATCH-26APR19COBSHE-COB,51,2,50,83,44,35,43,60,41,60,53,507,56,16,57,120,58,200,59,200,52.0
2026-04-18 12:13:34 PM,KXATPMATCH-26APR19COBSHE-COB,51,2,50,83,44,35,43,60,41,60,53,507,56,23,57,120,58,200,59,200,52.0
2026-04-18 12:13:35 PM,KXATPMATCH-26APR19COBSHE-COB,51,2,50,80,44,35,43,60,41,60,53,507,56,23,57,120,58,200,59,200,52.0
2026-04-18 12:13:43 PM,KXATPMATCH-26APR19COBSHE-COB,51,2,50,80,44,35,43,60,41,60,53,7,56,23,57,120,58,200,59,200,52.0
2026-04-18 12:13:43 PM,KXATPMATCH-26APR19COBSHE-COB,51,2,50,80,44,35,43,60,41,60,53,7,55,500,56,23,57,120,58,200,52.0
2026-04-18 12:13:43 PM,KXATPMATCH-26APR19COBSHE-COB,51,2,50,80,44,35,43,60,41,60,53,7,54,35,55,500,56,23,57,120,52.0
2026-04-18 12:13:43 PM,KXATPMATCH-26APR19COBSHE-COB,51,2,50,66,44,35,43,60,41,60,53,7,54,35,55,500,56,23,57,120,52.0
2026-04-18 12:13:43 PM,KXATPMATCH-26APR19COBSHE-COB,51,9,50,66,44,35,43,60,41,60,53,7,54,35,55,500,56,23,57,120,52.0
2026-04-18 12:13:43 PM,KXATPMATCH-26APR19COBSHE-COB,51,9,50,66,44,35,43,60,41,60,54,35,55,500,56,23,57,120,58,200,52.5
2026-04-18 12:13:43 PM,KXATPMATCH-26APR19COBSHE-COB,51,9,50,66,44,35,43,60,41,60,54,35,55,500,56,23,57,127,58,200,52.5
2026-04-18 12:13:43 PM,KXATPMATCH-26APR19COBSHE-COB,51,2,50,66,44,35,43,60,41,60,54,35,55,500,56,23,57,127,58,200,52.5
2026-04-18 12:13:43 PM,KXATPMATCH-26APR19COBSHE-COB,51,2,50,66,47,7,44,35,43,60,54,35,55,500,56,23,57,127,58,200,52.5
2026-04-18 12:13:43 PM,KXATPMATCH-26APR19COBSHE-COB,51,2,50,66,47,7,44,35,43,60,54,35,55,500,56,9,57,127,58,200,52.5
2026-04-18 12:13:43 PM,KXATPMATCH-26APR19COBSHE-COB,51,2,50,66,47,7,44,35,43,60,54,35,55,500,56,2,57,127,58,200,52.5
2026-04-18 12:13:43 PM,KXATPMATCH-26APR19COBSHE-COB,51,2,50,66,47,7,44,35,43,60,54,35,55,500,56,2,57,120,58,200,52.5
2026-04-18 12:13:44 PM,KXATPMATCH-26APR19COBSHE-COB,51,2,50,66,44,35,43,60,41,60,54,35,55,500,56,2,57,120,58,200,52.5
2026-04-18 12:13:44 PM,KXATPMATCH-26APR19COBSHE-COB,51,2,50,80,44,35,43,60,41,60,54,35,55,500,56,2,57,120,58,200,52.5
2026-04-18 12:13:44 PM,KXATPMATCH-26APR19COBSHE-COB,51,2,50,80,48,12,44,35,43,60,54,35,55,500,56,2,57,120,58,200,52.5
2026-04-18 12:13:44 PM,KXATPMATCH-26APR19COBSHE-COB,51,2,50,80,48,12,44,35,43,60,54,49,55,500,56,2,57,120,58,200,52.5
2026-04-18 12:13:44 PM,KXATPMATCH-26APR19COBSHE-COB,51,2,50,80,48,12,45,35,44,35,54,49,55,500,56,2,57,120,58,200,52.5
2026-04-18 12:13:44 PM,KXATPMATCH-26APR19COBSHE-COB,51,2,50,80,48,12,45,35,44,35,54,49,55,507,56,2,57,120,58,200,52.5
2026-04-18 12:13:45 PM,KXATPMATCH-26APR19COBSHE-COB,51,2,50,80,45,35,44,35,43,60,54,49,55,507,56,2,57,120,58,200,52.5
2026-04-18 12:13:47 PM,KXATPMATCH-26APR19COBSHE-COB,51,2,50,80,45,35,44,35,43,60,54,49,55,7,56,2,57,120,58,200,52.5
2026-04-18 12:13:47 PM,KXATPMATCH-26APR19COBSHE-COB,51,2,50,80,45,35,44,35,43,60,54,49,55,7,56,502,57,120,58,200,52.5
2026-04-18 12:13:47 PM,KXATPMATCH-26APR19COBSHE-COB,51,2,50,80,45,35,44,35,43,60,54,49,56,502,57,120,58,200,59,200,52.5
2026-04-18 12:13:47 PM,KXATPMATCH-26APR19COBSHE-COB,51,2,50,80,45,35,44,35,43,60,54,49,56,516,57,120,58,200,59,200,52.5
2026-04-18 12:13:47 PM,KXATPMATCH-26APR19COBSHE-COB,51,2,50,80,45,35,44,35,43,60,54,14,56,516,57,120,58,200,59,200,52.5
2026-04-18 12:13:47 PM,KXATPMATCH-26APR19COBSHE-COB,51,2,50,80,45,35,44,35,43,60,54,14,55,35,56,516,57,120,58,200,52.5
2026-04-18 12:13:48 PM,KXATPMATCH-26APR19COBSHE-COB,51,9,50,80,45,35,44,35,43,60,54,14,55,35,56,516,57,120,58,200,52.5
2026-04-18 12:13:48 PM,KXATPMATCH-26APR19COBSHE-COB,51,9,50,80,45,35,44,35,43,60,54,14,55,42,56,516,57,120,58,200,52.5
2026-04-18 12:13:48 PM,KXATPMATCH-26APR19COBSHE-COB,51,9,50,66,45,35,44,35,43,60,54,14,55,42,56,516,57,120,58,200,52.5
2026-04-18 12:13:48 PM,KXATPMATCH-26APR19COBSHE-COB,51,9,50,66,45,35,44,35,43,60,54,14,55,42,56,502,57,120,58,200,52.5
2026-04-18 12:13:48 PM,KXATPMATCH-26APR19COBSHE-COB,51,9,50,66,45,35,44,35,43,60,55,42,56,502,57,120,58,200,59,200,53.0
2026-04-18 12:13:48 PM,KXATPMATCH-26APR19COBSHE-COB,51,2,50,66,45,35,44,35,43,60,55,42,56,502,57,120,58,200,59,200,53.0
2026-04-18 12:13:48 PM,KXATPMATCH-26APR19COBSHE-COB,51,2,50,66,45,35,44,35,43,60,55,35,56,502,57,120,58,200,59,200,53.0
2026-04-18 12:13:48 PM,KXATPMATCH-26APR19COBSHE-COB,51,9,50,66,45,35,44,35,43,60,55,35,56,502,57,120,58,200,59,200,53.0
2026-04-18 12:13:48 PM,KXATPMATCH-26APR19COBSHE-COB,51,9,50,66,45,35,44,35,43,60,54,14,55,35,56,502,57,120,58,200,52.5
2026-04-18 12:13:48 PM,KXATPMATCH-26APR19COBSHE-COB,51,9,50,66,45,35,44,35,43,60,54,14,55,42,56,502,57,120,58,200,52.5
2026-04-18 12:13:48 PM,KXATPMATCH-26APR19COBSHE-COB,51,2,50,66,45,35,44,35,43,60,54,14,55,42,56,502,57,120,58,200,52.5
2026-04-18 12:13:48 PM,KXATPMATCH-26APR19COBSHE-COB,51,2,50,66,45,35,44,35,43,60,55,42,56,502,57,120,58,200,59,200,53.0
2026-04-18 12:13:48 PM,KXATPMATCH-26APR19COBSHE-COB,51,2,50,66,45,35,44,35,43,60,55,35,56,502,57,120,58,200,59,200,53.0
2026-04-18 12:13:49 PM,KXATPMATCH-26APR19COBSHE-COB,51,9,50,66,45,35,44,35,43,60,55,35,56,502,57,120,58,200,59,200,53.0
2026-04-18 12:13:49 PM,KXATPMATCH-26APR19COBSHE-COB,51,9,50,66,45,35,44,35,43,60,54,7,55,35,56,502,57,120,58,200,52.5
2026-04-18 12:13:49 PM,KXATPMATCH-26APR19COBSHE-COB,51,9,50,66,45,35,44,35,43,60,54,7,55,42,56,502,57,120,58,200,52.5
2026-04-18 12:13:49 PM,KXATPMATCH-26APR19COBSHE-COB,51,2,50,66,45,35,44,35,43,60,54,7,55,42,56,502,57,120,58,200,52.5
2026-04-18 12:13:49 PM,KXATPMATCH-26APR19COBSHE-COB,51,2,50,66,45,35,44,35,43,60,55,42,56,502,57,120,58,200,59,200,53.0
2026-04-18 12:13:49 PM,KXATPMATCH-26APR19COBSHE-COB,51,2,50,66,45,35,44,35,43,60,55,35,56,502,57,120,58,200,59,200,53.0
2026-04-18 12:14:23 PM,KXATPMATCH-26APR19COBSHE-COB,51,2,50,66,45,35,44,35,43,60,55,35,56,2,57,120,58,200,59,200,53.0
2026-04-18 12:14:23 PM,KXATPMATCH-26APR19COBSHE-COB,51,2,50,66,45,35,44,35,43,60,54,500,55,35,56,2,57,120,58,200,52.5
2026-04-18 12:14:23 PM,KXATPMATCH-26APR19COBSHE-COB,51,9,50,66,45,35,44,35,43,60,54,500,55,35,56,2,57,120,58,200,52.5
2026-04-18 12:14:23 PM,KXATPMATCH-26APR19COBSHE-COB,51,9,50,66,45,35,44,35,43,60,54,514,55,35,56,2,57,120,58,200,52.5
2026-04-18 12:14:23 PM,KXATPMATCH-26APR19COBSHE-COB,51,9,50,66,45,35,44,35,43,60,54,514,55,35,56,16,57,120,58,200,52.5
2026-04-18 12:14:23 PM,KXATPMATCH-26APR19COBSHE-COB,51,9,50,66,45,35,44,35,43,60,54,514,56,16,57,120,58,200,59,200,52.5
2026-04-18 12:14:23 PM,KXATPMATCH-26APR19COBSHE-COB,51,2,50,66,45,35,44,35,43,60,54,514,56,16,57,120,58,200,59,200,52.5
2026-04-18 12:14:23 PM,KXATPMATCH-26APR19COBSHE-COB,51,2,50,66,45,35,44,35,43,60,54,500,56,16,57,120,58,200,59,200,52.5
2026-04-18 12:14:24 PM,KXATPMATCH-26APR19COBSHE-COB,51,2,50,80,45,35,44,35,43,60,54,500,56,16,57,120,58,200,59,200,52.5
2026-04-18 12:14:24 PM,KXATPMATCH-26APR19COBSHE-COB,51,2,50,80,45,35,44,35,43,60,54,514,56,16,57,120,58,200,59,200,52.5
2026-04-18 12:14:28 PM,KXATPMATCH-26APR19COBSHE-COB,51,2,50,80,45,35,44,35,43,60,54,14,56,16,57,120,58,200,59,200,52.5
2026-04-18 12:14:28 PM,KXATPMATCH-26APR19COBSHE-COB,51,2,50,80,45,35,44,35,43,60,54,14,55,500,56,16,57,120,58,200,52.5
2026-04-18 12:14:28 PM,KXATPMATCH-26APR19COBSHE-COB,51,2,50,66,45,35,44,35,43,60,54,14,55,500,56,16,57,120,58,200,52.5
2026-04-18 12:14:28 PM,KXATPMATCH-26APR19COBSHE-COB,51,2,50,66,45,35,44,35,43,60,55,500,56,16,57,120,58,200,59,200,53.0
2026-04-18 12:14:28 PM,KXATPMATCH-26APR19COBSHE-COB,51,9,50,66,45,35,44,35,43,60,55,500,56,16,57,120,58,200,59,200,53.0
2026-04-18 12:14:28 PM,KXATPMATCH-26APR19COBSHE-COB,51,9,50,66,45,35,44,35,43,60,55,500,56,30,57,120,58,200,59,200,53.0
2026-04-18 12:14:28 PM,KXATPMATCH-26APR19COBSHE-COB,51,9,50,66,45,35,44,35,43,60,55,500,56,30,57,127,58,200,59,200,53.0
2026-04-18 12:14:28 PM,KXATPMATCH-26APR19COBSHE-COB,51,9,50,66,45,35,44,35,43,60,54,14,55,500,56,30,57,127,58,200,52.5
2026-04-18 12:14:28 PM,KXATPMATCH-26APR19COBSHE-COB,51,9,50,66,45,35,44,35,43,60,54,14,55,500,56,30,57,120,58,200,52.5
2026-04-18 12:14:28 PM,KXATPMATCH-26APR19COBSHE-COB,51,9,50,66,45,35,44,35,43,60,54,14,55,500,56,16,57,120,58,200,52.5
2026-04-18 12:14:28 PM,KXATPMATCH-26APR19COBSHE-COB,51,9,50,66,45,35,44,35,43,60,54,49,55,500,56,16,57,120,58,200,52.5
2026-04-18 12:14:28 PM,KXATPMATCH-26APR19COBSHE-COB,51,2,50,66,45,35,44,35,43,60,54,49,55,500,56,16,57,120,58,200,52.5
2026-04-18 12:14:28 PM,KXATPMATCH-26APR19COBSHE-COB,51,2,50,66,45,35,44,35,43,60,54,35,55,500,56,16,57,120,58,200,52.5
2026-04-18 12:14:29 PM,KXATPMATCH-26APR19COBSHE-COB,51,2,50,66,47,7,45,35,44,35,54,35,55,500,56,16,57,120,58,200,52.5
2026-04-18 12:14:29 PM,KXATPMATCH-26APR19COBSHE-COB,51,2,50,66,47,7,45,35,44,35,54,35,55,500,56,2,57,120,58,200,52.5
2026-04-18 12:14:29 PM,KXATPMATCH-26APR19COBSHE-COB,51,2,50,80,47,7,45,35,44,35,54,35,55,500,56,2,57,120,58,200,52.5
2026-04-18 12:14:29 PM,KXATPMATCH-26APR19COBSHE-COB,51,2,50,80,47,7,45,35,44,35,54,49,55,500,56,2,57,120,58,200,52.5
2026-04-18 12:14:29 PM,KXATPMATCH-26APR19COBSHE-COB,51,2,50,80,45,35,44,35,43,60,54,49,55,500,56,2,57,120,58,200,52.5
2026-04-18 12:14:29 PM,KXATPMATCH-26APR19COBSHE-COB,51,2,50,80,45,35,44,35,43,60,54,49,55,507,56,2,57,120,58,200,52.5
2026-04-18 12:14:31 PM,KXATPMATCH-26APR19COBSHE-COB,51,2,50,80,45,35,44,35,43,60,54,49,55,7,56,2,57,120,58,200,52.5
2026-04-18 12:14:31 PM,KXATPMATCH-26APR19COBSHE-COB,51,2,50,80,45,35,44,35,43,60,54,49,55,7,56,502,57,120,58,200,52.5
2026-04-18 12:14:31 PM,KXATPMATCH-26APR19COBSHE-COB,51,2,50,80,45,35,44,35,43,60,54,14,55,7,56,502,57,120,58,200,52.5
2026-04-18 12:14:31 PM,KXATPMATCH-26APR19COBSHE-COB,51,2,50,80,45,35,44,35,43,60,54,14,55,42,56,502,57,120,58,200,52.5
2026-04-18 12:14:31 PM,KXATPMATCH-26APR19COBSHE-COB,51,2,50,80,45,35,44,35,43,60,54,14,55,35,56,502,57,120,58,200,52.5
2026-04-18 12:14:31 PM,KXATPMATCH-26APR19COBSHE-COB,51,2,50,66,45,35,44,35,43,60,54,14,55,35,56,502,57,120,58,200,52.5
2026-04-18 12:14:31 PM,KXATPMATCH-26APR19COBSHE-COB,51,9,50,66,45,35,44,35,43,60,54,14,55,35,56,502,57,120,58,200,52.5
2026-04-18 12:14:31 PM,KXATPMATCH-26APR19COBSHE-COB,51,9,50,66,45,35,44,35,43,60,54,14,55,42,56,502,57,120,58,200,52.5
2026-04-18 12:14:31 PM,KXATPMATCH-26APR19COBSHE-COB,51,9,50,66,45,35,44,35,43,60,55,42,56,502,57,120,58,200,59,200,53.0
2026-04-18 12:14:31 PM,KXATPMATCH-26APR19COBSHE-COB,51,2,50,66,45,35,44,35,43,60,55,42,56,502,57,120,58,200,59,200,53.0
2026-04-18 12:14:31 PM,KXATPMATCH-26APR19COBSHE-COB,51,2,50,66,45,35,44,35,43,60,55,35,56,502,57,120,58,200,59,200,53.0
2026-04-18 12:14:32 PM,KXATPMATCH-26APR19COBSHE-COB,51,2,50,66,45,35,44,35,43,60,54,13,55,35,56,502,57,120,58,200,52.5
2026-04-18 12:14:32 PM,KXATPMATCH-26APR19COBSHE-COB,51,2,50,66,45,35,44,35,43,60,55,35,56,502,57,120,58,200,59,200,53.0
2026-04-18 12:14:34 PM,KXATPMATCH-26APR19COBSHE-COB,51,2,50,66,45,35,44,35,33,200,55,35,56,502,57,120,58,200,59,200,53.0
2026-04-18 12:14:34 PM,KXATPMATCH-26APR19COBSHE-COB,51,9,50,66,45,35,44,35,33,200,55,35,56,502,57,120,58,200,59,200,53.0
2026-04-18 12:14:34 PM,KXATPMATCH-26APR19COBSHE-COB,51,9,50,66,45,35,44,35,33,200,54,14,55,35,56,502,57,120,58,200,52.5
2026-04-18 12:14:34 PM,KXATPMATCH-26APR19COBSHE-COB,51,9,50,66,45,35,44,35,33,200,54,14,55,42,56,502,57,120,58,200,52.5
2026-04-18 12:14:34 PM,KXATPMATCH-26APR19COBSHE-COB,51,2,50,66,45,35,44,35,33,200,54,14,55,42,56,502,57,120,58,200,52.5
2026-04-18 12:14:34 PM,KXATPMATCH-26APR19COBSHE-COB,51,2,50,66,45,35,44,35,33,200,55,42,56,502,57,120,58,200,59,200,53.0
2026-04-18 12:14:34 PM,KXATPMATCH-26APR19COBSHE-COB,51,2,50,66,45,35,44,35,33,200,55,35,56,502,57,120,58,200,59,200,53.0
2026-04-18 12:14:34 PM,KXATPMATCH-26APR19COBSHE-COB,51,9,50,66,45,35,44,35,33,200,55,35,56,502,57,120,58,200,59,200,53.0
2026-04-18 12:14:35 PM,KXATPMATCH-26APR19COBSHE-COB,51,9,50,66,45,35,44,35,33,200,54,14,55,35,56,502,57,120,58,200,52.5
2026-04-18 12:14:35 PM,KXATPMATCH-26APR19COBSHE-COB,51,9,50,66,45,35,44,35,33,200,54,14,55,42,56,502,57,120,58,200,52.5
2026-04-18 12:14:35 PM,KXATPMATCH-26APR19COBSHE-COB,51,2,50,66,45,35,44,35,33,200,54,14,55,42,56,502,57,120,58,200,52.5
2026-04-18 12:14:35 PM,KXATPMATCH-26APR19COBSHE-COB,51,2,50,66,45,35,44,35,33,200,55,42,56,502,57,120,58,200,59,200,53.0
2026-04-18 12:14:35 PM,KXATPMATCH-26APR19COBSHE-COB,51,2,50,66,45,35,44,35,33,200,55,35,56,502,57,120,58,200,59,200,53.0
2026-04-18 12:14:35 PM,KXATPMATCH-26APR19COBSHE-COB,51,9,50,66,45,35,44,35,33,200,55,35,56,502,57,120,58,200,59,200,53.0
2026-04-18 12:14:35 PM,KXATPMATCH-26APR19COBSHE-COB,51,9,50,66,45,35,44,35,33,200,54,14,55,35,56,502,57,120,58,200,52.5
2026-04-18 12:14:35 PM,KXATPMATCH-26APR19COBSHE-COB,51,9,50,66,45,35,44,35,33,200,54,14,55,42,56,502,57,120,58,200,52.5
2026-04-18 12:14:35 PM,KXATPMATCH-26APR19COBSHE-COB,51,2,50,66,45,35,44,35,33,200,54,14,55,42,56,502,57,120,58,200,52.5
2026-04-18 12:14:35 PM,KXATPMATCH-26APR19COBSHE-COB,51,2,50,66,45,35,44,35,33,200,55,42,56,502,57,120,58,200,59,200,53.0
2026-04-18 12:14:35 PM,KXATPMATCH-26APR19COBSHE-COB,51,2,50,66,45,35,44,35,33,200,55,35,56,502,57,120,58,200,59,200,53.0
2026-04-18 12:14:36 PM,KXATPMATCH-26APR19COBSHE-COB,51,9,50,66,45,35,44,35,33,200,55,35,56,502,57,120,58,200,59,200,53.0
2026-04-18 12:14:36 PM,KXATPMATCH-26APR19COBSHE-COB,51,9,50,66,45,35,44,35,33,200,54,14,55,35,56,502,57,120,58,200,52.5
2026-04-18 12:14:36 PM,KXATPMATCH-26APR19COBSHE-COB,51,9,50,66,45,35,44,35,33,200,54,14,55,42,56,502,57,120,58,200,52.5
2026-04-18 12:14:36 PM,KXATPMATCH-26APR19COBSHE-COB,51,2,50,66,45,35,44,35,33,200,54,14,55,42,56,502,57,120,58,200,52.5
2026-04-18 12:14:36 PM,KXATPMATCH-26APR19COBSHE-COB,51,2,50,66,45,35,44,35,33,200,55,42,56,502,57,120,58,200,59,200,53.0
2026-04-18 12:14:36 PM,KXATPMATCH-26APR19COBSHE-COB,51,2,50,66,45,35,44,35,33,200,55,35,56,502,57,120,58,200,59,200,53.0
2026-04-18 12:14:36 PM,KXATPMATCH-26APR19COBSHE-COB,51,9,50,66,45,35,44,35,33,200,55,35,56,502,57,120,58,200,59,200,53.0
2026-04-18 12:14:36 PM,KXATPMATCH-26APR19COBSHE-COB,51,9,50,66,45,35,44,35,33,200,54,14,55,35,56,502,57,120,58,200,52.5
2026-04-18 12:14:36 PM,KXATPMATCH-26APR19COBSHE-COB,51,9,50,66,45,35,44,35,33,200,54,14,55,42,56,502,57,120,58,200,52.5
2026-04-18 12:14:36 PM,KXATPMATCH-26APR19COBSHE-COB,51,2,50,66,45,35,44,35,33,200,54,14,55,42,56,502,57,120,58,200,52.5
2026-04-18 12:14:36 PM,KXATPMATCH-26APR19COBSHE-COB,51,2,50,66,45,35,44,35,33,200,55,42,56,502,57,120,58,200,59,200,53.0
2026-04-18 12:14:36 PM,KXATPMATCH-26APR19COBSHE-COB,51,2,50,66,45,35,44,35,33,200,55,35,56,502,57,120,58,200,59,200,53.0
2026-04-18 12:14:37 PM,KXATPMATCH-26APR19COBSHE-COB,51,2,50,66,48,7,45,35,44,35,55,35,56,502,57,120,58,200,59,200,53.0
2026-04-18 12:14:37 PM,KXATPMATCH-26APR19COBSHE-COB,51,2,50,66,48,7,44,35,33,200,55,35,56,502,57,120,58,200,59,200,53.0
2026-04-18 12:14:37 PM,KXATPMATCH-26APR19COBSHE-COB,51,9,50,66,48,7,44,35,33,200,55,35,56,502,57,120,58,200,59,200,53.0
2026-04-18 12:14:37 PM,KXATPMATCH-26APR19COBSHE-COB,51,9,50,66,48,7,45,12,44,35,55,35,56,502,57,120,58,200,59,200,53.0
2026-04-18 12:14:37 PM,KXATPMATCH-26APR19COBSHE-COB,51,9,50,66,48,7,45,12,44,35,54,7,55,35,56,502,57,120,58,200,52.5
2026-04-18 12:14:37 PM,KXATPMATCH-26APR19COBSHE-COB,51,9,50,66,45,12,44,35,33,200,54,7,55,35,56,502,57,120,58,200,52.5
2026-04-18 12:14:37 PM,KXATPMATCH-26APR19COBSHE-COB,51,2,50,66,45,12,44,35,33,200,54,7,55,35,56,502,57,120,58,200,52.5
2026-04-18 12:14:37 PM,KXATPMATCH-26APR19COBSHE-COB,51,2,50,66,44,35,33,200,7,12,54,7,55,35,56,502,57,120,58,200,52.5
2026-04-18 12:14:37 PM,KXATPMATCH-26APR19COBSHE-COB,51,2,50,66,44,35,33,200,7,12,55,35,56,502,57,120,58,200,59,200,53.0
2026-04-18 12:14:38 PM,KXATPMATCH-26APR19COBSHE-COB,51,9,50,66,44,35,33,200,7,12,55,35,56,502,57,120,58,200,59,200,53.0
2026-04-18 12:14:38 PM,KXATPMATCH-26APR19COBSHE-COB,51,2,50,66,44,35,33,200,7,12,55,35,56,502,57,120,58,200,59,200,53.0
2026-04-18 12:14:38 PM,KXATPMATCH-26APR19COBSHE-COB,51,2,50,66,44,42,33,200,7,12,55,35,56,502,57,120,58,200,59,200,53.0
2026-04-18 12:14:39 PM,KXATPMATCH-26APR19COBSHE-COB,51,9,50,66,44,42,33,200,7,12,55,35,56,502,57,120,58,200,59,200,53.0
2026-04-18 12:14:39 PM,KXATPMATCH-26APR19COBSHE-COB,51,9,50,66,44,35,33,200,7,12,55,35,56,502,57,120,58,200,59,200,53.0
2026-04-18 12:14:39 PM,KXATPMATCH-26APR19COBSHE-COB,51,9,50,66,45,12,44,35,33,200,55,35,56,502,57,120,58,200,59,200,53.0
2026-04-18 12:14:39 PM,KXATPMATCH-26APR19COBSHE-COB,51,9,50,66,45,12,44,35,33,200,54,14,55,35,56,502,57,120,58,200,52.5
2026-04-18 12:14:39 PM,KXATPMATCH-26APR19COBSHE-COB,51,9,50,66,45,12,44,35,33,200,54,14,55,42,56,502,57,120,58,200,52.5
2026-04-18 12:14:39 PM,KXATPMATCH-26APR19COBSHE-COB,51,2,50,66,45,12,44,35,33,200,54,14,55,42,56,502,57,120,58,200,52.5
2026-04-18 12:14:39 PM,KXATPMATCH-26APR19COBSHE-COB,51,2,50,66,44,35,33,200,7,12,54,14,55,42,56,502,57,120,58,200,52.5
2026-04-18 12:14:39 PM,KXATPMATCH-26APR19COBSHE-COB,51,2,50,66,44,35,33,200,7,12,55,42,56,502,57,120,58,200,59,200,53.0
2026-04-18 12:14:39 PM,KXATPMATCH-26APR19COBSHE-COB,51,2,50,66,44,35,33,200,7,12,55,35,56,502,57,120,58,200,59,200,53.0
2026-04-18 12:14:39 PM,KXATPMATCH-26APR19COBSHE-COB,51,9,50,66,44,35,33,200,7,12,55,35,56,502,57,120,58,200,59,200,53.0
2026-04-18 12:14:39 PM,KXATPMATCH-26APR19COBSHE-COB,51,2,50,66,44,35,33,200,7,12,55,35,56,502,57,120,58,200,59,200,53.0
2026-04-18 12:14:40 PM,KXATPMATCH-26APR19COBSHE-COB,51,9,50,66,44,35,33,200,7,12,55,35,56,502,57,120,58,200,59,200,53.0
2026-04-18 12:14:40 PM,KXATPMATCH-26APR19COBSHE-COB,51,9,50,66,45,19,44,35,33,200,55,35,56,502,57,120,58,200,59,200,53.0
2026-04-18 12:14:40 PM,KXATPMATCH-26APR19COBSHE-COB,51,9,50,66,45,19,44,35,33,200,54,14,55,35,56,502,57,120,58,200,52.5
2026-04-18 12:14:40 PM,KXATPMATCH-26APR19COBSHE-COB,51,9,50,66,45,19,44,35,33,200,54,14,55,42,56,502,57,120,58,200,52.5
2026-04-18 12:14:40 PM,KXATPMATCH-26APR19COBSHE-COB,51,2,50,66,45,19,44,35,33,200,54,14,55,42,56,502,57,120,58,200,52.5
2026-04-18 12:14:40 PM,KXATPMATCH-26APR19COBSHE-COB,51,2,50,66,44,35,33,200,7,12,54,14,55,42,56,502,57,120,58,200,52.5
2026-04-18 12:14:40 PM,KXATPMATCH-26APR19COBSHE-COB,51,2,50,66,44,35,33,200,7,12,55,42,56,502,57,120,58,200,59,200,53.0
2026-04-18 12:14:40 PM,KXATPMATCH-26APR19COBSHE-COB,51,2,50,66,44,35,33,200,7,12,55,35,56,502,57,120,58,200,59,200,53.0
2026-04-18 12:14:40 PM,KXATPMATCH-26APR19COBSHE-COB,51,2,50,66,44,42,33,200,7,12,55,35,56,502,57,120,58,200,59,200,53.0
2026-04-18 12:14:41 PM,KXATPMATCH-26APR19COBSHE-COB,51,9,50,66,44,42,33,200,7,12,55,35,56,502,57,120,58,200,59,200,53.0
2026-04-18 12:14:41 PM,KXATPMATCH-26APR19COBSHE-COB,51,9,50,66,44,35,33,200,7,12,55,35,56,502,57,120,58,200,59,200,53.0
2026-04-18 12:14:41 PM,KXATPMATCH-26APR19COBSHE-COB,51,9,50,66,45,12,44,35,33,200,55,35,56,502,57,120,58,200,59,200,53.0
2026-04-18 12:14:41 PM,KXATPMATCH-26APR19COBSHE-COB,51,9,50,66,45,12,44,35,33,200,54,14,55,35,56,502,57,120,58,200,52.5
2026-04-18 12:14:41 PM,KXATPMATCH-26APR19COBSHE-COB,51,2,50,66,45,12,44,35,33,200,54,14,55,35,56,502,57,120,58,200,52.5
2026-04-18 12:14:41 PM,KXATPMATCH-26APR19COBSHE-COB,51,2,50,66,44,35,33,200,7,12,54,14,55,35,56,502,57,120,58,200,52.5
2026-04-18 12:14:41 PM,KXATPMATCH-26APR19COBSHE-COB,51,2,50,66,44,35,33,200,7,12,55,35,56,502,57,120,58,200,59,200,53.0
2026-04-18 12:14:41 PM,KXATPMATCH-26APR19COBSHE-COB,51,2,50,66,44,35,43,7,33,200,55,35,56,502,57,120,58,200,59,200,53.0
2026-04-18 12:14:42 PM,KXATPMATCH-26APR19COBSHE-COB,51,2,50,66,44,35,33,200,7,12,55,35,56,502,57,120,58,200,59,200,53.0
2026-04-18 12:14:42 PM,KXATPMATCH-26APR19COBSHE-COB,51,9,50,66,44,35,33,200,7,12,55,35,56,502,57,120,58,200,59,200,53.0
2026-04-18 12:14:42 PM,KXATPMATCH-26APR19COBSHE-COB,51,2,50,66,44,35,33,200,7,12,55,35,56,502,57,120,58,200,59,200,53.0
2026-04-18 12:14:42 PM,KXATPMATCH-26APR19COBSHE-COB,51,9,50,66,44,35,33,200,7,12,55,35,56,502,57,120,58,200,59,200,53.0
2026-04-18 12:14:42 PM,KXATPMATCH-26APR19COBSHE-COB,51,9,50,66,45,19,44,35,33,200,55,35,56,502,57,120,58,200,59,200,53.0
2026-04-18 12:14:43 PM,KXATPMATCH-26APR19COBSHE-COB,51,9,50,66,45,19,44,35,33,200,54,24,55,35,56,502,57,120,58,200,52.5
2026-04-18 12:14:43 PM,KXATPMATCH-26APR19COBSHE-COB,51,2,50,66,45,19,44,35,33,200,54,24,55,35,56,502,57,120,58,200,52.5
2026-04-18 12:14:43 PM,KXATPMATCH-26APR19COBSHE-COB,51,2,50,66,44,35,33,200,7,12,54,24,55,35,56,502,57,120,58,200,52.5
2026-04-18 12:14:43 PM,KXATPMATCH-26APR19COBSHE-COB,51,2,50,66,44,35,33,200,7,12,54,18,55,35,56,502,57,120,58,200,52.5
2026-04-18 12:14:43 PM,KXATPMATCH-26APR19COBSHE-COB,51,2,50,80,44,35,33,200,7,12,54,18,55,35,56,502,57,120,58,200,52.5
2026-04-18 12:14:43 PM,KXATPMATCH-26APR19COBSHE-COB,51,2,50,80,44,35,33,200,7,12,54,33,55,35,56,502,57,120,58,200,52.5
2026-04-18 12:14:43 PM,KXATPMATCH-26APR19COBSHE-COB,51,2,50,80,45,12,44,35,33,200,54,33,55,35,56,502,57,120,58,200,52.5
2026-04-18 12:14:43 PM,KXATPMATCH-26APR19COBSHE-COB,51,2,50,80,45,12,44,35,33,200,54,47,55,35,56,502,57,120,58,200,52.5
2026-04-18 12:14:43 PM,KXATPMATCH-26APR19COBSHE-COB,51,2,50,80,45,12,44,35,33,200,54,47,55,42,56,502,57,120,58,200,52.5
2026-04-18 12:14:44 PM,KXATPMATCH-26APR19COBSHE-COB,51,2,50,80,45,35,44,35,33,200,54,47,55,42,56,502,57,120,58,200,52.5
2026-04-18 12:14:54 PM,KXATPMATCH-26APR19COBSHE-COB,51,2,50,80,45,35,44,35,33,200,54,45,55,42,56,502,57,120,58,200,52.5
2026-04-18 12:14:54 PM,KXATPMATCH-26APR19COBSHE-COB,51,2,50,80,45,35,44,35,33,200,54,31,55,42,56,502,57,120,58,200,52.5
2026-04-18 12:14:55 PM,KXATPMATCH-26APR19COBSHE-COB,51,2,50,80,45,35,44,35,33,200,54,33,55,42,56,502,57,120,58,200,52.5
2026-04-18 12:14:57 PM,KXATPMATCH-26APR19COBSHE-COB,51,2,50,80,45,35,33,200,7,12,54,33,55,42,56,502,57,120,58,200,52.5
2026-04-18 12:14:57 PM,KXATPMATCH-26APR19COBSHE-COB,51,2,50,80,45,35,33,200,7,12,54,33,55,7,56,502,57,120,58,200,52.5
2026-04-18 12:14:57 PM,KXATPMATCH-26APR19COBSHE-COB,51,2,50,80,45,23,33,200,7,12,54,33,55,7,56,502,57,120,58,200,52.5
2026-04-18 12:14:57 PM,KXATPMATCH-26APR19COBSHE-COB,51,2,50,80,33,200,7,12,6,316,54,33,55,7,56,502,57,120,58,200,52.5
2026-04-18 12:14:57 PM,KXATPMATCH-26APR19COBSHE-COB,51,2,50,80,34,101,33,200,7,12,54,33,55,7,56,502,57,120,58,200,52.5
2026-04-18 12:15:31 PM,KXATPMATCH-26APR19COBSHE-COB,51,2,50,80,34,101,33,200,7,12,54,33,55,7,56,2,57,120,58,200,52.5
2026-04-18 12:15:31 PM,KXATPMATCH-26APR19COBSHE-COB,51,2,50,80,34,101,33,200,7,12,53,500,54,33,55,7,56,2,57,120,52.0
2026-04-18 12:15:31 PM,KXATPMATCH-26APR19COBSHE-COB,51,2,50,80,34,101,33,200,7,12,53,500,54,14,55,7,56,2,57,120,52.0
2026-04-18 12:15:31 PM,KXATPMATCH-26APR19COBSHE-COB,51,2,50,80,34,101,33,200,7,12,53,500,54,14,56,2,57,120,58,200,52.0
2026-04-18 12:15:31 PM,KXATPMATCH-26APR19COBSHE-COB,51,2,50,80,34,101,33,200,7,12,53,500,54,14,56,16,57,120,58,200,52.0
2026-04-18 12:15:32 PM,KXATPMATCH-26APR19COBSHE-COB,51,2,50,80,34,101,33,200,7,12,53,500,56,16,57,120,58,200,59,200,52.0
2026-04-18 12:15:36 PM,KXATPMATCH-26APR19COBSHE-COB,51,2,50,80,34,101,33,200,7,12,56,16,57,120,58,200,59,200,60,200,53.5
2026-04-18 12:15:36 PM,KXATPMATCH-26APR19COBSHE-COB,51,2,50,80,34,101,33,200,7,12,55,500,56,16,57,120,58,200,59,200,53.0
2026-04-18 12:15:36 PM,KXATPMATCH-26APR19COBSHE-COB,51,9,50,80,34,101,33,200,7,12,55,500,56,16,57,120,58,200,59,200,53.0
2026-04-18 12:15:36 PM,KXATPMATCH-26APR19COBSHE-COB,51,9,50,80,34,101,33,200,7,12,55,500,56,30,57,120,58,200,59,200,53.0
2026-04-18 12:15:36 PM,KXATPMATCH-26APR19COBSHE-COB,51,9,50,66,34,101,33,200,7,12,55,500,56,30,57,120,58,200,59,200,53.0
2026-04-18 12:15:36 PM,KXATPMATCH-26APR19COBSHE-COB,51,9,50,66,34,101,33,200,7,12,55,500,56,30,57,127,58,200,59,200,53.0
2026-04-18 12:15:36 PM,KXATPMATCH-26APR19COBSHE-COB,51,9,50,66,34,101,33,200,7,12,55,500,56,16,57,127,58,200,59,200,53.0
2026-04-18 12:15:36 PM,KXATPMATCH-26APR19COBSHE-COB,51,2,50,66,34,101,33,200,7,12,55,500,56,16,57,127,58,200,59,200,53.0
2026-04-18 12:15:36 PM,KXATPMATCH-26APR19COBSHE-COB,51,2,50,66,34,101,33,200,7,12,55,500,56,2,57,127,58,200,59,200,53.0
2026-04-18 12:15:36 PM,KXATPMATCH-26APR19COBSHE-COB,51,2,50,66,34,101,33,200,7,12,55,500,56,2,57,120,58,200,59,200,53.0
2026-04-18 12:15:36 PM,KXATPMATCH-26APR19COBSHE-COB,51,9,50,66,34,101,33,200,7,12,55,500,56,2,57,120,58,200,59,200,53.0
2026-04-18 12:15:36 PM,KXATPMATCH-26APR19COBSHE-COB,51,9,50,66,34,101,33,200,7,12,54,14,55,500,56,2,57,120,58,200,52.5
2026-04-18 12:15:36 PM,KXATPMATCH-26APR19COBSHE-COB,51,9,50,66,34,101,33,200,7,12,54,14,55,500,56,16,57,120,58,200,52.5
2026-04-18 12:15:36 PM,KXATPMATCH-26APR19COBSHE-COB,51,2,50,66,34,101,33,200,7,12,54,14,55,500,56,16,57,120,58,200,52.5
2026-04-18 12:15:36 PM,KXATPMATCH-26APR19COBSHE-COB,51,2,50,66,34,101,33,200,7,12,55,500,56,16,57,120,58,200,59,200,53.0
2026-04-18 12:15:36 PM,KXATPMATCH-26APR19COBSHE-COB,51,2,50,66,34,101,33,200,7,12,55,500,56,2,57,120,58,200,59,200,53.0
2026-04-18 12:15:42 PM,KXATPMATCH-26APR19COBSHE-COB,51,2,50,66,34,101,33,200,7,12,56,2,57,120,58,200,59,200,60,200,53.5
2026-04-18 12:15:42 PM,KXATPMATCH-26APR19COBSHE-COB,51,2,50,66,34,101,33,200,7,12,56,402,57,120,58,200,59,200,60,200,53.5
2026-04-18 12:15:42 PM,KXATPMATCH-26APR19COBSHE-COB,51,2,50,66,34,101,33,200,7,12,55,20,56,402,57,120,58,200,59,200,53.0
2026-04-18 12:15:42 PM,KXATPMATCH-26APR19COBSHE-COB,51,9,50,66,34,101,33,200,7,12,55,20,56,402,57,120,58,200,59,200,53.0
2026-04-18 12:15:42 PM,KXATPMATCH-26APR19COBSHE-COB,51,9,50,66,34,101,33,200,7,12,55,20,56,430,57,120,58,200,59,200,53.0
2026-04-18 12:15:42 PM,KXATPMATCH-26APR19COBSHE-COB,51,9,50,66,34,101,33,200,7,12,55,20,56,430,57,127,58,200,59,200,53.0
2026-04-18 12:15:42 PM,KXATPMATCH-26APR19COBSHE-COB,51,2,50,66,34,101,33,200,7,12,55,20,56,430,57,127,58,200,59,200,53.0
2026-04-18 12:15:42 PM,KXATPMATCH-26APR19COBSHE-COB,51,2,50,66,34,101,33,200,7,12,55,20,56,402,57,127,58,200,59,200,53.0
2026-04-18 12:15:42 PM,KXATPMATCH-26APR19COBSHE-COB,51,2,50,66,34,101,33,200,7,12,55,4,56,402,57,127,58,200,59,200,53.0
2026-04-18 12:15:42 PM,KXATPMATCH-26APR19COBSHE-COB,51,2,50,66,34,101,33,200,7,12,55,2,56,402,57,127,58,200,59,200,53.0
2026-04-18 12:15:42 PM,KXATPMATCH-26APR19COBSHE-COB,51,2,50,66,34,101,33,200,7,12,55,15,56,402,57,127,58,200,59,200,53.0
2026-04-18 12:15:42 PM,KXATPMATCH-26APR19COBSHE-COB,51,2,50,66,34,101,33,200,7,12,56,402,57,127,58,200,59,200,60,200,53.5
2026-04-18 12:15:42 PM,KXATPMATCH-26APR19COBSHE-COB,51,2,50,66,34,101,33,200,7,12,54,15,56,402,57,127,58,200,59,200,52.5
2026-04-18 12:15:43 PM,KXATPMATCH-26APR19COBSHE-COB,51,2,50,66,34,101,33,200,7,12,54,15,56,402,57,120,58,200,59,200,52.5
2026-04-18 12:15:43 PM,KXATPMATCH-26APR19COBSHE-COB,51,9,50,66,34,101,33,200,7,12,54,15,56,402,57,120,58,200,59,200,52.5
2026-04-18 12:15:43 PM,KXATPMATCH-26APR19COBSHE-COB,51,2,50,66,34,101,33,200,7,12,54,15,56,402,57,120,58,200,59,200,52.5
2026-04-18 12:15:43 PM,KXATPMATCH-26APR19COBSHE-COB,51,2,50,66,34,101,33,200,7,12,54,19,56,402,57,120,58,200,59,200,52.5
2026-04-18 12:15:43 PM,KXATPMATCH-26APR19COBSHE-COB,51,2,50,80,34,101,33,200,7,12,54,19,56,402,57,120,58,200,59,200,52.5
2026-04-18 12:15:43 PM,KXATPMATCH-26APR19COBSHE-COB,51,2,50,80,34,101,33,200,7,12,54,33,56,402,57,120,58,200,59,200,52.5
2026-04-18 12:15:43 PM,KXATPMATCH-26APR19COBSHE-COB,51,2,50,80,34,101,33,200,7,12,54,33,55,7,56,402,57,120,58,200,52.5
2026-04-18 12:15:47 PM,KXATPMATCH-26APR19COBSHE-COB,51,2,50,80,34,101,33,200,7,12,54,33,55,7,56,502,57,120,58,200,52.5
2026-04-18 12:16:21 PM,KXATPMATCH-26APR19COBSHE-COB,51,2,50,69,34,101,33,200,7,12,54,33,55,7,56,502,57,120,58,200,52.5
2026-04-18 12:16:40 PM,KXATPMATCH-26APR19COBSHE-COB,51,2,50,69,34,101,33,200,7,12,54,14,55,7,56,502,57,120,58,200,52.5
2026-04-18 12:16:40 PM,KXATPMATCH-26APR19COBSHE-COB,51,2,50,69,34,101,33,200,7,12,55,7,56,502,57,120,58,200,59,200,53.0
2026-04-18 12:16:40 PM,KXATPMATCH-26APR19COBSHE-COB,51,2,50,55,34,101,33,200,7,12,55,7,56,502,57,120,58,200,59,200,53.0
2026-04-18 12:16:40 PM,KXATPMATCH-26APR19COBSHE-COB,51,9,50,55,34,101,33,200,7,12,55,7,56,502,57,120,58,200,59,200,53.0
2026-04-18 12:16:40 PM,KXATPMATCH-26APR19COBSHE-COB,51,9,50,55,34,101,33,200,7,12,55,21,56,502,57,120,58,200,59,200,53.0
2026-04-18 12:16:40 PM,KXATPMATCH-26APR19COBSHE-COB,51,9,50,55,34,101,33,200,7,12,55,21,56,509,57,120,58,200,59,200,53.0
2026-04-18 12:16:40 PM,KXATPMATCH-26APR19COBSHE-COB,51,9,50,55,34,101,33,200,7,12,55,14,56,509,57,120,58,200,59,200,53.0
2026-04-18 12:16:40 PM,KXATPMATCH-26APR19COBSHE-COB,51,2,50,55,34,101,33,200,7,12,55,14,56,509,57,120,58,200,59,200,53.0
2026-04-18 12:16:40 PM,KXATPMATCH-26APR19COBSHE-COB,51,2,50,55,34,101,33,200,7,12,56,509,57,120,58,200,59,200,60,200,53.5
2026-04-18 12:16:40 PM,KXATPMATCH-26APR19COBSHE-COB,51,2,50,55,34,101,33,200,7,12,56,502,57,120,58,200,59,200,60,200,53.5
2026-04-18 12:16:40 PM,KXATPMATCH-26APR19COBSHE-COB,51,2,50,55,34,101,33,200,7,12,55,17,56,502,57,120,58,200,59,200,53.0
2026-04-18 12:16:41 PM,KXATPMATCH-26APR19COBSHE-COB,51,14,50,55,34,101,33,200,7,12,55,17,56,502,57,120,58,200,59,200,53.0
2026-04-18 12:16:41 PM,KXATPMATCH-26APR19COBSHE-COB,51,14,50,55,34,101,33,200,7,12,54,8,55,17,56,502,57,120,58,200,52.5
2026-04-18 12:16:41 PM,KXATPMATCH-26APR19COBSHE-COB,51,14,50,55,34,101,33,200,7,12,54,8,55,24,56,502,57,120,58,200,52.5
2026-04-18 12:16:41 PM,KXATPMATCH-26APR19COBSHE-COB,51,2,50,55,34,101,33,200,7,12,54,8,55,24,56,502,57,120,58,200,52.5
2026-04-18 12:16:41 PM,KXATPMATCH-26APR19COBSHE-COB,51,2,50,55,34,101,33,200,7,12,55,24,56,502,57,120,58,200,59,200,53.0
2026-04-18 12:16:41 PM,KXATPMATCH-26APR19COBSHE-COB,51,2,50,55,34,101,33,200,7,12,55,17,56,502,57,120,58,200,59,200,53.0
2026-04-18 12:16:41 PM,KXATPMATCH-26APR19COBSHE-COB,51,2,50,55,34,101,33,200,7,12,56,502,57,120,58,200,59,200,60,200,53.5
2026-04-18 12:16:41 PM,KXATPMATCH-26APR19COBSHE-COB,51,14,50,55,34,101,33,200,7,12,56,502,57,120,58,200,59,200,60,200,53.5
2026-04-18 12:16:41 PM,KXATPMATCH-26APR19COBSHE-COB,51,14,50,55,34,101,33,200,7,12,55,15,56,502,57,120,58,200,59,200,53.0
2026-04-18 12:16:41 PM,KXATPMATCH-26APR19COBSHE-COB,51,14,50,55,34,101,33,200,7,12,55,15,56,510,57,120,58,200,59,200,53.0
2026-04-18 12:16:41 PM,KXATPMATCH-26APR19COBSHE-COB,51,14,50,55,34,101,33,200,7,12,55,34,56,510,57,120,58,200,59,200,53.0
2026-04-18 12:16:41 PM,KXATPMATCH-26APR19COBSHE-COB,51,2,50,55,34,101,33,200,7,12,55,34,56,510,57,120,58,200,59,200,53.0
2026-04-18 12:16:41 PM,KXATPMATCH-26APR19COBSHE-COB,51,2,50,55,34,101,33,200,7,12,55,19,56,510,57,120,58,200,59,200,53.0
2026-04-18 12:16:41 PM,KXATPMATCH-26APR19COBSHE-COB,51,2,50,55,34,101,33,200,7,12,55,19,56,502,57,120,58,200,59,200,53.0
2026-04-18 12:16:41 PM,KXATPMATCH-26APR19COBSHE-COB,51,2,50,55,34,101,33,200,7,12,56,502,57,120,58,200,59,200,60,200,53.5
2026-04-18 12:16:41 PM,KXATPMATCH-26APR19COBSHE-COB,51,2,50,55,34,101,33,200,7,12,54,19,56,502,57,120,58,200,59,200,52.5
2026-04-18 12:16:41 PM,KXATPMATCH-26APR19COBSHE-COB,51,2,50,55,34,101,33,200,7,12,56,502,57,120,58,200,59,200,60,200,53.5
2026-04-18 12:16:42 PM,KXATPMATCH-26APR19COBSHE-COB,51,14,50,55,34,101,33,200,7,12,56,502,57,120,58,200,59,200,60,200,53.5
2026-04-18 12:16:42 PM,KXATPMATCH-26APR19COBSHE-COB,51,14,50,55,34,101,33,200,7,12,55,8,56,502,57,120,58,200,59,200,53.0
2026-04-18 12:16:42 PM,KXATPMATCH-26APR19COBSHE-COB,51,14,50,55,34,101,33,200,7,12,55,8,56,509,57,120,58,200,59,200,53.0
2026-04-18 12:16:43 PM,KXATPMATCH-26APR19COBSHE-COB,51,2,50,55,34,101,33,200,7,12,55,8,56,509,57,120,58,200,59,200,53.0
2026-04-18 12:16:43 PM,KXATPMATCH-26APR19COBSHE-COB,51,2,50,55,33,200,7,12,6,316,55,8,56,509,57,120,58,200,59,200,53.0
2026-04-18 12:16:43 PM,KXATPMATCH-26APR19COBSHE-COB,51,2,50,55,33,200,7,12,6,316,56,509,57,120,58,200,59,200,60,200,53.5
2026-04-18 12:16:43 PM,KXATPMATCH-26APR19COBSHE-COB,51,2,50,55,33,200,7,12,6,316,56,502,57,120,58,200,59,200,60,200,53.5
2026-04-18 12:16:43 PM,KXATPMATCH-26APR19COBSHE-COB,51,2,50,55,42,5,33,200,7,12,56,502,57,120,58,200,59,200,60,200,53.5
2026-04-18 12:16:43 PM,KXATPMATCH-26APR19COBSHE-COB,51,2,50,55,42,5,33,200,7,12,56,502,57,120,58,208,59,200,60,200,53.5
2026-04-18 12:16:43 PM,KXATPMATCH-26APR19COBSHE-COB,51,2,50,55,42,5,33,200,7,12,56,502,57,120,58,208,59,207,60,200,53.5
2026-04-18 12:16:43 PM,KXATPMATCH-26APR19COBSHE-COB,51,14,50,55,42,5,33,200,7,12,56,502,57,120,58,208,59,207,60,200,53.5
2026-04-18 12:16:43 PM,KXATPMATCH-26APR19COBSHE-COB,51,14,50,62,42,5,33,200,7,12,56,502,57,120,58,208,59,207,60,200,53.5
2026-04-18 12:16:43 PM,KXATPMATCH-26APR19COBSHE-COB,51,14,50,62,42,5,33,200,7,12,55,15,56,502,57,120,58,208,59,207,53.0
2026-04-18 12:16:43 PM,KXATPMATCH-26APR19COBSHE-COB,51,14,50,62,42,5,33,200,7,12,55,15,56,510,57,120,58,208,59,207,53.0
2026-04-18 12:16:43 PM,KXATPMATCH-26APR19COBSHE-COB,51,21,50,62,42,5,33,200,7,12,55,15,56,510,57,120,58,208,59,207,53.0
2026-04-18 12:16:43 PM,KXATPMATCH-26APR19COBSHE-COB,51,21,50,62,42,5,34,9,33,200,55,15,56,510,57,120,58,208,59,207,53.0
2026-04-18 12:16:43 PM,KXATPMATCH-26APR19COBSHE-COB,51,21,50,62,34,9,33,200,7,12,55,15,56,510,57,120,58,208,59,207,53.0
2026-04-18 12:16:43 PM,KXATPMATCH-26APR19COBSHE-COB,51,21,50,55,34,9,33,200,7,12,55,15,56,510,57,120,58,208,59,207,53.0
2026-04-18 12:16:43 PM,KXATPMATCH-26APR19COBSHE-COB,51,21,50,55,34,9,33,200,7,12,55,15,56,510,57,120,58,200,59,207,53.0
2026-04-18 12:16:43 PM,KXATPMATCH-26APR19COBSHE-COB,51,21,50,55,34,9,33,200,7,12,55,15,56,510,57,120,58,200,59,200,53.0
2026-04-18 12:16:43 PM,KXATPMATCH-26APR19COBSHE-COB,51,21,50,55,34,9,33,200,7,12,56,510,57,120,58,200,59,200,60,200,53.5
2026-04-18 12:16:43 PM,KXATPMATCH-26APR19COBSHE-COB,51,21,50,55,34,9,33,200,7,12,55,18,56,510,57,120,58,200,59,200,53.0
2026-04-18 12:16:43 PM,KXATPMATCH-26APR19COBSHE-COB,51,9,50,55,34,9,33,200,7,12,55,18,56,510,57,120,58,200,59,200,53.0
2026-04-18 12:16:43 PM,KXATPMATCH-26APR19COBSHE-COB,51,9,50,55,34,9,33,200,7,12,55,18,56,502,57,120,58,200,59,200,53.0
2026-04-18 12:16:43 PM,KXATPMATCH-26APR19COBSHE-COB,51,2,50,55,34,9,33,200,7,12,55,18,56,502,57,120,58,200,59,200,53.0
2026-04-18 12:16:44 PM,KXATPMATCH-26APR19COBSHE-COB,51,14,50,55,34,9,33,200,7,12,55,18,56,502,57,120,58,200,59,200,53.0
2026-04-18 12:16:44 PM,KXATPMATCH-26APR19COBSHE-COB,51,14,50,55,34,28,33,200,7,12,55,18,56,502,57,120,58,200,59,200,53.0
2026-04-18 12:16:44 PM,KXATPMATCH-26APR19COBSHE-COB,51,14,50,55,34,28,33,200,7,12,55,26,56,502,57,120,58,200,59,200,53.0
2026-04-18 12:16:44 PM,KXATPMATCH-26APR19COBSHE-COB,51,14,50,55,34,28,33,200,7,12,55,26,56,509,57,120,58,200,59,200,53.0
2026-04-18 12:16:44 PM,KXATPMATCH-26APR19COBSHE-COB,51,2,50,55,34,28,33,200,7,12,55,26,56,509,57,120,58,200,59,200,53.0
2026-04-18 12:16:44 PM,KXATPMATCH-26APR19COBSHE-COB,51,2,50,55,34,28,33,200,7,12,55,18,56,509,57,120,58,200,59,200,53.0
2026-04-18 12:16:44 PM,KXATPMATCH-26APR19COBSHE-COB,51,2,50,55,34,28,33,200,7,12,55,18,56,502,57,120,58,200,59,200,53.0
2026-04-18 12:16:44 PM,KXATPMATCH-26APR19COBSHE-COB,51,2,50,55,34,28,33,200,7,12,55,4,56,502,57,120,58,200,59,200,53.0
2026-04-18 12:16:44 PM,KXATPMATCH-26APR19COBSHE-COB,51,2,50,55,34,28,33,200,7,12,55,18,56,502,57,120,58,200,59,200,53.0
2026-04-18 12:16:44 PM,KXATPMATCH-26APR19COBSHE-COB,51,2,50,55,34,28,33,200,7,12,56,502,57,120,58,200,59,200,60,200,53.5
2026-04-18 12:16:44 PM,KXATPMATCH-26APR19COBSHE-COB,51,2,50,55,34,28,33,200,7,12,54,18,56,502,57,120,58,200,59,200,52.5
2026-04-18 12:16:44 PM,KXATPMATCH-26APR19COBSHE-COB,51,2,50,67,34,28,33,200,7,12,54,18,56,502,57,120,58,200,59,200,52.5
2026-04-18 12:16:44 PM,KXATPMATCH-26APR19COBSHE-COB,51,2,50,67,34,110,33,200,7,12,54,18,56,502,57,120,58,200,59,200,52.5
2026-04-18 12:16:44 PM,KXATPMATCH-26APR19COBSHE-COB,51,2,50,67,34,110,33,200,7,12,54,26,56,502,57,120,58,200,59,200,52.5
2026-04-18 12:16:44 PM,KXATPMATCH-26APR19COBSHE-COB,51,2,50,67,34,110,33,200,7,12,54,26,55,7,56,502,57,120,58,200,52.5
2026-04-18 12:16:45 PM,KXATPMATCH-26APR19COBSHE-COB,51,2,50,74,34,110,33,200,7,12,54,26,55,7,56,502,57,120,58,200,52.5
2026-04-18 12:16:48 PM,KXATPMATCH-26APR19COBSHE-COB,51,2,50,74,34,110,33,200,7,12,54,8,55,7,56,502,57,120,58,200,52.5
2026-04-18 12:16:48 PM,KXATPMATCH-26APR19COBSHE-COB,51,2,50,62,34,110,33,200,7,12,54,8,55,7,56,502,57,120,58,200,52.5
2026-04-18 12:16:48 PM,KXATPMATCH-26APR19COBSHE-COB,51,2,50,62,34,110,33,200,7,12,55,7,56,502,57,120,58,200,59,200,53.0
2026-04-18 12:16:48 PM,KXATPMATCH-26APR19COBSHE-COB,51,2,50,62,34,110,33,200,7,12,56,502,57,120,58,200,59,200,60,200,53.5
2026-04-18 12:16:48 PM,KXATPMATCH-26APR19COBSHE-COB,51,2,50,62,43,5,34,110,33,200,56,502,57,120,58,200,59,200,60,200,53.5
2026-04-18 12:16:48 PM,KXATPMATCH-26APR19COBSHE-COB,51,2,50,55,43,5,34,110,33,200,56,502,57,120,58,200,59,200,60,200,53.5
2026-04-18 12:16:48 PM,KXATPMATCH-26APR19COBSHE-COB,51,2,50,55,43,5,34,110,33,200,56,502,57,128,58,200,59,200,60,200,53.5
2026-04-18 12:16:48 PM,KXATPMATCH-26APR19COBSHE-COB,51,2,50,55,43,5,34,110,33,200,56,502,57,128,58,207,59,200,60,200,53.5
2026-04-18 12:16:48 PM,KXATPMATCH-26APR19COBSHE-COB,51,2,50,55,43,5,34,101,33,200,56,502,57,128,58,207,59,200,60,200,53.5
2026-04-18 12:16:48 PM,KXATPMATCH-26APR19COBSHE-COB,51,2,50,55,43,5,34,82,33,200,56,502,57,128,58,207,59,200,60,200,53.5
2026-04-18 12:16:48 PM,KXATPMATCH-26APR19COBSHE-COB,51,2,50,55,34,82,33,200,7,12,56,502,57,128,58,207,59,200,60,200,53.5
2026-04-18 12:16:48 PM,KXATPMATCH-26APR19COBSHE-COB,51,2,50,55,34,82,33,200,7,12,56,502,57,120,58,207,59,200,60,200,53.5
2026-04-18 12:16:48 PM,KXATPMATCH-26APR19COBSHE-COB,51,2,50,55,34,82,33,200,7,12,56,502,57,120,58,200,59,200,60,200,53.5
2026-04-18 12:16:49 PM,KXATPMATCH-26APR19COBSHE-COB,51,2,50,55,41,5,34,82,33,200,56,502,57,120,58,200,59,200,60,200,53.5
2026-04-18 12:16:49 PM,KXATPMATCH-26APR19COBSHE-COB,51,2,50,55,41,5,34,82,33,200,56,502,57,120,58,200,59,208,60,200,53.5
2026-04-18 12:16:49 PM,KXATPMATCH-26APR19COBSHE-COB,51,2,50,55,41,5,33,200,7,12,56,502,57,120,58,200,59,208,60,200,53.5
2026-04-18 12:16:49 PM,KXATPMATCH-26APR19COBSHE-COB,51,2,50,55,41,5,33,200,7,12,56,502,57,120,58,200,59,208,60,207,53.5
2026-04-18 12:16:49 PM,KXATPMATCH-26APR19COBSHE-COB,51,2,50,55,41,5,34,35,33,200,56,502,57,120,58,200,59,208,60,207,53.5
2026-04-18 12:16:50 PM,KXATPMATCH-26APR19COBSHE-COB,51,2,50,55,41,5,34,50,33,200,56,502,57,120,58,200,59,208,60,207,53.5
2026-04-18 12:16:53 PM,KXATPMATCH-26APR19COBSHE-COB,51,2,50,55,34,50,33,200,7,12,56,502,57,120,58,200,59,208,60,207,53.5
2026-04-18 12:16:53 PM,KXATPMATCH-26APR19COBSHE-COB,51,2,50,55,34,50,33,200,7,12,56,502,57,120,58,200,59,200,60,207,53.5
2026-04-18 12:16:53 PM,KXATPMATCH-26APR19COBSHE-COB,51,2,50,55,34,50,33,200,7,12,56,502,57,120,58,200,59,200,60,200,53.5
2026-04-18 12:16:53 PM,KXATPMATCH-26APR19COBSHE-COB,51,14,50,55,34,50,33,200,7,12,56,502,57,120,58,200,59,200,60,200,53.5
2026-04-18 12:16:53 PM,KXATPMATCH-26APR19COBSHE-COB,51,14,50,55,34,117,33,200,7,12,56,502,57,120,58,200,59,200,60,200,53.5
2026-04-18 12:16:53 PM,KXATPMATCH-26APR19COBSHE-COB,51,14,50,55,34,117,33,200,7,12,55,8,56,502,57,120,58,200,59,200,53.0
2026-04-18 12:16:53 PM,KXATPMATCH-26APR19COBSHE-COB,51,14,50,55,34,117,33,200,7,12,55,8,56,509,57,120,58,200,59,200,53.0
2026-04-18 12:16:53 PM,KXATPMATCH-26APR19COBSHE-COB,51,14,50,55,34,117,33,200,7,12,54,16,55,8,56,509,57,120,58,200,52.5
2026-04-18 12:16:53 PM,KXATPMATCH-26APR19COBSHE-COB,51,2,50,55,34,117,33,200,7,12,54,16,55,8,56,509,57,120,58,200,52.5
2026-04-18 12:16:53 PM,KXATPMATCH-26APR19COBSHE-COB,51,2,50,55,34,117,33,200,7,12,54,16,56,509,57,120,58,200,59,200,52.5
2026-04-18 12:16:53 PM,KXATPMATCH-26APR19COBSHE-COB,51,2,50,55,34,117,33,200,7,12,54,16,56,502,57,120,58,200,59,200,52.5
2026-04-18 12:16:53 PM,KXATPMATCH-26APR19COBSHE-COB,51,2,50,55,34,117,33,200,7,12,54,54,56,502,57,120,58,200,59,200,52.5
2026-04-18 12:16:53 PM,KXATPMATCH-26APR19COBSHE-COB,51,2,50,55,34,117,33,200,7,12,56,502,57,120,58,200,59,200,60,200,53.5
2026-04-18 12:16:53 PM,KXATPMATCH-26APR19COBSHE-COB,51,2,50,55,34,117,33,200,7,12,53,16,56,502,57,120,58,200,59,200,52.0
2026-04-18 12:16:53 PM,KXATPMATCH-26APR19COBSHE-COB,51,2,50,55,34,117,33,200,7,12,56,502,57,120,58,200,59,200,60,200,53.5
2026-04-18 12:16:53 PM,KXATPMATCH-26APR19COBSHE-COB,51,7,50,55,34,117,33,200,7,12,56,502,57,120,58,200,59,200,60,200,53.5
2026-04-18 12:16:53 PM,KXATPMATCH-26APR19COBSHE-COB,51,7,50,55,34,117,33,200,7,12,55,15,56,502,57,120,58,200,59,200,53.0
