ts_et,ticker,bid_1,bid_1_sz,bid_2,bid_2_sz,bid_3,bid_3_sz,bid_4,bid_4_sz,bid_5,bid_5_sz,ask_1,ask_1_sz,ask_2,ask_2_sz,ask_3,ask_3_sz,ask_4,ask_4_sz,ask_5,ask_5_sz,mid
2026-04-17 09:43:06 PM,KXATPCHALLENGERMATCH-26APR18ROYHOU-HOU,30,648,29,248,7,2897,6,116,5,194,34,79,35,503,36,1000,68,43,74,1,32.0
2026-04-17 09:47:20 PM,KXATPCHALLENGERMATCH-26APR18ROYHOU-HOU,30,648,29,248,7,2897,6,116,5,194,33,1,34,79,35,503,36,1000,68,43,31.5
2026-04-17 09:52:44 PM,KXATPCHALLENGERMATCH-26APR18ROYHOU-HOU,30,648,29,248,7,2897,6,116,5,194,34,79,35,503,36,1000,68,43,74,1,32.0
2026-04-17 09:52:44 PM,KXATPCHALLENGERMATCH-26APR18ROYHOU-HOU,33,99,30,648,29,248,7,2897,6,116,34,79,35,503,36,1000,68,43,74,1,33.5
2026-04-17 09:52:45 PM,KXATPCHALLENGERMATCH-26APR18ROYHOU-HOU,33,99,30,400,29,248,7,2897,6,116,34,79,35,503,36,1000,68,43,74,1,33.5
2026-04-17 09:52:45 PM,KXATPCHALLENGERMATCH-26APR18ROYHOU-HOU,33,99,30,400,7,2897,6,116,5,194,34,79,35,503,36,1000,68,43,74,1,33.5
2026-04-17 09:52:45 PM,KXATPCHALLENGERMATCH-26APR18ROYHOU-HOU,33,99,32,248,30,400,7,2897,6,116,34,79,35,503,36,1000,68,43,74,1,33.5
2026-04-17 09:52:46 PM,KXATPCHALLENGERMATCH-26APR18ROYHOU-HOU,33,99,32,248,31,248,30,400,7,2897,34,79,35,503,36,1000,68,43,74,1,33.5
2026-04-17 09:52:51 PM,KXATPCHALLENGERMATCH-26APR18ROYHOU-HOU,32,248,31,248,30,400,7,2897,6,116,34,79,35,503,36,1000,68,43,74,1,33.0
2026-04-17 09:52:59 PM,KXATPCHALLENGERMATCH-26APR18ROYHOU-HOU,32,248,31,248,30,400,7,2897,6,116,35,503,36,1000,68,43,74,1,83,3861,33.5
2026-04-17 09:52:59 PM,KXATPCHALLENGERMATCH-26APR18ROYHOU-HOU,34,20,32,248,31,248,30,400,7,2897,35,503,36,1000,68,43,74,1,83,3861,34.5
2026-04-17 09:52:59 PM,KXATPCHALLENGERMATCH-26APR18ROYHOU-HOU,34,20,32,248,31,248,30,400,7,2897,36,1000,68,43,74,1,83,3861,84,85,35.0
2026-04-17 09:52:59 PM,KXATPCHALLENGERMATCH-26APR18ROYHOU-HOU,34,20,32,248,31,248,30,400,7,2897,36,503,68,43,74,1,83,3861,84,85,35.0
2026-04-17 09:52:59 PM,KXATPCHALLENGERMATCH-26APR18ROYHOU-HOU,34,20,32,248,31,248,30,400,7,2897,36,503,37,1000,68,43,74,1,83,3861,35.0
2026-04-17 09:52:59 PM,KXATPCHALLENGERMATCH-26APR18ROYHOU-HOU,34,20,32,248,30,400,7,2897,6,116,36,503,37,1000,68,43,74,1,83,3861,35.0
2026-04-17 09:53:00 PM,KXATPCHALLENGERMATCH-26APR18ROYHOU-HOU,34,20,33,248,32,248,30,400,7,2897,36,503,37,1000,68,43,74,1,83,3861,35.0
2026-04-17 09:53:05 PM,KXATPCHALLENGERMATCH-26APR18ROYHOU-HOU,33,248,32,248,30,400,7,2897,6,116,36,503,37,1000,68,43,74,1,83,3861,34.5
2026-04-17 09:53:11 PM,KXATPCHALLENGERMATCH-26APR18ROYHOU-HOU,33,168,32,248,30,400,7,2897,6,116,36,503,37,1000,68,43,74,1,83,3861,34.5
2026-04-17 09:53:11 PM,KXATPCHALLENGERMATCH-26APR18ROYHOU-HOU,33,168,32,248,30,400,7,2897,6,116,36,583,37,1000,68,43,74,1,83,3861,34.5
2026-04-17 09:53:12 PM,KXATPCHALLENGERMATCH-26APR18ROYHOU-HOU,33,208,32,248,30,400,7,2897,6,116,36,583,37,1000,68,43,74,1,83,3861,34.5
2026-04-17 09:53:12 PM,KXATPCHALLENGERMATCH-26APR18ROYHOU-HOU,33,208,32,208,30,400,7,2897,6,116,36,583,37,1000,68,43,74,1,83,3861,34.5
2026-04-17 09:53:12 PM,KXATPCHALLENGERMATCH-26APR18ROYHOU-HOU,33,208,32,208,30,400,7,2897,6,116,36,583,68,43,74,1,83,3861,84,85,34.5
2026-04-17 09:53:12 PM,KXATPCHALLENGERMATCH-26APR18ROYHOU-HOU,33,208,32,208,30,400,7,2897,6,116,35,583,36,583,68,43,74,1,83,3861,34.0
2026-04-17 09:53:13 PM,KXATPCHALLENGERMATCH-26APR18ROYHOU-HOU,33,208,32,208,30,400,7,2897,6,116,35,583,36,1000,68,43,74,1,83,3861,34.0
2026-04-17 09:53:13 PM,KXATPCHALLENGERMATCH-26APR18ROYHOU-HOU,33,40,32,208,30,400,7,2897,6,116,35,583,36,1000,68,43,74,1,83,3861,34.0
2026-04-17 09:53:13 PM,KXATPCHALLENGERMATCH-26APR18ROYHOU-HOU,32,208,30,400,7,2897,6,116,5,194,35,583,36,1000,68,43,74,1,83,3861,33.5
2026-04-17 09:53:13 PM,KXATPCHALLENGERMATCH-26APR18ROYHOU-HOU,30,400,7,2897,6,116,5,194,4,823,35,583,36,1000,68,43,74,1,83,3861,32.5
2026-04-17 09:53:13 PM,KXATPCHALLENGERMATCH-26APR18ROYHOU-HOU,31,208,30,400,7,2897,6,116,5,194,35,583,36,1000,68,43,74,1,83,3861,33.0
2026-04-17 09:53:13 PM,KXATPCHALLENGERMATCH-26APR18ROYHOU-HOU,31,208,30,608,7,2897,6,116,5,194,35,583,36,1000,68,43,74,1,83,3861,33.0
2026-04-17 09:53:13 PM,KXATPCHALLENGERMATCH-26APR18ROYHOU-HOU,31,208,30,608,7,2897,6,116,5,194,36,1000,68,43,74,1,83,3861,84,85,33.5
2026-04-17 09:53:13 PM,KXATPCHALLENGERMATCH-26APR18ROYHOU-HOU,31,208,30,608,7,2897,6,116,5,194,36,583,68,43,74,1,83,3861,84,85,33.5
2026-04-17 09:53:13 PM,KXATPCHALLENGERMATCH-26APR18ROYHOU-HOU,31,208,30,608,7,2897,6,116,5,194,36,583,37,1000,68,43,74,1,83,3861,33.5
2026-04-17 09:53:13 PM,KXATPCHALLENGERMATCH-26APR18ROYHOU-HOU,31,208,30,608,7,2897,6,116,5,194,36,80,37,1000,68,43,74,1,83,3861,33.5
2026-04-17 09:53:14 PM,KXATPCHALLENGERMATCH-26APR18ROYHOU-HOU,31,208,30,608,7,2897,6,116,5,194,36,80,68,43,74,1,83,3861,84,85,33.5
2026-04-17 09:53:14 PM,KXATPCHALLENGERMATCH-26APR18ROYHOU-HOU,31,208,30,608,7,2897,6,116,5,194,35,583,36,80,68,43,74,1,83,3861,33.0
2026-04-17 09:53:14 PM,KXATPCHALLENGERMATCH-26APR18ROYHOU-HOU,31,208,30,608,7,2897,6,116,5,194,35,583,36,1000,68,43,74,1,83,3861,33.0
2026-04-17 09:53:14 PM,KXATPCHALLENGERMATCH-26APR18ROYHOU-HOU,31,208,30,608,7,2897,6,116,5,194,36,1000,68,43,74,1,83,3861,84,85,33.5
2026-04-17 09:53:14 PM,KXATPCHALLENGERMATCH-26APR18ROYHOU-HOU,31,208,30,608,7,2897,6,116,5,194,36,583,68,43,74,1,83,3861,84,85,33.5
2026-04-17 09:53:14 PM,KXATPCHALLENGERMATCH-26APR18ROYHOU-HOU,31,208,30,608,7,2897,6,116,5,194,36,583,37,1000,68,43,74,1,83,3861,33.5
2026-04-17 09:53:14 PM,KXATPCHALLENGERMATCH-26APR18ROYHOU-HOU,31,208,30,608,7,2897,6,116,5,194,36,503,37,1000,68,43,74,1,83,3861,33.5
2026-04-17 09:53:14 PM,KXATPCHALLENGERMATCH-26APR18ROYHOU-HOU,31,208,30,608,7,2897,6,116,5,194,36,583,37,1000,68,43,74,1,83,3861,33.5
2026-04-17 09:53:22 PM,KXATPCHALLENGERMATCH-26APR18ROYHOU-HOU,31,128,30,608,7,2897,6,116,5,194,36,583,37,1000,68,43,74,1,83,3861,33.5
2026-04-17 09:53:22 PM,KXATPCHALLENGERMATCH-26APR18ROYHOU-HOU,31,128,30,608,7,2897,6,116,5,194,36,603,37,1000,68,43,74,1,83,3861,33.5
2026-04-17 09:53:22 PM,KXATPCHALLENGERMATCH-26APR18ROYHOU-HOU,31,198,30,608,7,2897,6,116,5,194,36,603,37,1000,68,43,74,1,83,3861,33.5
2026-04-17 09:53:22 PM,KXATPCHALLENGERMATCH-26APR18ROYHOU-HOU,31,198,30,598,7,2897,6,116,5,194,36,603,37,1000,68,43,74,1,83,3861,33.5
2026-04-17 09:53:22 PM,KXATPCHALLENGERMATCH-26APR18ROYHOU-HOU,31,198,30,598,7,2897,6,116,5,194,36,683,37,1000,68,43,74,1,83,3861,33.5
2026-04-17 09:53:22 PM,KXATPCHALLENGERMATCH-26APR18ROYHOU-HOU,31,158,30,598,7,2897,6,116,5,194,36,683,37,1000,68,43,74,1,83,3861,33.5
2026-04-17 09:53:22 PM,KXATPCHALLENGERMATCH-26APR18ROYHOU-HOU,31,158,30,558,7,2897,6,116,5,194,36,683,37,1000,68,43,74,1,83,3861,33.5
2026-04-17 09:53:59 PM,KXATPCHALLENGERMATCH-26APR18ROYHOU-HOU,31,158,30,558,7,2897,6,116,5,194,36,633,37,1000,68,43,74,1,83,3861,33.5
2026-04-17 09:53:59 PM,KXATPCHALLENGERMATCH-26APR18ROYHOU-HOU,31,183,30,558,7,2897,6,116,5,194,36,633,37,1000,68,43,74,1,83,3861,33.5
2026-04-17 09:54:00 PM,KXATPCHALLENGERMATCH-26APR18ROYHOU-HOU,31,183,30,583,7,2897,6,116,5,194,36,633,37,1000,68,43,74,1,83,3861,33.5
2026-04-17 09:57:59 PM,KXATPCHALLENGERMATCH-26APR18ROYHOU-HOU,31,183,30,583,7,2897,6,116,5,194,35,175,36,633,37,1000,68,43,74,1,33.0
2026-04-17 09:58:00 PM,KXATPCHALLENGERMATCH-26APR18ROYHOU-HOU,31,183,30,583,7,2897,6,116,5,194,35,175,36,633,68,43,74,1,83,3861,33.0
2026-04-17 09:58:00 PM,KXATPCHALLENGERMATCH-26APR18ROYHOU-HOU,31,183,30,583,7,2897,6,116,5,194,35,808,36,633,68,43,74,1,83,3861,33.0
2026-04-17 09:58:00 PM,KXATPCHALLENGERMATCH-26APR18ROYHOU-HOU,31,183,30,583,7,2897,6,116,5,194,35,808,36,1000,68,43,74,1,83,3861,33.0
2026-04-17 10:04:46 PM,KXATPCHALLENGERMATCH-26APR18ROYHOU-HOU,31,183,30,583,7,2897,6,116,5,194,35,803,36,1000,68,43,74,1,83,3861,33.0
2026-04-17 10:07:21 PM,KXATPCHALLENGERMATCH-26APR18ROYHOU-HOU,31,183,30,598,7,2897,6,116,5,194,35,803,36,1000,68,43,74,1,83,3861,33.0
2026-04-17 10:07:21 PM,KXATPCHALLENGERMATCH-26APR18ROYHOU-HOU,31,183,30,598,8,101,7,2897,6,116,35,803,36,1000,68,43,74,1,83,3861,33.0
2026-04-17 10:07:21 PM,KXATPCHALLENGERMATCH-26APR18ROYHOU-HOU,31,183,30,598,8,101,7,2897,6,116,35,803,36,1015,68,43,74,1,83,3861,33.0
2026-04-17 10:07:21 PM,KXATPCHALLENGERMATCH-26APR18ROYHOU-HOU,31,183,30,598,8,101,7,2897,6,116,35,803,36,1015,67,101,68,43,74,1,33.0
2026-04-17 10:08:32 PM,KXATPCHALLENGERMATCH-26APR18ROYHOU-HOU,31,183,30,598,8,101,7,2897,6,116,35,855,36,1015,67,101,68,43,74,1,33.0
2026-04-17 10:16:21 PM,KXATPCHALLENGERMATCH-26APR18ROYHOU-HOU,31,183,30,598,9,179,8,101,7,2897,35,855,36,1015,67,101,68,43,74,1,33.0
2026-04-17 10:16:21 PM,KXATPCHALLENGERMATCH-26APR18ROYHOU-HOU,31,183,30,598,9,179,8,101,7,2897,35,855,36,1015,67,101,68,43,73,144,33.0
2026-04-17 10:16:21 PM,KXATPCHALLENGERMATCH-26APR18ROYHOU-HOU,31,183,30,598,9,179,8,181,7,2897,35,855,36,1015,67,101,68,43,73,144,33.0
2026-04-17 10:16:21 PM,KXATPCHALLENGERMATCH-26APR18ROYHOU-HOU,31,183,30,598,9,179,8,80,7,2897,35,855,36,1015,67,101,68,43,73,144,33.0
2026-04-17 10:16:21 PM,KXATPCHALLENGERMATCH-26APR18ROYHOU-HOU,31,183,30,598,10,101,9,179,8,80,35,855,36,1015,67,101,68,43,73,144,33.0
2026-04-17 10:18:58 PM,KXATPCHALLENGERMATCH-26APR18ROYHOU-HOU,31,183,30,598,29,15,10,101,9,179,35,855,36,1015,67,101,68,43,73,144,33.0
2026-04-17 10:18:58 PM,KXATPCHALLENGERMATCH-26APR18ROYHOU-HOU,31,183,30,598,29,15,10,101,9,179,35,901,36,1015,67,101,68,43,73,144,33.0
2026-04-17 10:18:58 PM,KXATPCHALLENGERMATCH-26APR18ROYHOU-HOU,31,183,30,583,29,15,10,101,9,179,35,901,36,1015,67,101,68,43,73,144,33.0
2026-04-17 10:18:58 PM,KXATPCHALLENGERMATCH-26APR18ROYHOU-HOU,31,183,30,583,29,15,10,101,9,179,35,901,36,1015,68,43,73,144,74,1,33.0
2026-04-17 10:21:34 PM,KXATPCHALLENGERMATCH-26APR18ROYHOU-HOU,31,183,30,583,29,15,10,101,9,179,35,765,36,1015,68,43,73,144,74,1,33.0
2026-04-17 10:23:26 PM,KXATPCHALLENGERMATCH-26APR18ROYHOU-HOU,31,183,30,583,29,15,10,101,9,179,35,765,36,1015,42,35,68,43,73,144,33.0
2026-04-17 10:24:55 PM,KXATPCHALLENGERMATCH-26APR18ROYHOU-HOU,31,183,30,583,29,15,10,101,9,179,35,865,36,1015,42,35,68,43,73,144,33.0
2026-04-17 10:24:56 PM,KXATPCHALLENGERMATCH-26APR18ROYHOU-HOU,31,158,30,583,29,15,10,101,9,179,35,865,36,1015,42,35,68,43,73,144,33.0
2026-04-17 10:24:56 PM,KXATPCHALLENGERMATCH-26APR18ROYHOU-HOU,31,133,30,583,29,15,10,101,9,179,35,865,36,1015,42,35,68,43,73,144,33.0
2026-04-17 10:24:56 PM,KXATPCHALLENGERMATCH-26APR18ROYHOU-HOU,31,133,30,558,29,15,10,101,9,179,35,865,36,1015,42,35,68,43,73,144,33.0
2026-04-17 10:24:56 PM,KXATPCHALLENGERMATCH-26APR18ROYHOU-HOU,31,133,30,533,29,15,10,101,9,179,35,865,36,1015,42,35,68,43,73,144,33.0
2026-04-17 10:25:27 PM,KXATPCHALLENGERMATCH-26APR18ROYHOU-HOU,31,133,30,533,29,15,10,101,9,179,35,866,36,1015,42,35,68,43,73,144,33.0
2026-04-17 10:27:18 PM,KXATPCHALLENGERMATCH-26APR18ROYHOU-HOU,31,133,30,533,29,15,10,101,9,179,35,866,36,1015,68,43,73,144,74,1,33.0
2026-04-17 10:27:18 PM,KXATPCHALLENGERMATCH-26APR18ROYHOU-HOU,31,133,30,533,29,15,10,101,9,179,35,866,36,1015,68,43,74,1,82,151,33.0
2026-04-17 10:27:18 PM,KXATPCHALLENGERMATCH-26APR18ROYHOU-HOU,31,133,30,533,29,15,10,101,9,179,35,866,36,1015,68,43,74,114,82,151,33.0
2026-04-17 10:34:05 PM,KXATPCHALLENGERMATCH-26APR18ROYHOU-HOU,31,133,30,533,29,15,10,101,9,179,35,866,36,1015,58,891,68,43,74,114,33.0
2026-04-17 10:34:05 PM,KXATPCHALLENGERMATCH-26APR18ROYHOU-HOU,31,133,30,533,29,15,10,101,9,179,35,866,36,1015,57,891,58,891,68,43,33.0
2026-04-17 10:34:05 PM,KXATPCHALLENGERMATCH-26APR18ROYHOU-HOU,31,133,30,533,29,15,10,101,9,179,35,866,36,1015,56,872,57,891,58,891,33.0
2026-04-17 10:34:05 PM,KXATPCHALLENGERMATCH-26APR18ROYHOU-HOU,31,133,30,533,29,15,10,101,9,179,35,866,36,1015,55,787,56,872,57,891,33.0
2026-04-17 10:34:05 PM,KXATPCHALLENGERMATCH-26APR18ROYHOU-HOU,31,133,30,533,29,15,10,101,9,179,35,866,36,1015,54,664,55,787,56,872,33.0
2026-04-17 10:34:05 PM,KXATPCHALLENGERMATCH-26APR18ROYHOU-HOU,31,133,30,533,29,15,10,101,9,179,35,866,36,1015,53,484,54,664,55,787,33.0
2026-04-17 10:34:05 PM,KXATPCHALLENGERMATCH-26APR18ROYHOU-HOU,31,133,30,533,29,15,10,101,9,179,35,866,36,1015,52,143,53,484,54,664,33.0
2026-04-17 10:37:11 PM,KXATPCHALLENGERMATCH-26APR18ROYHOU-HOU,31,133,30,533,29,15,10,101,9,179,35,960,36,1015,52,143,53,484,54,664,33.0
2026-04-17 10:37:11 PM,KXATPCHALLENGERMATCH-26APR18ROYHOU-HOU,31,220,30,533,29,15,10,101,9,179,35,960,36,1015,52,143,53,484,54,664,33.0
2026-04-17 10:37:11 PM,KXATPCHALLENGERMATCH-26APR18ROYHOU-HOU,32,94,31,220,30,533,29,15,10,101,35,960,36,1015,52,143,53,484,54,664,33.5
2026-04-17 10:37:11 PM,KXATPCHALLENGERMATCH-26APR18ROYHOU-HOU,32,163,31,220,30,533,29,15,10,101,35,960,36,1015,52,143,53,484,54,664,33.5
2026-04-17 10:37:11 PM,KXATPCHALLENGERMATCH-26APR18ROYHOU-HOU,32,163,31,220,30,400,29,15,10,101,35,960,36,1015,52,143,53,484,54,664,33.5
2026-04-17 10:37:11 PM,KXATPCHALLENGERMATCH-26APR18ROYHOU-HOU,32,163,31,220,30,400,29,15,10,101,35,1023,36,1015,52,143,53,484,54,664,33.5
2026-04-17 10:37:11 PM,KXATPCHALLENGERMATCH-26APR18ROYHOU-HOU,32,296,31,220,30,400,29,15,10,101,35,1023,36,1015,52,143,53,484,54,664,33.5
2026-04-17 10:37:11 PM,KXATPCHALLENGERMATCH-26APR18ROYHOU-HOU,32,296,31,220,30,400,29,15,10,101,35,1023,36,1112,52,143,53,484,54,664,33.5
2026-04-17 10:37:11 PM,KXATPCHALLENGERMATCH-26APR18ROYHOU-HOU,32,296,31,220,30,500,29,15,10,101,35,1023,36,1112,52,143,53,484,54,664,33.5
2026-04-17 10:37:11 PM,KXATPCHALLENGERMATCH-26APR18ROYHOU-HOU,32,296,31,220,30,500,29,15,10,101,35,1023,36,1112,52,294,53,484,54,664,33.5
2026-04-17 10:37:11 PM,KXATPCHALLENGERMATCH-26APR18ROYHOU-HOU,32,296,31,220,30,500,29,15,10,101,35,1023,36,1112,51,76,52,294,53,484,33.5
2026-04-17 10:37:11 PM,KXATPCHALLENGERMATCH-26APR18ROYHOU-HOU,32,296,31,281,30,500,29,15,10,101,35,1023,36,1112,51,76,52,294,53,484,33.5
2026-04-17 10:37:11 PM,KXATPCHALLENGERMATCH-26APR18ROYHOU-HOU,32,296,31,281,30,500,29,15,10,101,35,1023,36,1176,51,76,52,294,53,484,33.5
2026-04-17 10:37:11 PM,KXATPCHALLENGERMATCH-26APR18ROYHOU-HOU,32,163,31,281,30,500,29,15,10,101,35,1023,36,1176,51,76,52,294,53,484,33.5
2026-04-17 10:37:12 PM,KXATPCHALLENGERMATCH-26APR18ROYHOU-HOU,32,163,31,281,30,633,29,15,10,101,35,1023,36,1176,51,76,52,294,53,484,33.5
2026-04-17 10:37:12 PM,KXATPCHALLENGERMATCH-26APR18ROYHOU-HOU,32,163,31,281,30,500,29,15,10,101,35,1023,36,1176,51,76,52,294,53,484,33.5
2026-04-17 10:37:12 PM,KXATPCHALLENGERMATCH-26APR18ROYHOU-HOU,32,296,31,281,30,500,29,15,10,101,35,1023,36,1176,51,76,52,294,53,484,33.5
2026-04-17 10:37:13 PM,KXATPCHALLENGERMATCH-26APR18ROYHOU-HOU,32,202,31,281,30,500,29,15,10,101,35,1023,36,1176,51,76,52,294,53,484,33.5
2026-04-17 10:37:13 PM,KXATPCHALLENGERMATCH-26APR18ROYHOU-HOU,32,202,31,281,30,563,29,15,10,101,35,1023,36,1176,51,76,52,294,53,484,33.5
2026-04-17 10:37:13 PM,KXATPCHALLENGERMATCH-26APR18ROYHOU-HOU,32,133,31,281,30,563,29,15,10,101,35,1023,36,1176,51,76,52,294,53,484,33.5
2026-04-17 10:37:13 PM,KXATPCHALLENGERMATCH-26APR18ROYHOU-HOU,31,281,30,563,29,15,10,101,9,179,35,1023,36,1176,51,76,52,294,53,484,33.0
2026-04-17 10:37:13 PM,KXATPCHALLENGERMATCH-26APR18ROYHOU-HOU,31,281,30,696,29,15,10,101,9,179,35,1023,36,1176,51,76,52,294,53,484,33.0
2026-04-17 10:37:14 PM,KXATPCHALLENGERMATCH-26APR18ROYHOU-HOU,31,281,30,696,29,15,10,101,9,179,35,1023,36,673,51,76,52,294,53,484,33.0
2026-04-17 10:37:14 PM,KXATPCHALLENGERMATCH-26APR18ROYHOU-HOU,31,281,30,696,29,15,10,101,9,179,35,1023,36,593,51,76,52,294,53,484,33.0
2026-04-17 10:37:14 PM,KXATPCHALLENGERMATCH-26APR18ROYHOU-HOU,31,281,30,696,29,15,10,101,9,179,35,1023,36,573,51,76,52,294,53,484,33.0
2026-04-17 10:37:14 PM,KXATPCHALLENGERMATCH-26APR18ROYHOU-HOU,31,281,30,696,29,15,10,101,9,179,35,1023,36,543,51,76,52,294,53,484,33.0
2026-04-17 10:37:14 PM,KXATPCHALLENGERMATCH-26APR18ROYHOU-HOU,31,281,30,696,29,15,10,101,9,179,35,1023,36,176,51,76,52,294,53,484,33.0
2026-04-17 10:37:14 PM,KXATPCHALLENGERMATCH-26APR18ROYHOU-HOU,31,281,30,696,29,15,10,101,9,179,34,734,35,1023,36,176,51,76,52,294,32.5
2026-04-17 10:37:14 PM,KXATPCHALLENGERMATCH-26APR18ROYHOU-HOU,31,281,30,696,29,15,10,101,9,179,34,734,35,1023,36,161,51,76,52,294,32.5
2026-04-17 10:37:14 PM,KXATPCHALLENGERMATCH-26APR18ROYHOU-HOU,31,281,30,696,29,15,10,101,9,179,34,734,35,977,36,161,51,76,52,294,32.5
2026-04-17 10:37:14 PM,KXATPCHALLENGERMATCH-26APR18ROYHOU-HOU,31,281,30,696,29,15,10,101,9,179,34,770,35,977,36,161,51,76,52,294,32.5
2026-04-17 10:37:14 PM,KXATPCHALLENGERMATCH-26APR18ROYHOU-HOU,31,281,30,696,29,15,10,101,9,179,34,770,35,1243,36,161,51,76,52,294,32.5
2026-04-17 10:37:14 PM,KXATPCHALLENGERMATCH-26APR18ROYHOU-HOU,31,281,30,696,29,15,10,101,9,179,34,36,35,1243,36,161,51,76,52,294,32.5
2026-04-17 10:37:14 PM,KXATPCHALLENGERMATCH-26APR18ROYHOU-HOU,31,281,30,696,29,15,10,101,9,179,34,36,35,1191,36,161,51,76,52,294,32.5
2026-04-17 10:37:14 PM,KXATPCHALLENGERMATCH-26APR18ROYHOU-HOU,31,281,30,696,29,15,10,101,9,179,34,36,35,1238,36,161,51,76,52,294,32.5
2026-04-17 10:37:14 PM,KXATPCHALLENGERMATCH-26APR18ROYHOU-HOU,31,281,30,696,29,15,10,101,9,179,34,36,35,1238,36,171,51,76,52,294,32.5
2026-04-17 10:37:14 PM,KXATPCHALLENGERMATCH-26APR18ROYHOU-HOU,31,281,30,696,29,15,10,101,9,179,35,1238,36,171,51,76,52,294,53,484,33.0
2026-04-17 10:37:15 PM,KXATPCHALLENGERMATCH-26APR18ROYHOU-HOU,31,281,30,696,29,15,10,101,9,179,35,972,36,171,51,76,52,294,53,484,33.0
2026-04-17 10:37:15 PM,KXATPCHALLENGERMATCH-26APR18ROYHOU-HOU,31,281,30,696,29,15,10,101,9,179,35,972,36,1171,51,76,52,294,53,484,33.0
2026-04-17 10:37:16 PM,KXATPCHALLENGERMATCH-26APR18ROYHOU-HOU,31,281,30,696,29,15,10,101,9,179,35,972,36,171,51,76,52,294,53,484,33.0
2026-04-17 10:37:16 PM,KXATPCHALLENGERMATCH-26APR18ROYHOU-HOU,31,281,30,696,29,15,10,101,9,179,34,734,35,972,36,171,51,76,52,294,32.5
2026-04-17 10:37:16 PM,KXATPCHALLENGERMATCH-26APR18ROYHOU-HOU,31,281,30,696,29,15,10,101,9,179,34,734,35,972,36,161,51,76,52,294,32.5
2026-04-17 10:37:16 PM,KXATPCHALLENGERMATCH-26APR18ROYHOU-HOU,31,281,30,696,29,15,10,101,9,179,34,734,35,925,36,161,51,76,52,294,32.5
2026-04-17 10:37:16 PM,KXATPCHALLENGERMATCH-26APR18ROYHOU-HOU,31,281,30,696,29,15,10,101,9,179,34,770,35,925,36,161,51,76,52,294,32.5
2026-04-17 10:37:16 PM,KXATPCHALLENGERMATCH-26APR18ROYHOU-HOU,31,281,30,696,29,15,10,101,9,179,34,770,35,1191,36,161,51,76,52,294,32.5
2026-04-17 10:37:16 PM,KXATPCHALLENGERMATCH-26APR18ROYHOU-HOU,31,281,30,696,29,15,10,101,9,179,34,36,35,1191,36,161,51,76,52,294,32.5
2026-04-17 10:37:16 PM,KXATPCHALLENGERMATCH-26APR18ROYHOU-HOU,31,281,30,696,29,15,10,101,9,179,34,36,35,925,36,161,51,76,52,294,32.5
2026-04-17 10:37:16 PM,KXATPCHALLENGERMATCH-26APR18ROYHOU-HOU,31,281,30,696,29,15,10,101,9,179,34,36,35,925,36,1161,51,76,52,294,32.5
2026-04-17 10:37:16 PM,KXATPCHALLENGERMATCH-26APR18ROYHOU-HOU,31,281,30,696,29,15,10,101,9,179,34,36,35,972,36,1161,51,76,52,294,32.5
2026-04-17 10:37:16 PM,KXATPCHALLENGERMATCH-26APR18ROYHOU-HOU,31,281,30,696,29,15,10,101,9,179,34,36,35,972,36,1171,51,76,52,294,32.5
2026-04-17 10:37:16 PM,KXATPCHALLENGERMATCH-26APR18ROYHOU-HOU,31,281,30,696,29,15,10,101,9,179,35,972,36,1171,51,76,52,294,53,484,33.0
2026-04-17 10:37:16 PM,KXATPCHALLENGERMATCH-26APR18ROYHOU-HOU,31,281,30,696,29,15,10,101,9,179,35,972,36,171,51,76,52,294,53,484,33.0
2026-04-17 10:37:16 PM,KXATPCHALLENGERMATCH-26APR18ROYHOU-HOU,31,281,30,696,29,15,10,101,9,179,34,734,35,972,36,171,51,76,52,294,32.5
2026-04-17 10:37:16 PM,KXATPCHALLENGERMATCH-26APR18ROYHOU-HOU,31,281,30,696,29,15,10,101,9,179,34,734,35,1024,36,171,51,76,52,294,32.5
2026-04-17 10:37:16 PM,KXATPCHALLENGERMATCH-26APR18ROYHOU-HOU,31,281,30,696,29,15,10,101,9,179,34,734,35,1290,36,171,51,76,52,294,32.5
2026-04-17 10:37:17 PM,KXATPCHALLENGERMATCH-26APR18ROYHOU-HOU,31,281,30,696,29,15,10,101,9,179,34,734,35,1238,36,171,51,76,52,294,32.5
2026-04-17 10:37:17 PM,KXATPCHALLENGERMATCH-26APR18ROYHOU-HOU,31,281,30,696,29,15,10,101,9,179,34,770,35,1238,36,171,51,76,52,294,32.5
2026-04-17 10:37:17 PM,KXATPCHALLENGERMATCH-26APR18ROYHOU-HOU,31,281,30,696,29,15,10,101,9,179,34,770,35,1238,36,161,51,76,52,294,32.5
2026-04-17 10:37:17 PM,KXATPCHALLENGERMATCH-26APR18ROYHOU-HOU,31,281,30,696,29,15,10,101,9,179,34,770,35,1191,36,161,51,76,52,294,32.5
2026-04-17 10:37:17 PM,KXATPCHALLENGERMATCH-26APR18ROYHOU-HOU,31,281,30,696,29,15,10,101,9,179,34,36,35,1191,36,161,51,76,52,294,32.5
2026-04-17 10:37:17 PM,KXATPCHALLENGERMATCH-26APR18ROYHOU-HOU,31,281,30,696,29,15,10,101,9,179,34,36,35,925,36,161,51,76,52,294,32.5
2026-04-17 10:37:17 PM,KXATPCHALLENGERMATCH-26APR18ROYHOU-HOU,31,281,30,696,29,15,10,101,9,179,34,36,35,925,36,1161,51,76,52,294,32.5
2026-04-17 10:37:17 PM,KXATPCHALLENGERMATCH-26APR18ROYHOU-HOU,31,281,30,696,29,15,10,101,9,179,34,36,35,925,36,161,51,76,52,294,32.5
2026-04-17 10:37:17 PM,KXATPCHALLENGERMATCH-26APR18ROYHOU-HOU,31,281,30,696,29,15,10,101,9,179,34,770,35,925,36,161,51,76,52,294,32.5
2026-04-17 10:37:17 PM,KXATPCHALLENGERMATCH-26APR18ROYHOU-HOU,31,281,30,696,29,15,10,101,9,179,34,770,35,936,36,161,51,76,52,294,32.5
2026-04-17 10:37:17 PM,KXATPCHALLENGERMATCH-26APR18ROYHOU-HOU,31,281,30,696,29,15,10,101,9,179,34,770,35,1202,36,161,51,76,52,294,32.5
2026-04-17 10:38:22 PM,KXATPCHALLENGERMATCH-26APR18ROYHOU-HOU,31,281,30,696,29,15,10,101,9,179,33,79,34,770,35,1202,36,161,51,76,32.0
2026-04-17 10:38:22 PM,KXATPCHALLENGERMATCH-26APR18ROYHOU-HOU,31,281,30,696,29,15,28,86,10,101,33,79,34,770,35,1202,36,161,51,76,32.0
2026-04-17 10:38:22 PM,KXATPCHALLENGERMATCH-26APR18ROYHOU-HOU,31,194,30,696,29,15,28,86,10,101,33,79,34,770,35,1202,36,161,51,76,32.0
2026-04-17 10:38:22 PM,KXATPCHALLENGERMATCH-26APR18ROYHOU-HOU,31,194,30,596,29,15,28,86,10,101,33,79,34,770,35,1202,36,161,51,76,32.0
2026-04-17 10:38:22 PM,KXATPCHALLENGERMATCH-26APR18ROYHOU-HOU,31,194,30,596,29,15,28,86,10,101,33,79,34,770,35,1191,36,161,51,76,32.0
2026-04-17 10:38:22 PM,KXATPCHALLENGERMATCH-26APR18ROYHOU-HOU,31,194,30,596,29,15,28,86,10,101,33,79,34,734,35,1191,36,161,51,76,32.0
2026-04-17 10:38:22 PM,KXATPCHALLENGERMATCH-26APR18ROYHOU-HOU,31,194,30,596,29,15,28,86,10,101,33,105,34,734,35,1191,36,161,51,76,32.0
2026-04-17 10:38:22 PM,KXATPCHALLENGERMATCH-26APR18ROYHOU-HOU,31,133,30,596,29,15,28,86,10,101,33,105,34,734,35,1191,36,161,51,76,32.0
2026-04-17 10:38:22 PM,KXATPCHALLENGERMATCH-26APR18ROYHOU-HOU,31,133,30,533,29,15,28,86,10,101,33,105,34,734,35,1191,36,161,51,76,32.0
2026-04-17 10:38:22 PM,KXATPCHALLENGERMATCH-26APR18ROYHOU-HOU,31,133,30,533,29,70,28,86,10,101,33,105,34,734,35,1191,36,161,51,76,32.0
2026-04-17 10:38:22 PM,KXATPCHALLENGERMATCH-26APR18ROYHOU-HOU,31,133,30,533,29,70,28,140,10,101,33,105,34,734,35,1191,36,161,51,76,32.0
2026-04-17 10:38:22 PM,KXATPCHALLENGERMATCH-26APR18ROYHOU-HOU,31,133,30,533,29,70,28,140,27,93,33,105,34,734,35,1191,36,161,51,76,32.0
2026-04-17 10:38:22 PM,KXATPCHALLENGERMATCH-26APR18ROYHOU-HOU,31,133,30,533,29,70,28,140,27,93,33,105,34,808,35,1191,36,161,51,76,32.0
2026-04-17 10:38:22 PM,KXATPCHALLENGERMATCH-26APR18ROYHOU-HOU,31,133,30,533,29,70,28,140,27,93,33,160,34,808,35,1191,36,161,51,76,32.0
2026-04-17 10:38:22 PM,KXATPCHALLENGERMATCH-26APR18ROYHOU-HOU,31,133,30,533,29,70,28,140,27,93,33,160,34,861,35,1191,36,161,51,76,32.0
2026-04-17 10:38:23 PM,KXATPCHALLENGERMATCH-26APR18ROYHOU-HOU,31,133,30,533,29,70,28,151,27,93,33,160,34,861,35,1191,36,161,51,76,32.0
2026-04-17 10:38:23 PM,KXATPCHALLENGERMATCH-26APR18ROYHOU-HOU,31,133,30,533,29,70,28,151,27,93,33,160,34,871,35,1191,36,161,51,76,32.0
2026-04-17 10:38:23 PM,KXATPCHALLENGERMATCH-26APR18ROYHOU-HOU,31,5,30,533,29,70,28,151,27,93,33,160,34,871,35,1191,36,161,51,76,32.0
2026-04-17 10:38:23 PM,KXATPCHALLENGERMATCH-26APR18ROYHOU-HOU,31,1,30,533,29,70,28,151,27,93,33,160,34,871,35,1191,36,161,51,76,32.0
2026-04-17 10:38:23 PM,KXATPCHALLENGERMATCH-26APR18ROYHOU-HOU,31,1,30,533,29,203,28,151,27,93,33,160,34,871,35,1191,36,161,51,76,32.0
2026-04-17 10:38:58 PM,KXATPCHALLENGERMATCH-26APR18ROYHOU-HOU,31,1,30,133,29,203,28,151,27,93,33,160,34,871,35,1191,36,161,51,76,32.0
2026-04-17 10:38:59 PM,KXATPCHALLENGERMATCH-26APR18ROYHOU-HOU,31,1,30,133,29,203,28,151,27,93,33,160,34,137,35,1191,36,161,51,76,32.0
2026-04-17 10:38:59 PM,KXATPCHALLENGERMATCH-26APR18ROYHOU-HOU,31,1,30,133,29,203,28,151,27,93,33,160,34,137,35,558,36,161,51,76,32.0
2026-04-17 10:38:59 PM,KXATPCHALLENGERMATCH-26APR18ROYHOU-HOU,31,1,30,133,29,203,28,151,27,93,33,160,34,137,35,458,36,161,51,76,32.0
2026-04-17 10:38:59 PM,KXATPCHALLENGERMATCH-26APR18ROYHOU-HOU,31,1,30,133,29,203,28,151,27,93,33,160,34,137,35,457,36,161,51,76,32.0
2026-04-17 10:38:59 PM,KXATPCHALLENGERMATCH-26APR18ROYHOU-HOU,31,1,30,133,29,203,28,151,27,93,33,160,34,137,35,191,36,161,51,76,32.0
2026-04-17 10:38:59 PM,KXATPCHALLENGERMATCH-26APR18ROYHOU-HOU,31,1,30,133,29,203,28,151,27,93,32,734,33,160,34,137,35,191,36,161,31.5
2026-04-17 10:38:59 PM,KXATPCHALLENGERMATCH-26APR18ROYHOU-HOU,31,1,30,133,29,203,28,151,27,93,32,749,33,160,34,137,35,191,36,161,31.5
2026-04-17 10:38:59 PM,KXATPCHALLENGERMATCH-26APR18ROYHOU-HOU,31,1,30,133,29,203,28,151,27,93,32,749,33,160,34,127,35,191,36,161,31.5
2026-04-17 10:38:59 PM,KXATPCHALLENGERMATCH-26APR18ROYHOU-HOU,31,1,30,133,29,203,28,151,27,93,32,749,33,134,34,127,35,191,36,161,31.5
2026-04-17 10:38:59 PM,KXATPCHALLENGERMATCH-26APR18ROYHOU-HOU,31,1,30,133,29,203,28,151,27,93,32,749,33,1134,34,127,35,191,36,161,31.5
2026-04-17 10:38:59 PM,KXATPCHALLENGERMATCH-26APR18ROYHOU-HOU,31,1,29,203,28,151,27,93,9,179,32,749,33,1134,34,127,35,191,36,161,31.5
2026-04-17 10:38:59 PM,KXATPCHALLENGERMATCH-26APR18ROYHOU-HOU,31,1,29,203,28,284,27,93,9,179,32,749,33,1134,34,127,35,191,36,161,31.5
2026-04-17 10:39:00 PM,KXATPCHALLENGERMATCH-26APR18ROYHOU-HOU,31,1,29,203,28,284,27,93,9,179,32,749,33,1145,34,127,35,191,36,161,31.5
2026-04-17 10:39:01 PM,KXATPCHALLENGERMATCH-26APR18ROYHOU-HOU,31,1,29,203,28,684,27,93,9,179,32,749,33,1145,34,127,35,191,36,161,31.5
2026-04-17 10:39:38 PM,KXATPCHALLENGERMATCH-26APR18ROYHOU-HOU,31,1,29,203,28,284,27,93,9,179,32,749,33,1145,34,127,35,191,36,161,31.5
2026-04-17 10:39:41 PM,KXATPCHALLENGERMATCH-26APR18ROYHOU-HOU,31,1,29,203,28,284,27,93,26,400,32,749,33,1145,34,127,35,191,36,161,31.5
2026-04-17 10:44:28 PM,KXATPCHALLENGERMATCH-26APR18ROYHOU-HOU,31,1,29,203,28,284,27,93,26,400,32,749,33,1145,34,127,35,191,36,97,31.5
2026-04-17 10:44:29 PM,KXATPCHALLENGERMATCH-26APR18ROYHOU-HOU,31,1,29,203,28,284,27,93,26,400,32,805,33,1145,34,127,35,191,36,97,31.5
2026-04-17 10:44:29 PM,KXATPCHALLENGERMATCH-26APR18ROYHOU-HOU,31,1,29,203,28,284,27,152,26,400,32,805,33,1145,34,127,35,191,36,97,31.5
2026-04-17 10:44:30 PM,KXATPCHALLENGERMATCH-26APR18ROYHOU-HOU,31,1,29,203,28,284,27,152,26,400,32,869,33,1145,34,127,35,191,36,97,31.5
2026-04-17 10:44:30 PM,KXATPCHALLENGERMATCH-26APR18ROYHOU-HOU,31,1,29,171,28,284,27,152,26,400,32,869,33,1145,34,127,35,191,36,97,31.5
2026-04-17 10:44:30 PM,KXATPCHALLENGERMATCH-26APR18ROYHOU-HOU,31,1,29,171,28,252,27,152,26,400,32,869,33,1145,34,127,35,191,36,97,31.5
2026-04-17 10:52:20 PM,KXATPCHALLENGERMATCH-26APR18ROYHOU-HOU,31,1,29,171,28,252,27,152,26,400,32,966,33,1145,34,127,35,191,36,97,31.5
2026-04-17 10:52:20 PM,KXATPCHALLENGERMATCH-26APR18ROYHOU-HOU,31,1,29,268,28,252,27,152,26,400,32,966,33,1145,34,127,35,191,36,97,31.5
2026-04-17 10:52:20 PM,KXATPCHALLENGERMATCH-26APR18ROYHOU-HOU,31,1,29,268,28,252,27,152,26,400,32,966,33,1145,34,127,35,128,36,97,31.5
2026-04-17 10:52:20 PM,KXATPCHALLENGERMATCH-26APR18ROYHOU-HOU,31,1,29,268,28,252,27,152,26,400,32,966,33,1145,34,127,35,34,36,97,31.5
2026-04-17 10:52:21 PM,KXATPCHALLENGERMATCH-26APR18ROYHOU-HOU,31,1,29,268,28,252,27,152,26,400,32,966,33,1145,34,127,35,34,51,76,31.5
2026-04-17 10:57:56 PM,KXATPCHALLENGERMATCH-26APR18ROYHOU-HOU,31,1,29,268,28,252,27,152,26,400,32,934,33,1145,34,127,35,34,51,76,31.5
2026-04-17 10:57:57 PM,KXATPCHALLENGERMATCH-26APR18ROYHOU-HOU,31,1,29,268,28,252,27,152,26,400,32,934,33,1145,34,127,35,34,52,294,31.5
2026-04-17 10:57:57 PM,KXATPCHALLENGERMATCH-26APR18ROYHOU-HOU,31,1,29,268,28,252,27,152,26,400,32,934,33,1145,34,127,35,34,52,143,31.5
2026-04-17 10:57:57 PM,KXATPCHALLENGERMATCH-26APR18ROYHOU-HOU,31,1,29,268,28,252,27,152,26,400,32,934,33,1145,34,127,35,34,52,80,31.5
2026-04-17 10:57:57 PM,KXATPCHALLENGERMATCH-26APR18ROYHOU-HOU,31,1,29,268,28,252,27,152,26,400,32,934,33,1145,34,127,35,34,51,78,31.5
2026-04-17 10:57:57 PM,KXATPCHALLENGERMATCH-26APR18ROYHOU-HOU,31,1,29,268,28,252,27,152,26,400,32,934,33,1145,34,127,35,34,50,70,31.5
2026-04-17 10:57:57 PM,KXATPCHALLENGERMATCH-26APR18ROYHOU-HOU,31,1,29,284,28,252,27,152,26,400,32,934,33,1145,34,127,35,34,50,70,31.5
2026-04-17 10:57:58 PM,KXATPCHALLENGERMATCH-26APR18ROYHOU-HOU,31,1,29,284,28,268,27,152,26,400,32,934,33,1145,34,127,35,34,50,70,31.5
2026-04-17 11:07:48 PM,KXATPCHALLENGERMATCH-26APR18ROYHOU-HOU,31,1,29,284,28,268,27,152,26,400,32,1062,33,1145,34,127,35,34,50,70,31.5
2026-04-17 11:07:48 PM,KXATPCHALLENGERMATCH-26APR18ROYHOU-HOU,31,1,29,268,28,268,27,152,26,400,32,1062,33,1145,34,127,35,34,50,70,31.5
2026-04-17 11:07:49 PM,KXATPCHALLENGERMATCH-26APR18ROYHOU-HOU,31,1,29,220,28,268,27,152,26,400,32,1062,33,1145,34,127,35,34,50,70,31.5
2026-04-17 11:07:49 PM,KXATPCHALLENGERMATCH-26APR18ROYHOU-HOU,31,1,29,220,28,252,27,152,26,400,32,1062,33,1145,34,127,35,34,50,70,31.5
2026-04-17 11:07:49 PM,KXATPCHALLENGERMATCH-26APR18ROYHOU-HOU,31,1,29,220,28,204,27,152,26,400,32,1062,33,1145,34,127,35,34,50,70,31.5
2026-04-17 11:10:36 PM,KXATPCHALLENGERMATCH-26APR18ROYHOU-HOU,31,1,29,220,28,204,27,152,26,400,32,1103,33,1145,34,127,35,34,50,70,31.5
2026-04-17 11:10:36 PM,KXATPCHALLENGERMATCH-26APR18ROYHOU-HOU,31,1,29,200,28,204,27,152,26,400,32,1103,33,1145,34,127,35,34,50,70,31.5
2026-04-17 11:10:36 PM,KXATPCHALLENGERMATCH-26APR18ROYHOU-HOU,31,1,29,200,28,184,27,152,26,400,32,1103,33,1145,34,127,35,34,50,70,31.5
2026-04-17 11:10:37 PM,KXATPCHALLENGERMATCH-26APR18ROYHOU-HOU,31,1,29,200,28,184,27,152,26,400,32,1104,33,1145,34,127,35,34,50,70,31.5
2026-04-17 11:14:06 PM,KXATPCHALLENGERMATCH-26APR18ROYHOU-HOU,31,1,29,200,28,184,27,152,26,400,32,1107,33,1145,34,127,35,34,50,70,31.5
2026-04-17 11:14:06 PM,KXATPCHALLENGERMATCH-26APR18ROYHOU-HOU,31,1,29,199,28,184,27,152,26,400,32,1107,33,1145,34,127,35,34,50,70,31.5
2026-04-17 11:14:06 PM,KXATPCHALLENGERMATCH-26APR18ROYHOU-HOU,31,1,29,199,28,183,27,152,26,400,32,1107,33,1145,34,127,35,34,50,70,31.5
2026-04-17 11:14:28 PM,KXATPCHALLENGERMATCH-26APR18ROYHOU-HOU,31,1,29,199,28,183,27,152,26,400,32,1112,33,1145,34,127,35,34,50,70,31.5
2026-04-17 11:14:28 PM,KXATPCHALLENGERMATCH-26APR18ROYHOU-HOU,31,1,29,197,28,183,27,152,26,400,32,1112,33,1145,34,127,35,34,50,70,31.5
2026-04-17 11:14:28 PM,KXATPCHALLENGERMATCH-26APR18ROYHOU-HOU,31,1,29,197,28,181,27,152,26,400,32,1112,33,1145,34,127,35,34,50,70,31.5
2026-04-17 11:17:01 PM,KXATPCHALLENGERMATCH-26APR18ROYHOU-HOU,31,1,29,197,28,181,27,152,26,400,32,1151,33,1145,34,127,35,34,50,70,31.5
2026-04-17 11:17:01 PM,KXATPCHALLENGERMATCH-26APR18ROYHOU-HOU,31,1,29,170,28,181,27,152,26,400,32,1151,33,1145,34,127,35,34,50,70,31.5
2026-04-17 11:17:01 PM,KXATPCHALLENGERMATCH-26APR18ROYHOU-HOU,31,1,29,170,28,162,27,152,26,400,32,1151,33,1145,34,127,35,34,50,70,31.5
2026-04-17 11:17:01 PM,KXATPCHALLENGERMATCH-26APR18ROYHOU-HOU,31,1,29,170,28,162,27,159,26,400,32,1151,33,1145,34,127,35,34,50,70,31.5
2026-04-17 11:21:19 PM,KXATPCHALLENGERMATCH-26APR18ROYHOU-HOU,31,1,29,170,28,162,27,152,26,400,32,1151,33,1145,34,127,35,34,50,70,31.5
2026-04-17 11:21:19 PM,KXATPCHALLENGERMATCH-26APR18ROYHOU-HOU,31,1,29,177,28,162,27,152,26,400,32,1151,33,1145,34,127,35,34,50,70,31.5
2026-04-17 11:36:49 PM,KXATPCHALLENGERMATCH-26APR18ROYHOU-HOU,31,1,29,177,28,162,27,152,26,400,32,1140,33,1145,34,127,35,34,50,70,31.5
2026-04-17 11:36:49 PM,KXATPCHALLENGERMATCH-26APR18ROYHOU-HOU,31,1,29,177,28,162,27,152,26,400,32,1151,33,1145,34,127,35,34,50,70,31.5
2026-04-17 11:36:51 PM,KXATPCHALLENGERMATCH-26APR18ROYHOU-HOU,31,1,29,177,28,162,27,152,26,400,32,1140,33,1145,34,127,35,34,50,70,31.5
2026-04-17 11:36:51 PM,KXATPCHALLENGERMATCH-26APR18ROYHOU-HOU,31,1,29,182,28,162,27,152,26,400,32,1140,33,1145,34,127,35,34,50,70,31.5
2026-04-17 11:36:51 PM,KXATPCHALLENGERMATCH-26APR18ROYHOU-HOU,31,1,29,182,28,167,27,152,26,400,32,1140,33,1145,34,127,35,34,50,70,31.5
2026-04-17 11:36:52 PM,KXATPCHALLENGERMATCH-26APR18ROYHOU-HOU,31,1,29,175,28,167,27,152,26,400,32,1140,33,1145,34,127,35,34,50,70,31.5
2026-04-17 11:36:52 PM,KXATPCHALLENGERMATCH-26APR18ROYHOU-HOU,31,1,29,170,28,167,27,152,26,400,32,1140,33,1145,34,127,35,34,50,70,31.5
2026-04-17 11:36:52 PM,KXATPCHALLENGERMATCH-26APR18ROYHOU-HOU,31,1,29,170,28,167,27,165,26,400,32,1140,33,1145,34,127,35,34,50,70,31.5
2026-04-17 11:37:40 PM,KXATPCHALLENGERMATCH-26APR18ROYHOU-HOU,31,1,29,170,28,167,27,152,26,400,32,1140,33,1145,34,127,35,34,50,70,31.5
2026-04-17 11:37:40 PM,KXATPCHALLENGERMATCH-26APR18ROYHOU-HOU,31,1,29,183,28,167,27,152,26,400,32,1140,33,1145,34,127,35,34,50,70,31.5
2026-04-17 11:42:51 PM,KXATPCHALLENGERMATCH-26APR18ROYHOU-HOU,31,1,29,183,28,505,27,152,26,400,32,1140,33,1145,34,127,35,34,50,70,31.5
2026-04-17 11:42:51 PM,KXATPCHALLENGERMATCH-26APR18ROYHOU-HOU,31,1,29,183,28,505,27,274,26,400,32,1140,33,1145,34,127,35,34,50,70,31.5
2026-04-17 11:42:51 PM,KXATPCHALLENGERMATCH-26APR18ROYHOU-HOU,31,1,29,183,28,505,27,274,26,523,32,1140,33,1145,34,127,35,34,50,70,31.5
2026-04-17 11:42:51 PM,KXATPCHALLENGERMATCH-26APR18ROYHOU-HOU,31,1,29,183,28,505,27,274,26,523,32,1140,33,1736,34,127,35,34,50,70,31.5
2026-04-17 11:42:51 PM,KXATPCHALLENGERMATCH-26APR18ROYHOU-HOU,31,1,29,183,28,505,27,274,26,523,32,1140,33,1736,34,727,35,34,50,70,31.5
2026-04-17 11:42:52 PM,KXATPCHALLENGERMATCH-26APR18ROYHOU-HOU,31,1,29,183,28,505,27,274,26,523,32,1140,33,1736,34,727,35,643,50,70,31.5
2026-04-17 11:42:52 PM,KXATPCHALLENGERMATCH-26APR18ROYHOU-HOU,31,1,29,183,28,505,27,274,26,523,32,1140,33,1736,34,727,35,643,47,755,31.5
2026-04-18 12:01:14 AM,KXATPCHALLENGERMATCH-26APR18ROYHOU-HOU,31,1,29,183,28,505,27,277,26,523,32,1140,33,1736,34,727,35,643,47,755,31.5
2026-04-18 12:01:14 AM,KXATPCHALLENGERMATCH-26APR18ROYHOU-HOU,31,1,29,183,28,505,27,277,26,523,32,1140,33,1736,34,727,35,644,47,755,31.5
2026-04-18 12:01:15 AM,KXATPCHALLENGERMATCH-26APR18ROYHOU-HOU,31,1,29,183,28,505,27,277,26,526,32,1140,33,1736,34,727,35,644,47,755,31.5
2026-04-18 12:01:15 AM,KXATPCHALLENGERMATCH-26APR18ROYHOU-HOU,31,1,29,183,28,505,27,277,26,526,32,1140,33,1736,34,727,35,644,36,1,31.5
2026-04-18 12:06:12 AM,KXATPCHALLENGERMATCH-26APR18ROYHOU-HOU,31,1,29,168,28,505,27,277,26,526,32,1140,33,1736,34,727,35,644,36,1,31.5
2026-04-18 12:06:12 AM,KXATPCHALLENGERMATCH-26APR18ROYHOU-HOU,31,1,29,168,28,505,27,277,26,526,32,1125,33,1736,34,727,35,644,36,1,31.5
2026-04-18 12:06:13 AM,KXATPCHALLENGERMATCH-26APR18ROYHOU-HOU,31,1,29,168,28,510,27,277,26,526,32,1125,33,1736,34,727,35,644,36,1,31.5
2026-04-18 12:06:13 AM,KXATPCHALLENGERMATCH-26APR18ROYHOU-HOU,31,1,29,168,28,510,27,288,26,526,32,1125,33,1736,34,727,35,644,36,1,31.5
2026-04-18 12:06:13 AM,KXATPCHALLENGERMATCH-26APR18ROYHOU-HOU,31,1,29,168,28,510,27,288,26,526,32,1125,33,1741,34,727,35,644,36,1,31.5
2026-04-18 12:06:13 AM,KXATPCHALLENGERMATCH-26APR18ROYHOU-HOU,31,1,29,168,28,510,27,288,26,526,32,1125,33,1741,34,738,35,644,36,1,31.5
2026-04-18 12:10:58 AM,KXATPCHALLENGERMATCH-26APR18ROYHOU-HOU,31,1,29,168,28,510,27,277,26,526,32,1125,33,1741,34,738,35,644,36,1,31.5
2026-04-18 12:10:58 AM,KXATPCHALLENGERMATCH-26APR18ROYHOU-HOU,31,1,29,168,28,510,27,277,26,526,32,1125,33,1741,34,727,35,644,36,1,31.5
2026-04-18 12:10:58 AM,KXATPCHALLENGERMATCH-26APR18ROYHOU-HOU,31,1,29,184,28,510,27,277,26,526,32,1125,33,1741,34,727,35,644,36,1,31.5
2026-04-18 12:10:58 AM,KXATPCHALLENGERMATCH-26APR18ROYHOU-HOU,31,1,29,184,28,510,27,277,26,526,32,1141,33,1741,34,727,35,644,36,1,31.5
2026-04-18 12:20:11 AM,KXATPCHALLENGERMATCH-26APR18ROYHOU-HOU,31,1,29,194,28,510,27,277,26,526,32,1141,33,1741,34,727,35,644,36,1,31.5
2026-04-18 12:20:11 AM,KXATPCHALLENGERMATCH-26APR18ROYHOU-HOU,31,1,29,194,28,510,27,277,26,526,32,1141,33,1751,34,727,35,644,36,1,31.5
2026-04-18 12:20:11 AM,KXATPCHALLENGERMATCH-26APR18ROYHOU-HOU,31,1,29,194,28,510,27,277,26,526,32,1141,33,1761,34,727,35,644,36,1,31.5
2026-04-18 12:58:39 AM,KXATPCHALLENGERMATCH-26APR18ROYHOU-HOU,31,1,29,194,28,510,27,277,26,526,32,1168,33,1761,34,727,35,644,36,1,31.5
2026-04-18 12:58:39 AM,KXATPCHALLENGERMATCH-26APR18ROYHOU-HOU,31,1,29,181,28,510,27,277,26,526,32,1168,33,1761,34,727,35,644,36,1,31.5
2026-04-18 12:58:39 AM,KXATPCHALLENGERMATCH-26APR18ROYHOU-HOU,31,1,29,181,28,505,27,277,26,526,32,1168,33,1761,34,727,35,644,36,1,31.5
2026-04-18 12:58:39 AM,KXATPCHALLENGERMATCH-26APR18ROYHOU-HOU,31,1,29,181,28,498,27,277,26,526,32,1168,33,1761,34,727,35,644,36,1,31.5
2026-04-18 12:58:49 AM,KXATPCHALLENGERMATCH-26APR18ROYHOU-HOU,31,1,29,84,28,498,27,277,26,526,32,1168,33,1761,34,727,35,644,36,1,31.5
2026-04-18 01:03:14 AM,KXATPCHALLENGERMATCH-26APR18ROYHOU-HOU,31,1,29,84,28,498,27,277,26,526,32,1168,33,1761,34,727,35,651,36,1,31.5
2026-04-18 01:03:14 AM,KXATPCHALLENGERMATCH-26APR18ROYHOU-HOU,31,1,29,84,28,498,27,277,26,526,31,1,32,1168,33,1761,34,727,35,651,31.0
2026-04-18 01:05:39 AM,KXATPCHALLENGERMATCH-26APR18ROYHOU-HOU,31,1,29,94,28,498,27,277,26,526,31,1,32,1168,33,1761,34,727,35,651,31.0
2026-04-18 01:12:06 AM,KXATPCHALLENGERMATCH-26APR18ROYHOU-HOU,29,91,28,494,27,277,26,526,22,1796,31,1,32,1169,33,1761,34,727,35,650,30.0
2026-04-18 01:13:31 AM,KXATPCHALLENGERMATCH-26APR18ROYHOU-HOU,29,91,28,494,27,277,26,526,15,120,31,1,32,1169,33,1761,34,727,35,650,30.0
2026-04-18 01:13:31 AM,KXATPCHALLENGERMATCH-26APR18ROYHOU-HOU,29,91,28,494,27,277,26,526,15,120,31,1,32,1169,33,1761,34,727,35,643,30.0
2026-04-18 01:17:29 AM,KXATPCHALLENGERMATCH-26APR18ROYHOU-HOU,29,91,28,494,27,277,26,526,15,120,31,1,32,1169,33,1761,34,727,35,643,30.0
2026-04-18 01:18:06 AM,KXATPCHALLENGERMATCH-26APR18ROYHOU-HOU,29,91,28,494,27,277,26,526,15,120,32,1169,33,1761,34,727,35,643,36,1,30.5
2026-04-18 01:18:06 AM,KXATPCHALLENGERMATCH-26APR18ROYHOU-HOU,29,91,28,494,27,277,26,526,15,120,32,1162,33,1761,34,727,35,643,36,1,30.5
2026-04-18 01:18:06 AM,KXATPCHALLENGERMATCH-26APR18ROYHOU-HOU,29,91,28,494,27,277,26,526,15,120,32,1282,33,1761,34,727,35,643,36,1,30.5
2026-04-18 01:18:07 AM,KXATPCHALLENGERMATCH-26APR18ROYHOU-HOU,29,91,28,494,27,280,26,526,15,120,32,1282,33,1761,34,727,35,643,36,1,30.5
2026-04-18 01:18:07 AM,KXATPCHALLENGERMATCH-26APR18ROYHOU-HOU,29,91,28,494,27,280,26,529,15,120,32,1282,33,1761,34,727,35,643,36,1,30.5
2026-04-18 01:18:07 AM,KXATPCHALLENGERMATCH-26APR18ROYHOU-HOU,29,91,28,494,27,280,26,526,15,120,32,1282,33,1761,34,727,35,643,36,1,30.5
2026-04-18 01:18:07 AM,KXATPCHALLENGERMATCH-26APR18ROYHOU-HOU,29,91,28,497,27,280,26,526,15,120,32,1282,33,1761,34,727,35,643,36,1,30.5
2026-04-18 01:18:59 AM,KXATPCHALLENGERMATCH-26APR18ROYHOU-HOU,29,91,28,497,27,280,26,526,15,120,32,1280,33,1761,34,727,35,643,36,1,30.5
2026-04-18 01:19:00 AM,KXATPCHALLENGERMATCH-26APR18ROYHOU-HOU,29,91,28,498,27,280,26,526,15,120,32,1280,33,1761,34,727,35,643,36,1,30.5
2026-04-18 01:19:00 AM,KXATPCHALLENGERMATCH-26APR18ROYHOU-HOU,29,91,28,498,27,281,26,526,15,120,32,1280,33,1761,34,727,35,643,36,1,30.5
2026-04-18 01:19:05 AM,KXATPCHALLENGERMATCH-26APR18ROYHOU-HOU,29,91,28,498,27,278,26,526,15,120,32,1280,33,1761,34,727,35,643,36,1,30.5
2026-04-18 01:19:05 AM,KXATPCHALLENGERMATCH-26APR18ROYHOU-HOU,29,91,28,498,27,277,26,526,15,120,32,1280,33,1761,34,727,35,643,36,1,30.5
2026-04-18 01:19:05 AM,KXATPCHALLENGERMATCH-26APR18ROYHOU-HOU,29,95,28,498,27,277,26,526,15,120,32,1280,33,1761,34,727,35,643,36,1,30.5
2026-04-18 01:34:41 AM,KXATPCHALLENGERMATCH-26APR18ROYHOU-HOU,29,95,28,498,27,277,26,526,22,2474,32,1280,33,1761,34,727,35,643,36,1,30.5
2026-04-18 01:37:16 AM,KXATPCHALLENGERMATCH-26APR18ROYHOU-HOU,29,95,28,498,27,277,26,526,15,120,32,1280,33,1761,34,727,35,643,36,1,30.5
2026-04-18 01:37:16 AM,KXATPCHALLENGERMATCH-26APR18ROYHOU-HOU,29,95,28,498,27,277,26,526,23,1494,32,1280,33,1761,34,727,35,643,36,1,30.5
2026-04-18 01:38:22 AM,KXATPCHALLENGERMATCH-26APR18ROYHOU-HOU,29,95,28,498,27,277,26,526,23,2019,32,1280,33,1761,34,727,35,643,36,1,30.5
2026-04-18 01:39:44 AM,KXATPCHALLENGERMATCH-26APR18ROYHOU-HOU,29,91,28,498,27,277,26,526,23,2019,32,1280,33,1761,34,727,35,643,36,1,30.5
2026-04-18 01:39:44 AM,KXATPCHALLENGERMATCH-26APR18ROYHOU-HOU,29,91,28,498,27,277,26,526,23,1326,32,1280,33,1761,34,727,35,643,36,1,30.5
2026-04-18 01:39:44 AM,KXATPCHALLENGERMATCH-26APR18ROYHOU-HOU,29,91,28,498,27,281,26,526,23,1326,32,1280,33,1761,34,727,35,643,36,1,30.5
2026-04-18 01:41:21 AM,KXATPCHALLENGERMATCH-26APR18ROYHOU-HOU,29,91,28,498,27,281,26,526,23,1326,32,1253,33,1761,34,727,35,643,36,1,30.5
2026-04-18 01:41:21 AM,KXATPCHALLENGERMATCH-26APR18ROYHOU-HOU,29,91,28,498,27,281,26,526,23,1326,32,1214,33,1761,34,727,35,643,36,1,30.5
2026-04-18 01:41:21 AM,KXATPCHALLENGERMATCH-26APR18ROYHOU-HOU,29,91,28,498,27,281,26,526,23,1326,32,1209,33,1761,34,727,35,643,36,1,30.5
2026-04-18 01:41:21 AM,KXATPCHALLENGERMATCH-26APR18ROYHOU-HOU,29,91,28,498,27,281,26,526,23,1326,32,1206,33,1761,34,727,35,643,36,1,30.5
2026-04-18 01:41:21 AM,KXATPCHALLENGERMATCH-26APR18ROYHOU-HOU,29,91,28,498,27,281,26,526,23,1326,32,1205,33,1761,34,727,35,643,36,1,30.5
2026-04-18 01:41:21 AM,KXATPCHALLENGERMATCH-26APR18ROYHOU-HOU,29,91,28,498,27,281,26,526,23,1326,32,1164,33,1761,34,727,35,643,36,1,30.5
2026-04-18 01:41:21 AM,KXATPCHALLENGERMATCH-26APR18ROYHOU-HOU,29,91,28,498,27,281,26,526,23,1326,32,1036,33,1761,34,727,35,643,36,1,30.5
2026-04-18 01:41:22 AM,KXATPCHALLENGERMATCH-26APR18ROYHOU-HOU,29,91,28,498,27,281,26,526,23,1326,32,984,33,1761,34,727,35,643,36,1,30.5
2026-04-18 01:41:22 AM,KXATPCHALLENGERMATCH-26APR18ROYHOU-HOU,29,91,28,647,27,281,26,526,23,1326,32,984,33,1761,34,727,35,643,36,1,30.5
2026-04-18 01:41:22 AM,KXATPCHALLENGERMATCH-26APR18ROYHOU-HOU,29,91,28,647,27,430,26,526,23,1326,32,984,33,1761,34,727,35,643,36,1,30.5
2026-04-18 01:42:45 AM,KXATPCHALLENGERMATCH-26APR18ROYHOU-HOU,29,91,28,647,27,426,26,526,23,1326,32,984,33,1761,34,727,35,643,36,1,30.5
2026-04-18 01:42:45 AM,KXATPCHALLENGERMATCH-26APR18ROYHOU-HOU,29,91,28,647,27,277,26,526,23,1326,32,984,33,1761,34,727,35,643,36,1,30.5
2026-04-18 01:42:45 AM,KXATPCHALLENGERMATCH-26APR18ROYHOU-HOU,29,244,28,647,27,277,26,526,23,1326,32,984,33,1761,34,727,35,643,36,1,30.5
2026-04-18 01:42:46 AM,KXATPCHALLENGERMATCH-26APR18ROYHOU-HOU,29,91,28,647,27,277,26,526,23,1326,32,984,33,1761,34,727,35,643,36,1,30.5
2026-04-18 01:42:46 AM,KXATPCHALLENGERMATCH-26APR18ROYHOU-HOU,29,91,28,647,27,430,26,526,23,1326,32,984,33,1761,34,727,35,643,36,1,30.5
2026-04-18 01:42:46 AM,KXATPCHALLENGERMATCH-26APR18ROYHOU-HOU,29,91,28,647,27,430,26,526,23,2259,32,984,33,1761,34,727,35,643,36,1,30.5
2026-04-18 01:42:46 AM,KXATPCHALLENGERMATCH-26APR18ROYHOU-HOU,29,91,28,647,27,277,26,526,23,2259,32,984,33,1761,34,727,35,643,36,1,30.5
2026-04-18 01:42:46 AM,KXATPCHALLENGERMATCH-26APR18ROYHOU-HOU,29,244,28,647,27,277,26,526,23,2259,32,984,33,1761,34,727,35,643,36,1,30.5
2026-04-18 01:42:47 AM,KXATPCHALLENGERMATCH-26APR18ROYHOU-HOU,29,244,28,647,27,277,26,526,23,1559,32,984,33,1761,34,727,35,643,36,1,30.5
2026-04-18 01:42:47 AM,KXATPCHALLENGERMATCH-26APR18ROYHOU-HOU,29,91,28,647,27,277,26,526,23,1559,32,984,33,1761,34,727,35,643,36,1,30.5
2026-04-18 01:42:47 AM,KXATPCHALLENGERMATCH-26APR18ROYHOU-HOU,29,91,28,647,27,430,26,526,23,1559,32,984,33,1761,34,727,35,643,36,1,30.5
2026-04-18 01:42:47 AM,KXATPCHALLENGERMATCH-26APR18ROYHOU-HOU,29,91,28,647,27,277,26,526,23,1559,32,984,33,1761,34,727,35,643,36,1,30.5
2026-04-18 01:42:47 AM,KXATPCHALLENGERMATCH-26APR18ROYHOU-HOU,29,244,28,647,27,277,26,526,23,1559,32,984,33,1761,34,727,35,643,36,1,30.5
2026-04-18 01:42:47 AM,KXATPCHALLENGERMATCH-26APR18ROYHOU-HOU,29,91,28,647,27,277,26,526,23,1559,32,984,33,1761,34,727,35,643,36,1,30.5
2026-04-18 01:42:47 AM,KXATPCHALLENGERMATCH-26APR18ROYHOU-HOU,29,91,28,647,27,430,26,526,23,1559,32,984,33,1761,34,727,35,643,36,1,30.5
2026-04-18 01:42:48 AM,KXATPCHALLENGERMATCH-26APR18ROYHOU-HOU,29,91,28,647,27,277,26,526,23,1559,32,984,33,1761,34,727,35,643,36,1,30.5
2026-04-18 01:42:48 AM,KXATPCHALLENGERMATCH-26APR18ROYHOU-HOU,29,244,28,647,27,277,26,526,23,1559,32,984,33,1761,34,727,35,643,36,1,30.5
2026-04-18 01:42:48 AM,KXATPCHALLENGERMATCH-26APR18ROYHOU-HOU,29,91,28,647,27,277,26,526,23,1559,32,984,33,1761,34,727,35,643,36,1,30.5
2026-04-18 01:42:48 AM,KXATPCHALLENGERMATCH-26APR18ROYHOU-HOU,29,91,28,647,27,430,26,526,23,1559,32,984,33,1761,34,727,35,643,36,1,30.5
2026-04-18 01:42:48 AM,KXATPCHALLENGERMATCH-26APR18ROYHOU-HOU,29,91,28,647,27,277,26,526,23,1559,32,984,33,1761,34,727,35,643,36,1,30.5
2026-04-18 01:42:48 AM,KXATPCHALLENGERMATCH-26APR18ROYHOU-HOU,29,244,28,647,27,277,26,526,23,1559,32,984,33,1761,34,727,35,643,36,1,30.5
2026-04-18 01:42:48 AM,KXATPCHALLENGERMATCH-26APR18ROYHOU-HOU,29,91,28,647,27,277,26,526,23,1559,32,984,33,1761,34,727,35,643,36,1,30.5
2026-04-18 01:42:48 AM,KXATPCHALLENGERMATCH-26APR18ROYHOU-HOU,29,91,28,647,27,430,26,526,23,1559,32,984,33,1761,34,727,35,643,36,1,30.5
2026-04-18 01:42:49 AM,KXATPCHALLENGERMATCH-26APR18ROYHOU-HOU,29,91,28,647,27,277,26,526,23,1559,32,984,33,1761,34,727,35,643,36,1,30.5
2026-04-18 01:42:49 AM,KXATPCHALLENGERMATCH-26APR18ROYHOU-HOU,29,244,28,647,27,277,26,526,23,1559,32,984,33,1761,34,727,35,643,36,1,30.5
2026-04-18 01:42:49 AM,KXATPCHALLENGERMATCH-26APR18ROYHOU-HOU,29,91,28,647,27,277,26,526,23,1559,32,984,33,1761,34,727,35,643,36,1,30.5
2026-04-18 01:42:49 AM,KXATPCHALLENGERMATCH-26APR18ROYHOU-HOU,29,91,28,647,27,430,26,526,23,1559,32,984,33,1761,34,727,35,643,36,1,30.5
2026-04-18 01:42:49 AM,KXATPCHALLENGERMATCH-26APR18ROYHOU-HOU,29,91,28,647,27,277,26,526,23,1559,32,984,33,1761,34,727,35,643,36,1,30.5
2026-04-18 01:42:49 AM,KXATPCHALLENGERMATCH-26APR18ROYHOU-HOU,29,244,28,647,27,277,26,526,23,1559,32,984,33,1761,34,727,35,643,36,1,30.5
2026-04-18 01:42:49 AM,KXATPCHALLENGERMATCH-26APR18ROYHOU-HOU,29,91,28,647,27,277,26,526,23,1559,32,984,33,1761,34,727,35,643,36,1,30.5
2026-04-18 01:42:49 AM,KXATPCHALLENGERMATCH-26APR18ROYHOU-HOU,29,91,28,647,27,430,26,526,23,1559,32,984,33,1761,34,727,35,643,36,1,30.5
2026-04-18 01:42:50 AM,KXATPCHALLENGERMATCH-26APR18ROYHOU-HOU,29,91,28,647,27,277,26,526,23,1559,32,984,33,1761,34,727,35,643,36,1,30.5
2026-04-18 01:42:50 AM,KXATPCHALLENGERMATCH-26APR18ROYHOU-HOU,29,244,28,647,27,277,26,526,23,1559,32,984,33,1761,34,727,35,643,36,1,30.5
2026-04-18 01:42:50 AM,KXATPCHALLENGERMATCH-26APR18ROYHOU-HOU,29,91,28,647,27,277,26,526,23,1559,32,984,33,1761,34,727,35,643,36,1,30.5
2026-04-18 01:42:50 AM,KXATPCHALLENGERMATCH-26APR18ROYHOU-HOU,29,91,28,647,27,430,26,526,23,1559,32,984,33,1761,34,727,35,643,36,1,30.5
2026-04-18 01:42:50 AM,KXATPCHALLENGERMATCH-26APR18ROYHOU-HOU,29,91,28,647,27,277,26,526,23,1559,32,984,33,1761,34,727,35,643,36,1,30.5
2026-04-18 01:42:50 AM,KXATPCHALLENGERMATCH-26APR18ROYHOU-HOU,29,244,28,647,27,277,26,526,23,1559,32,984,33,1761,34,727,35,643,36,1,30.5
2026-04-18 01:42:50 AM,KXATPCHALLENGERMATCH-26APR18ROYHOU-HOU,29,91,28,647,27,277,26,526,23,1559,32,984,33,1761,34,727,35,643,36,1,30.5
2026-04-18 01:42:51 AM,KXATPCHALLENGERMATCH-26APR18ROYHOU-HOU,29,91,28,647,27,430,26,526,23,1559,32,984,33,1761,34,727,35,643,36,1,30.5
2026-04-18 01:42:51 AM,KXATPCHALLENGERMATCH-26APR18ROYHOU-HOU,29,91,28,647,27,277,26,526,23,1559,32,984,33,1761,34,727,35,643,36,1,30.5
2026-04-18 01:42:51 AM,KXATPCHALLENGERMATCH-26APR18ROYHOU-HOU,29,244,28,647,27,277,26,526,23,1559,32,984,33,1761,34,727,35,643,36,1,30.5
2026-04-18 01:42:51 AM,KXATPCHALLENGERMATCH-26APR18ROYHOU-HOU,29,91,28,647,27,277,26,526,23,1559,32,984,33,1761,34,727,35,643,36,1,30.5
2026-04-18 01:42:51 AM,KXATPCHALLENGERMATCH-26APR18ROYHOU-HOU,29,91,28,647,27,430,26,526,23,1559,32,984,33,1761,34,727,35,643,36,1,30.5
2026-04-18 01:42:51 AM,KXATPCHALLENGERMATCH-26APR18ROYHOU-HOU,29,91,28,647,27,277,26,526,23,1559,32,984,33,1761,34,727,35,643,36,1,30.5
2026-04-18 01:42:51 AM,KXATPCHALLENGERMATCH-26APR18ROYHOU-HOU,29,244,28,647,27,277,26,526,23,1559,32,984,33,1761,34,727,35,643,36,1,30.5
2026-04-18 01:42:52 AM,KXATPCHALLENGERMATCH-26APR18ROYHOU-HOU,29,91,28,647,27,277,26,526,23,1559,32,984,33,1761,34,727,35,643,36,1,30.5
2026-04-18 01:42:52 AM,KXATPCHALLENGERMATCH-26APR18ROYHOU-HOU,29,91,28,647,27,430,26,526,23,1559,32,984,33,1761,34,727,35,643,36,1,30.5
2026-04-18 01:42:52 AM,KXATPCHALLENGERMATCH-26APR18ROYHOU-HOU,29,91,28,647,27,277,26,526,23,1559,32,984,33,1761,34,727,35,643,36,1,30.5
2026-04-18 01:42:52 AM,KXATPCHALLENGERMATCH-26APR18ROYHOU-HOU,29,244,28,647,27,277,26,526,23,1559,32,984,33,1761,34,727,35,643,36,1,30.5
2026-04-18 01:42:52 AM,KXATPCHALLENGERMATCH-26APR18ROYHOU-HOU,29,91,28,647,27,277,26,526,23,1559,32,984,33,1761,34,727,35,643,36,1,30.5
2026-04-18 01:42:52 AM,KXATPCHALLENGERMATCH-26APR18ROYHOU-HOU,29,91,28,647,27,430,26,526,23,1559,32,984,33,1761,34,727,35,643,36,1,30.5
2026-04-18 01:42:52 AM,KXATPCHALLENGERMATCH-26APR18ROYHOU-HOU,29,91,28,647,27,277,26,526,23,1559,32,984,33,1761,34,727,35,643,36,1,30.5
2026-04-18 01:42:52 AM,KXATPCHALLENGERMATCH-26APR18ROYHOU-HOU,29,244,28,647,27,277,26,526,23,1559,32,984,33,1761,34,727,35,643,36,1,30.5
2026-04-18 01:42:53 AM,KXATPCHALLENGERMATCH-26APR18ROYHOU-HOU,29,91,28,647,27,277,26,526,23,1559,32,984,33,1761,34,727,35,643,36,1,30.5
2026-04-18 01:42:53 AM,KXATPCHALLENGERMATCH-26APR18ROYHOU-HOU,29,91,28,647,27,430,26,526,23,1559,32,984,33,1761,34,727,35,643,36,1,30.5
2026-04-18 01:42:53 AM,KXATPCHALLENGERMATCH-26APR18ROYHOU-HOU,29,91,28,647,27,277,26,526,23,1559,32,984,33,1761,34,727,35,643,36,1,30.5
2026-04-18 01:42:53 AM,KXATPCHALLENGERMATCH-26APR18ROYHOU-HOU,29,244,28,647,27,277,26,526,23,1559,32,984,33,1761,34,727,35,643,36,1,30.5
2026-04-18 01:42:53 AM,KXATPCHALLENGERMATCH-26APR18ROYHOU-HOU,29,91,28,647,27,277,26,526,23,1559,32,984,33,1761,34,727,35,643,36,1,30.5
2026-04-18 01:42:53 AM,KXATPCHALLENGERMATCH-26APR18ROYHOU-HOU,29,91,28,647,27,430,26,526,23,1559,32,984,33,1761,34,727,35,643,36,1,30.5
2026-04-18 01:42:53 AM,KXATPCHALLENGERMATCH-26APR18ROYHOU-HOU,29,91,28,647,27,277,26,526,23,1559,32,984,33,1761,34,727,35,643,36,1,30.5
2026-04-18 01:42:54 AM,KXATPCHALLENGERMATCH-26APR18ROYHOU-HOU,29,244,28,647,27,277,26,526,23,1559,32,984,33,1761,34,727,35,643,36,1,30.5
2026-04-18 01:42:54 AM,KXATPCHALLENGERMATCH-26APR18ROYHOU-HOU,29,91,28,647,27,277,26,526,23,1559,32,984,33,1761,34,727,35,643,36,1,30.5
2026-04-18 01:42:54 AM,KXATPCHALLENGERMATCH-26APR18ROYHOU-HOU,29,91,28,647,27,430,26,526,23,1559,32,984,33,1761,34,727,35,643,36,1,30.5
2026-04-18 01:42:54 AM,KXATPCHALLENGERMATCH-26APR18ROYHOU-HOU,29,91,28,647,27,277,26,526,23,1559,32,984,33,1761,34,727,35,643,36,1,30.5
2026-04-18 01:42:54 AM,KXATPCHALLENGERMATCH-26APR18ROYHOU-HOU,29,244,28,647,27,277,26,526,23,1559,32,984,33,1761,34,727,35,643,36,1,30.5
2026-04-18 01:42:54 AM,KXATPCHALLENGERMATCH-26APR18ROYHOU-HOU,29,91,28,647,27,277,26,526,23,1559,32,984,33,1761,34,727,35,643,36,1,30.5
2026-04-18 01:42:54 AM,KXATPCHALLENGERMATCH-26APR18ROYHOU-HOU,29,91,28,647,27,430,26,526,23,1559,32,984,33,1761,34,727,35,643,36,1,30.5
2026-04-18 01:42:55 AM,KXATPCHALLENGERMATCH-26APR18ROYHOU-HOU,29,91,28,647,27,277,26,526,23,1559,32,984,33,1761,34,727,35,643,36,1,30.5
2026-04-18 01:42:55 AM,KXATPCHALLENGERMATCH-26APR18ROYHOU-HOU,29,244,28,647,27,277,26,526,23,1559,32,984,33,1761,34,727,35,643,36,1,30.5
2026-04-18 01:42:55 AM,KXATPCHALLENGERMATCH-26APR18ROYHOU-HOU,29,91,28,647,27,277,26,526,23,1559,32,984,33,1761,34,727,35,643,36,1,30.5
2026-04-18 01:42:55 AM,KXATPCHALLENGERMATCH-26APR18ROYHOU-HOU,29,91,28,647,27,430,26,526,23,1559,32,984,33,1761,34,727,35,643,36,1,30.5
2026-04-18 01:42:55 AM,KXATPCHALLENGERMATCH-26APR18ROYHOU-HOU,29,91,28,647,27,277,26,526,23,1559,32,984,33,1761,34,727,35,643,36,1,30.5
2026-04-18 01:42:55 AM,KXATPCHALLENGERMATCH-26APR18ROYHOU-HOU,29,244,28,647,27,277,26,526,23,1559,32,984,33,1761,34,727,35,643,36,1,30.5
2026-04-18 01:42:55 AM,KXATPCHALLENGERMATCH-26APR18ROYHOU-HOU,29,91,28,647,27,277,26,526,23,1559,32,984,33,1761,34,727,35,643,36,1,30.5
2026-04-18 01:42:56 AM,KXATPCHALLENGERMATCH-26APR18ROYHOU-HOU,29,91,28,647,27,430,26,526,23,1559,32,984,33,1761,34,727,35,643,36,1,30.5
2026-04-18 01:42:56 AM,KXATPCHALLENGERMATCH-26APR18ROYHOU-HOU,29,91,28,647,27,277,26,526,23,1559,32,984,33,1761,34,727,35,643,36,1,30.5
2026-04-18 01:42:56 AM,KXATPCHALLENGERMATCH-26APR18ROYHOU-HOU,29,244,28,647,27,277,26,526,23,1559,32,984,33,1761,34,727,35,643,36,1,30.5
2026-04-18 01:42:56 AM,KXATPCHALLENGERMATCH-26APR18ROYHOU-HOU,29,91,28,647,27,277,26,526,23,1559,32,984,33,1761,34,727,35,643,36,1,30.5
2026-04-18 01:42:56 AM,KXATPCHALLENGERMATCH-26APR18ROYHOU-HOU,29,91,28,647,27,430,26,526,23,1559,32,984,33,1761,34,727,35,643,36,1,30.5
2026-04-18 01:42:56 AM,KXATPCHALLENGERMATCH-26APR18ROYHOU-HOU,29,91,28,647,27,277,26,526,23,1559,32,984,33,1761,34,727,35,643,36,1,30.5
2026-04-18 01:42:56 AM,KXATPCHALLENGERMATCH-26APR18ROYHOU-HOU,29,244,28,647,27,277,26,526,23,1559,32,984,33,1761,34,727,35,643,36,1,30.5
2026-04-18 01:42:57 AM,KXATPCHALLENGERMATCH-26APR18ROYHOU-HOU,29,91,28,647,27,277,26,526,23,1559,32,984,33,1761,34,727,35,643,36,1,30.5
2026-04-18 01:42:57 AM,KXATPCHALLENGERMATCH-26APR18ROYHOU-HOU,29,91,28,647,27,430,26,526,23,1559,32,984,33,1761,34,727,35,643,36,1,30.5
2026-04-18 01:42:57 AM,KXATPCHALLENGERMATCH-26APR18ROYHOU-HOU,29,91,28,647,27,277,26,526,23,1559,32,984,33,1761,34,727,35,643,36,1,30.5
2026-04-18 01:42:57 AM,KXATPCHALLENGERMATCH-26APR18ROYHOU-HOU,29,244,28,647,27,277,26,526,23,1559,32,984,33,1761,34,727,35,643,36,1,30.5
2026-04-18 01:42:57 AM,KXATPCHALLENGERMATCH-26APR18ROYHOU-HOU,29,91,28,647,27,277,26,526,23,1559,32,984,33,1761,34,727,35,643,36,1,30.5
2026-04-18 01:42:57 AM,KXATPCHALLENGERMATCH-26APR18ROYHOU-HOU,29,91,28,647,27,430,26,526,23,1559,32,984,33,1761,34,727,35,643,36,1,30.5
2026-04-18 01:42:57 AM,KXATPCHALLENGERMATCH-26APR18ROYHOU-HOU,29,91,28,647,27,277,26,526,23,1559,32,984,33,1761,34,727,35,643,36,1,30.5
2026-04-18 01:42:57 AM,KXATPCHALLENGERMATCH-26APR18ROYHOU-HOU,29,244,28,647,27,277,26,526,23,1559,32,984,33,1761,34,727,35,643,36,1,30.5
2026-04-18 01:42:58 AM,KXATPCHALLENGERMATCH-26APR18ROYHOU-HOU,29,91,28,647,27,277,26,526,23,1559,32,984,33,1761,34,727,35,643,36,1,30.5
2026-04-18 01:42:58 AM,KXATPCHALLENGERMATCH-26APR18ROYHOU-HOU,29,91,28,647,27,430,26,526,23,1559,32,984,33,1761,34,727,35,643,36,1,30.5
2026-04-18 01:42:58 AM,KXATPCHALLENGERMATCH-26APR18ROYHOU-HOU,29,91,28,647,27,277,26,526,23,1559,32,984,33,1761,34,727,35,643,36,1,30.5
2026-04-18 01:42:58 AM,KXATPCHALLENGERMATCH-26APR18ROYHOU-HOU,29,244,28,647,27,277,26,526,23,1559,32,984,33,1761,34,727,35,643,36,1,30.5
2026-04-18 01:42:58 AM,KXATPCHALLENGERMATCH-26APR18ROYHOU-HOU,29,91,28,647,27,277,26,526,23,1559,32,984,33,1761,34,727,35,643,36,1,30.5
2026-04-18 01:42:58 AM,KXATPCHALLENGERMATCH-26APR18ROYHOU-HOU,29,91,28,647,27,430,26,526,23,1559,32,984,33,1761,34,727,35,643,36,1,30.5
2026-04-18 01:42:58 AM,KXATPCHALLENGERMATCH-26APR18ROYHOU-HOU,29,91,28,647,27,277,26,526,23,1559,32,984,33,1761,34,727,35,643,36,1,30.5
2026-04-18 01:42:59 AM,KXATPCHALLENGERMATCH-26APR18ROYHOU-HOU,29,244,28,647,27,277,26,526,23,1559,32,984,33,1761,34,727,35,643,36,1,30.5
2026-04-18 01:42:59 AM,KXATPCHALLENGERMATCH-26APR18ROYHOU-HOU,29,91,28,647,27,277,26,526,23,1559,32,984,33,1761,34,727,35,643,36,1,30.5
2026-04-18 01:42:59 AM,KXATPCHALLENGERMATCH-26APR18ROYHOU-HOU,29,91,28,647,27,430,26,526,23,1559,32,984,33,1761,34,727,35,643,36,1,30.5
2026-04-18 01:42:59 AM,KXATPCHALLENGERMATCH-26APR18ROYHOU-HOU,29,91,28,647,27,277,26,526,23,1559,32,984,33,1761,34,727,35,643,36,1,30.5
2026-04-18 01:42:59 AM,KXATPCHALLENGERMATCH-26APR18ROYHOU-HOU,29,244,28,647,27,277,26,526,23,1559,32,984,33,1761,34,727,35,643,36,1,30.5
2026-04-18 01:42:59 AM,KXATPCHALLENGERMATCH-26APR18ROYHOU-HOU,29,91,28,647,27,277,26,526,23,1559,32,984,33,1761,34,727,35,643,36,1,30.5
2026-04-18 01:42:59 AM,KXATPCHALLENGERMATCH-26APR18ROYHOU-HOU,29,91,28,647,27,430,26,526,23,1559,32,984,33,1761,34,727,35,643,36,1,30.5
2026-04-18 01:43:00 AM,KXATPCHALLENGERMATCH-26APR18ROYHOU-HOU,29,91,28,647,27,277,26,526,23,1559,32,984,33,1761,34,727,35,643,36,1,30.5
2026-04-18 01:43:00 AM,KXATPCHALLENGERMATCH-26APR18ROYHOU-HOU,29,244,28,647,27,277,26,526,23,1559,32,984,33,1761,34,727,35,643,36,1,30.5
2026-04-18 01:43:00 AM,KXATPCHALLENGERMATCH-26APR18ROYHOU-HOU,29,91,28,647,27,277,26,526,23,1559,32,984,33,1761,34,727,35,643,36,1,30.5
2026-04-18 01:43:00 AM,KXATPCHALLENGERMATCH-26APR18ROYHOU-HOU,29,91,28,647,27,430,26,526,23,1559,32,984,33,1761,34,727,35,643,36,1,30.5
2026-04-18 01:43:00 AM,KXATPCHALLENGERMATCH-26APR18ROYHOU-HOU,29,91,28,647,27,277,26,526,23,1559,32,984,33,1761,34,727,35,643,36,1,30.5
2026-04-18 01:43:00 AM,KXATPCHALLENGERMATCH-26APR18ROYHOU-HOU,29,244,28,647,27,277,26,526,23,1559,32,984,33,1761,34,727,35,643,36,1,30.5
2026-04-18 01:43:00 AM,KXATPCHALLENGERMATCH-26APR18ROYHOU-HOU,29,91,28,647,27,277,26,526,23,1559,32,984,33,1761,34,727,35,643,36,1,30.5
2026-04-18 01:43:00 AM,KXATPCHALLENGERMATCH-26APR18ROYHOU-HOU,29,91,28,647,27,430,26,526,23,1559,32,984,33,1761,34,727,35,643,36,1,30.5
2026-04-18 01:43:01 AM,KXATPCHALLENGERMATCH-26APR18ROYHOU-HOU,29,91,28,647,27,277,26,526,23,1559,32,984,33,1761,34,727,35,643,36,1,30.5
2026-04-18 01:43:01 AM,KXATPCHALLENGERMATCH-26APR18ROYHOU-HOU,29,244,28,647,27,277,26,526,23,1559,32,984,33,1761,34,727,35,643,36,1,30.5
2026-04-18 01:43:01 AM,KXATPCHALLENGERMATCH-26APR18ROYHOU-HOU,29,91,28,647,27,277,26,526,23,1559,32,984,33,1761,34,727,35,643,36,1,30.5
2026-04-18 01:43:01 AM,KXATPCHALLENGERMATCH-26APR18ROYHOU-HOU,29,91,28,647,27,430,26,526,23,1559,32,984,33,1761,34,727,35,643,36,1,30.5
2026-04-18 01:43:01 AM,KXATPCHALLENGERMATCH-26APR18ROYHOU-HOU,29,91,28,647,27,277,26,526,23,1559,32,984,33,1761,34,727,35,643,36,1,30.5
2026-04-18 01:43:01 AM,KXATPCHALLENGERMATCH-26APR18ROYHOU-HOU,29,244,28,647,27,277,26,526,23,1559,32,984,33,1761,34,727,35,643,36,1,30.5
2026-04-18 01:43:01 AM,KXATPCHALLENGERMATCH-26APR18ROYHOU-HOU,29,91,28,647,27,277,26,526,23,1559,32,984,33,1761,34,727,35,643,36,1,30.5
2026-04-18 01:43:02 AM,KXATPCHALLENGERMATCH-26APR18ROYHOU-HOU,29,91,28,647,27,430,26,526,23,1559,32,984,33,1761,34,727,35,643,36,1,30.5
2026-04-18 01:43:02 AM,KXATPCHALLENGERMATCH-26APR18ROYHOU-HOU,29,91,28,647,27,277,26,526,23,1559,32,984,33,1761,34,727,35,643,36,1,30.5
2026-04-18 01:43:02 AM,KXATPCHALLENGERMATCH-26APR18ROYHOU-HOU,29,244,28,647,27,277,26,526,23,1559,32,984,33,1761,34,727,35,643,36,1,30.5
2026-04-18 01:43:02 AM,KXATPCHALLENGERMATCH-26APR18ROYHOU-HOU,29,91,28,647,27,277,26,526,23,1559,32,984,33,1761,34,727,35,643,36,1,30.5
2026-04-18 01:43:02 AM,KXATPCHALLENGERMATCH-26APR18ROYHOU-HOU,29,91,28,647,27,430,26,526,23,1559,32,984,33,1761,34,727,35,643,36,1,30.5
2026-04-18 01:43:02 AM,KXATPCHALLENGERMATCH-26APR18ROYHOU-HOU,29,91,28,647,27,277,26,526,23,1559,32,984,33,1761,34,727,35,643,36,1,30.5
2026-04-18 01:43:02 AM,KXATPCHALLENGERMATCH-26APR18ROYHOU-HOU,29,244,28,647,27,277,26,526,23,1559,32,984,33,1761,34,727,35,643,36,1,30.5
2026-04-18 01:43:03 AM,KXATPCHALLENGERMATCH-26APR18ROYHOU-HOU,29,91,28,647,27,277,26,526,23,1559,32,984,33,1761,34,727,35,643,36,1,30.5
2026-04-18 01:43:03 AM,KXATPCHALLENGERMATCH-26APR18ROYHOU-HOU,29,91,28,647,27,430,26,526,23,1559,32,984,33,1761,34,727,35,643,36,1,30.5
2026-04-18 01:43:03 AM,KXATPCHALLENGERMATCH-26APR18ROYHOU-HOU,29,91,28,647,27,277,26,526,23,1559,32,984,33,1761,34,727,35,643,36,1,30.5
2026-04-18 01:43:03 AM,KXATPCHALLENGERMATCH-26APR18ROYHOU-HOU,29,244,28,647,27,277,26,526,23,1559,32,984,33,1761,34,727,35,643,36,1,30.5
2026-04-18 01:43:03 AM,KXATPCHALLENGERMATCH-26APR18ROYHOU-HOU,29,91,28,647,27,277,26,526,23,1559,32,984,33,1761,34,727,35,643,36,1,30.5
2026-04-18 01:43:03 AM,KXATPCHALLENGERMATCH-26APR18ROYHOU-HOU,29,91,28,647,27,430,26,526,23,1559,32,984,33,1761,34,727,35,643,36,1,30.5
2026-04-18 01:43:03 AM,KXATPCHALLENGERMATCH-26APR18ROYHOU-HOU,29,91,28,647,27,277,26,526,23,1559,32,984,33,1761,34,727,35,643,36,1,30.5
2026-04-18 01:43:03 AM,KXATPCHALLENGERMATCH-26APR18ROYHOU-HOU,29,244,28,647,27,277,26,526,23,1559,32,984,33,1761,34,727,35,643,36,1,30.5
2026-04-18 01:43:04 AM,KXATPCHALLENGERMATCH-26APR18ROYHOU-HOU,29,91,28,647,27,277,26,526,23,1559,32,984,33,1761,34,727,35,643,36,1,30.5
2026-04-18 01:43:04 AM,KXATPCHALLENGERMATCH-26APR18ROYHOU-HOU,29,91,28,647,27,430,26,526,23,1559,32,984,33,1761,34,727,35,643,36,1,30.5
2026-04-18 01:43:04 AM,KXATPCHALLENGERMATCH-26APR18ROYHOU-HOU,29,91,28,647,27,277,26,526,23,1559,32,984,33,1761,34,727,35,643,36,1,30.5
2026-04-18 01:43:04 AM,KXATPCHALLENGERMATCH-26APR18ROYHOU-HOU,29,244,28,647,27,277,26,526,23,1559,32,984,33,1761,34,727,35,643,36,1,30.5
2026-04-18 01:43:04 AM,KXATPCHALLENGERMATCH-26APR18ROYHOU-HOU,29,91,28,647,27,277,26,526,23,1559,32,984,33,1761,34,727,35,643,36,1,30.5
2026-04-18 01:43:04 AM,KXATPCHALLENGERMATCH-26APR18ROYHOU-HOU,29,91,28,647,27,430,26,526,23,1559,32,984,33,1761,34,727,35,643,36,1,30.5
2026-04-18 01:43:05 AM,KXATPCHALLENGERMATCH-26APR18ROYHOU-HOU,29,91,28,647,27,277,26,526,23,1559,32,984,33,1761,34,727,35,643,36,1,30.5
2026-04-18 01:43:05 AM,KXATPCHALLENGERMATCH-26APR18ROYHOU-HOU,29,244,28,647,27,277,26,526,23,1559,32,984,33,1761,34,727,35,643,36,1,30.5
2026-04-18 01:43:05 AM,KXATPCHALLENGERMATCH-26APR18ROYHOU-HOU,29,91,28,647,27,277,26,526,23,1559,32,984,33,1761,34,727,35,643,36,1,30.5
2026-04-18 01:43:05 AM,KXATPCHALLENGERMATCH-26APR18ROYHOU-HOU,29,91,28,647,27,430,26,526,23,1559,32,984,33,1761,34,727,35,643,36,1,30.5
2026-04-18 01:43:05 AM,KXATPCHALLENGERMATCH-26APR18ROYHOU-HOU,29,91,28,647,27,277,26,526,23,1559,32,984,33,1761,34,727,35,643,36,1,30.5
2026-04-18 01:43:05 AM,KXATPCHALLENGERMATCH-26APR18ROYHOU-HOU,29,244,28,647,27,277,26,526,23,1559,32,984,33,1761,34,727,35,643,36,1,30.5
2026-04-18 01:43:05 AM,KXATPCHALLENGERMATCH-26APR18ROYHOU-HOU,29,244,28,647,27,277,26,526,23,2259,32,984,33,1761,34,727,35,643,36,1,30.5
2026-04-18 01:43:05 AM,KXATPCHALLENGERMATCH-26APR18ROYHOU-HOU,29,244,28,647,27,277,26,526,23,1559,32,984,33,1761,34,727,35,643,36,1,30.5
2026-04-18 01:43:05 AM,KXATPCHALLENGERMATCH-26APR18ROYHOU-HOU,29,91,28,647,27,277,26,526,23,1559,32,984,33,1761,34,727,35,643,36,1,30.5
2026-04-18 01:43:05 AM,KXATPCHALLENGERMATCH-26APR18ROYHOU-HOU,29,91,28,647,27,430,26,526,23,1559,32,984,33,1761,34,727,35,643,36,1,30.5
2026-04-18 01:43:06 AM,KXATPCHALLENGERMATCH-26APR18ROYHOU-HOU,29,91,28,647,27,430,26,526,23,2259,32,984,33,1761,34,727,35,643,36,1,30.5
2026-04-18 01:43:06 AM,KXATPCHALLENGERMATCH-26APR18ROYHOU-HOU,29,91,28,647,27,277,26,526,23,2259,32,984,33,1761,34,727,35,643,36,1,30.5
2026-04-18 01:43:06 AM,KXATPCHALLENGERMATCH-26APR18ROYHOU-HOU,29,244,28,647,27,277,26,526,23,2259,32,984,33,1761,34,727,35,643,36,1,30.5
2026-04-18 01:43:06 AM,KXATPCHALLENGERMATCH-26APR18ROYHOU-HOU,29,244,28,647,27,277,26,526,23,1559,32,984,33,1761,34,727,35,643,36,1,30.5
2026-04-18 01:43:06 AM,KXATPCHALLENGERMATCH-26APR18ROYHOU-HOU,29,91,28,647,27,277,26,526,23,1559,32,984,33,1761,34,727,35,643,36,1,30.5
2026-04-18 01:43:06 AM,KXATPCHALLENGERMATCH-26APR18ROYHOU-HOU,29,91,28,647,27,430,26,526,23,1559,32,984,33,1761,34,727,35,643,36,1,30.5
2026-04-18 01:43:06 AM,KXATPCHALLENGERMATCH-26APR18ROYHOU-HOU,29,91,28,647,27,277,26,526,23,1559,32,984,33,1761,34,727,35,643,36,1,30.5
2026-04-18 01:43:06 AM,KXATPCHALLENGERMATCH-26APR18ROYHOU-HOU,29,244,28,647,27,277,26,526,23,1559,32,984,33,1761,34,727,35,643,36,1,30.5
2026-04-18 01:43:07 AM,KXATPCHALLENGERMATCH-26APR18ROYHOU-HOU,29,91,28,647,27,277,26,526,23,1559,32,984,33,1761,34,727,35,643,36,1,30.5
2026-04-18 01:43:07 AM,KXATPCHALLENGERMATCH-26APR18ROYHOU-HOU,29,91,28,647,27,430,26,526,23,1559,32,984,33,1761,34,727,35,643,36,1,30.5
2026-04-18 01:43:07 AM,KXATPCHALLENGERMATCH-26APR18ROYHOU-HOU,29,91,28,647,27,277,26,526,23,1559,32,984,33,1761,34,727,35,643,36,1,30.5
2026-04-18 01:43:07 AM,KXATPCHALLENGERMATCH-26APR18ROYHOU-HOU,29,244,28,647,27,277,26,526,23,1559,32,984,33,1761,34,727,35,643,36,1,30.5
2026-04-18 01:43:07 AM,KXATPCHALLENGERMATCH-26APR18ROYHOU-HOU,29,91,28,647,27,277,26,526,23,1559,32,984,33,1761,34,727,35,643,36,1,30.5
2026-04-18 01:43:07 AM,KXATPCHALLENGERMATCH-26APR18ROYHOU-HOU,29,91,28,647,27,430,26,526,23,1559,32,984,33,1761,34,727,35,643,36,1,30.5
2026-04-18 01:43:07 AM,KXATPCHALLENGERMATCH-26APR18ROYHOU-HOU,29,91,28,647,27,430,26,526,23,2259,32,984,33,1761,34,727,35,643,36,1,30.5
2026-04-18 01:43:07 AM,KXATPCHALLENGERMATCH-26APR18ROYHOU-HOU,29,91,28,647,27,277,26,526,23,2259,32,984,33,1761,34,727,35,643,36,1,30.5
2026-04-18 01:43:07 AM,KXATPCHALLENGERMATCH-26APR18ROYHOU-HOU,29,244,28,647,27,277,26,526,23,2259,32,984,33,1761,34,727,35,643,36,1,30.5
2026-04-18 01:43:08 AM,KXATPCHALLENGERMATCH-26APR18ROYHOU-HOU,29,244,28,647,27,277,26,526,23,1559,32,984,33,1761,34,727,35,643,36,1,30.5
2026-04-18 01:43:08 AM,KXATPCHALLENGERMATCH-26APR18ROYHOU-HOU,29,91,28,647,27,277,26,526,23,1559,32,984,33,1761,34,727,35,643,36,1,30.5
2026-04-18 01:43:08 AM,KXATPCHALLENGERMATCH-26APR18ROYHOU-HOU,29,91,28,647,27,430,26,526,23,1559,32,984,33,1761,34,727,35,643,36,1,30.5
2026-04-18 01:43:08 AM,KXATPCHALLENGERMATCH-26APR18ROYHOU-HOU,29,91,28,647,27,277,26,526,23,1559,32,984,33,1761,34,727,35,643,36,1,30.5
2026-04-18 01:43:08 AM,KXATPCHALLENGERMATCH-26APR18ROYHOU-HOU,29,244,28,647,27,277,26,526,23,1559,32,984,33,1761,34,727,35,643,36,1,30.5
2026-04-18 01:43:08 AM,KXATPCHALLENGERMATCH-26APR18ROYHOU-HOU,29,91,28,647,27,277,26,526,23,1559,32,984,33,1761,34,727,35,643,36,1,30.5
2026-04-18 01:43:08 AM,KXATPCHALLENGERMATCH-26APR18ROYHOU-HOU,29,91,28,647,27,430,26,526,23,1559,32,984,33,1761,34,727,35,643,36,1,30.5
2026-04-18 01:43:08 AM,KXATPCHALLENGERMATCH-26APR18ROYHOU-HOU,29,91,28,647,27,277,26,526,23,1559,32,984,33,1761,34,727,35,643,36,1,30.5
2026-04-18 01:43:08 AM,KXATPCHALLENGERMATCH-26APR18ROYHOU-HOU,29,244,28,647,27,277,26,526,23,1559,32,984,33,1761,34,727,35,643,36,1,30.5
2026-04-18 01:43:09 AM,KXATPCHALLENGERMATCH-26APR18ROYHOU-HOU,29,91,28,647,27,277,26,526,23,1559,32,984,33,1761,34,727,35,643,36,1,30.5
2026-04-18 01:43:09 AM,KXATPCHALLENGERMATCH-26APR18ROYHOU-HOU,29,91,28,647,27,430,26,526,23,1559,32,984,33,1761,34,727,35,643,36,1,30.5
2026-04-18 01:43:09 AM,KXATPCHALLENGERMATCH-26APR18ROYHOU-HOU,29,91,28,647,27,277,26,526,23,1559,32,984,33,1761,34,727,35,643,36,1,30.5
2026-04-18 01:43:09 AM,KXATPCHALLENGERMATCH-26APR18ROYHOU-HOU,29,244,28,647,27,277,26,526,23,1559,32,984,33,1761,34,727,35,643,36,1,30.5
2026-04-18 01:43:09 AM,KXATPCHALLENGERMATCH-26APR18ROYHOU-HOU,29,91,28,647,27,277,26,526,23,1559,32,984,33,1761,34,727,35,643,36,1,30.5
2026-04-18 01:43:09 AM,KXATPCHALLENGERMATCH-26APR18ROYHOU-HOU,29,91,28,647,27,430,26,526,23,1559,32,984,33,1761,34,727,35,643,36,1,30.5
2026-04-18 01:43:10 AM,KXATPCHALLENGERMATCH-26APR18ROYHOU-HOU,29,91,28,647,27,277,26,526,23,1559,32,984,33,1761,34,727,35,643,36,1,30.5
2026-04-18 01:43:10 AM,KXATPCHALLENGERMATCH-26APR18ROYHOU-HOU,29,244,28,647,27,277,26,526,23,1559,32,984,33,1761,34,727,35,643,36,1,30.5
2026-04-18 01:43:10 AM,KXATPCHALLENGERMATCH-26APR18ROYHOU-HOU,29,91,28,647,27,277,26,526,23,1559,32,984,33,1761,34,727,35,643,36,1,30.5
2026-04-18 01:43:10 AM,KXATPCHALLENGERMATCH-26APR18ROYHOU-HOU,29,91,28,647,27,430,26,526,23,1559,32,984,33,1761,34,727,35,643,36,1,30.5
2026-04-18 01:43:10 AM,KXATPCHALLENGERMATCH-26APR18ROYHOU-HOU,29,91,28,647,27,430,26,526,23,2259,32,984,33,1761,34,727,35,643,36,1,30.5
2026-04-18 01:43:10 AM,KXATPCHALLENGERMATCH-26APR18ROYHOU-HOU,29,91,28,647,27,277,26,526,23,2259,32,984,33,1761,34,727,35,643,36,1,30.5
2026-04-18 01:43:10 AM,KXATPCHALLENGERMATCH-26APR18ROYHOU-HOU,29,244,28,647,27,277,26,526,23,2259,32,984,33,1761,34,727,35,643,36,1,30.5
2026-04-18 01:43:10 AM,KXATPCHALLENGERMATCH-26APR18ROYHOU-HOU,29,244,28,647,27,277,26,526,23,1559,32,984,33,1761,34,727,35,643,36,1,30.5
2026-04-18 01:43:10 AM,KXATPCHALLENGERMATCH-26APR18ROYHOU-HOU,29,91,28,647,27,277,26,526,23,1559,32,984,33,1761,34,727,35,643,36,1,30.5
2026-04-18 01:43:10 AM,KXATPCHALLENGERMATCH-26APR18ROYHOU-HOU,29,91,28,647,27,430,26,526,23,1559,32,984,33,1761,34,727,35,643,36,1,30.5
2026-04-18 01:43:11 AM,KXATPCHALLENGERMATCH-26APR18ROYHOU-HOU,29,91,28,647,27,277,26,526,23,1559,32,984,33,1761,34,727,35,643,36,1,30.5
2026-04-18 01:43:11 AM,KXATPCHALLENGERMATCH-26APR18ROYHOU-HOU,29,244,28,647,27,277,26,526,23,1559,32,984,33,1761,34,727,35,643,36,1,30.5
2026-04-18 01:43:11 AM,KXATPCHALLENGERMATCH-26APR18ROYHOU-HOU,29,91,28,647,27,277,26,526,23,1559,32,984,33,1761,34,727,35,643,36,1,30.5
2026-04-18 01:43:11 AM,KXATPCHALLENGERMATCH-26APR18ROYHOU-HOU,29,91,28,647,27,430,26,526,23,1559,32,984,33,1761,34,727,35,643,36,1,30.5
2026-04-18 01:43:11 AM,KXATPCHALLENGERMATCH-26APR18ROYHOU-HOU,29,91,28,647,27,277,26,526,23,1559,32,984,33,1761,34,727,35,643,36,1,30.5
2026-04-18 01:43:11 AM,KXATPCHALLENGERMATCH-26APR18ROYHOU-HOU,29,244,28,647,27,277,26,526,23,1559,32,984,33,1761,34,727,35,643,36,1,30.5
2026-04-18 01:43:12 AM,KXATPCHALLENGERMATCH-26APR18ROYHOU-HOU,29,91,28,647,27,277,26,526,23,1559,32,984,33,1761,34,727,35,643,36,1,30.5
2026-04-18 01:43:12 AM,KXATPCHALLENGERMATCH-26APR18ROYHOU-HOU,29,91,28,647,27,430,26,526,23,1559,32,984,33,1761,34,727,35,643,36,1,30.5
2026-04-18 01:43:12 AM,KXATPCHALLENGERMATCH-26APR18ROYHOU-HOU,29,91,28,647,27,277,26,526,23,1559,32,984,33,1761,34,727,35,643,36,1,30.5
2026-04-18 01:43:12 AM,KXATPCHALLENGERMATCH-26APR18ROYHOU-HOU,29,244,28,647,27,277,26,526,23,1559,32,984,33,1761,34,727,35,643,36,1,30.5
2026-04-18 01:43:12 AM,KXATPCHALLENGERMATCH-26APR18ROYHOU-HOU,29,91,28,647,27,277,26,526,23,1559,32,984,33,1761,34,727,35,643,36,1,30.5
2026-04-18 01:43:12 AM,KXATPCHALLENGERMATCH-26APR18ROYHOU-HOU,29,91,28,647,27,430,26,526,23,1559,32,984,33,1761,34,727,35,643,36,1,30.5
2026-04-18 01:43:12 AM,KXATPCHALLENGERMATCH-26APR18ROYHOU-HOU,29,91,28,647,27,277,26,526,23,1559,32,984,33,1761,34,727,35,643,36,1,30.5
2026-04-18 01:43:12 AM,KXATPCHALLENGERMATCH-26APR18ROYHOU-HOU,29,244,28,647,27,277,26,526,23,1559,32,984,33,1761,34,727,35,643,36,1,30.5
2026-04-18 01:43:13 AM,KXATPCHALLENGERMATCH-26APR18ROYHOU-HOU,29,91,28,647,27,277,26,526,23,1559,32,984,33,1761,34,727,35,643,36,1,30.5
2026-04-18 01:43:13 AM,KXATPCHALLENGERMATCH-26APR18ROYHOU-HOU,29,91,28,647,27,430,26,526,23,1559,32,984,33,1761,34,727,35,643,36,1,30.5
2026-04-18 01:43:13 AM,KXATPCHALLENGERMATCH-26APR18ROYHOU-HOU,29,91,28,647,27,277,26,526,23,1559,32,984,33,1761,34,727,35,643,36,1,30.5
2026-04-18 01:43:13 AM,KXATPCHALLENGERMATCH-26APR18ROYHOU-HOU,29,244,28,647,27,277,26,526,23,1559,32,984,33,1761,34,727,35,643,36,1,30.5
2026-04-18 01:43:13 AM,KXATPCHALLENGERMATCH-26APR18ROYHOU-HOU,29,91,28,647,27,277,26,526,23,1559,32,984,33,1761,34,727,35,643,36,1,30.5
2026-04-18 01:43:13 AM,KXATPCHALLENGERMATCH-26APR18ROYHOU-HOU,29,91,28,647,27,430,26,526,23,1559,32,984,33,1761,34,727,35,643,36,1,30.5
2026-04-18 01:43:13 AM,KXATPCHALLENGERMATCH-26APR18ROYHOU-HOU,29,91,28,647,27,277,26,526,23,1559,32,984,33,1761,34,727,35,643,36,1,30.5
2026-04-18 01:43:14 AM,KXATPCHALLENGERMATCH-26APR18ROYHOU-HOU,29,244,28,647,27,277,26,526,23,1559,32,984,33,1761,34,727,35,643,36,1,30.5
2026-04-18 01:43:14 AM,KXATPCHALLENGERMATCH-26APR18ROYHOU-HOU,29,91,28,647,27,277,26,526,23,1559,32,984,33,1761,34,727,35,643,36,1,30.5
2026-04-18 01:43:14 AM,KXATPCHALLENGERMATCH-26APR18ROYHOU-HOU,29,91,28,647,27,430,26,526,23,1559,32,984,33,1761,34,727,35,643,36,1,30.5
2026-04-18 01:43:14 AM,KXATPCHALLENGERMATCH-26APR18ROYHOU-HOU,29,91,28,647,27,277,26,526,23,1559,32,984,33,1761,34,727,35,643,36,1,30.5
2026-04-18 01:43:14 AM,KXATPCHALLENGERMATCH-26APR18ROYHOU-HOU,29,244,28,647,27,277,26,526,23,1559,32,984,33,1761,34,727,35,643,36,1,30.5
2026-04-18 01:43:14 AM,KXATPCHALLENGERMATCH-26APR18ROYHOU-HOU,29,91,28,647,27,277,26,526,23,1559,32,984,33,1761,34,727,35,643,36,1,30.5
2026-04-18 01:43:14 AM,KXATPCHALLENGERMATCH-26APR18ROYHOU-HOU,29,91,28,647,27,430,26,526,23,1559,32,984,33,1761,34,727,35,643,36,1,30.5
2026-04-18 01:43:15 AM,KXATPCHALLENGERMATCH-26APR18ROYHOU-HOU,29,91,28,647,27,277,26,526,23,1559,32,984,33,1761,34,727,35,643,36,1,30.5
2026-04-18 01:43:15 AM,KXATPCHALLENGERMATCH-26APR18ROYHOU-HOU,29,244,28,647,27,277,26,526,23,1559,32,984,33,1761,34,727,35,643,36,1,30.5
2026-04-18 01:43:15 AM,KXATPCHALLENGERMATCH-26APR18ROYHOU-HOU,29,91,28,647,27,277,26,526,23,1559,32,984,33,1761,34,727,35,643,36,1,30.5
2026-04-18 01:43:15 AM,KXATPCHALLENGERMATCH-26APR18ROYHOU-HOU,29,91,28,647,27,430,26,526,23,1559,32,984,33,1761,34,727,35,643,36,1,30.5
2026-04-18 01:43:15 AM,KXATPCHALLENGERMATCH-26APR18ROYHOU-HOU,29,91,28,647,27,277,26,526,23,1559,32,984,33,1761,34,727,35,643,36,1,30.5
2026-04-18 01:43:15 AM,KXATPCHALLENGERMATCH-26APR18ROYHOU-HOU,29,244,28,647,27,277,26,526,23,1559,32,984,33,1761,34,727,35,643,36,1,30.5
2026-04-18 01:43:15 AM,KXATPCHALLENGERMATCH-26APR18ROYHOU-HOU,29,91,28,647,27,277,26,526,23,1559,32,984,33,1761,34,727,35,643,36,1,30.5
2026-04-18 01:43:15 AM,KXATPCHALLENGERMATCH-26APR18ROYHOU-HOU,29,91,28,647,27,430,26,526,23,1559,32,984,33,1761,34,727,35,643,36,1,30.5
2026-04-18 01:43:16 AM,KXATPCHALLENGERMATCH-26APR18ROYHOU-HOU,29,91,28,647,27,277,26,526,23,1559,32,984,33,1761,34,727,35,643,36,1,30.5
2026-04-18 01:43:16 AM,KXATPCHALLENGERMATCH-26APR18ROYHOU-HOU,29,244,28,647,27,277,26,526,23,1559,32,984,33,1761,34,727,35,643,36,1,30.5
2026-04-18 01:43:16 AM,KXATPCHALLENGERMATCH-26APR18ROYHOU-HOU,29,91,28,647,27,277,26,526,23,1559,32,984,33,1761,34,727,35,643,36,1,30.5
2026-04-18 01:43:16 AM,KXATPCHALLENGERMATCH-26APR18ROYHOU-HOU,29,91,28,647,27,430,26,526,23,1559,32,984,33,1761,34,727,35,643,36,1,30.5
2026-04-18 01:43:16 AM,KXATPCHALLENGERMATCH-26APR18ROYHOU-HOU,29,91,28,647,27,277,26,526,23,1559,32,984,33,1761,34,727,35,643,36,1,30.5
2026-04-18 01:43:16 AM,KXATPCHALLENGERMATCH-26APR18ROYHOU-HOU,29,244,28,647,27,277,26,526,23,1559,32,984,33,1761,34,727,35,643,36,1,30.5
2026-04-18 01:43:16 AM,KXATPCHALLENGERMATCH-26APR18ROYHOU-HOU,29,91,28,647,27,277,26,526,23,1559,32,984,33,1761,34,727,35,643,36,1,30.5
2026-04-18 01:43:17 AM,KXATPCHALLENGERMATCH-26APR18ROYHOU-HOU,29,91,28,647,27,430,26,526,23,1559,32,984,33,1761,34,727,35,643,36,1,30.5
2026-04-18 01:43:17 AM,KXATPCHALLENGERMATCH-26APR18ROYHOU-HOU,29,91,28,647,27,277,26,526,23,1559,32,984,33,1761,34,727,35,643,36,1,30.5
2026-04-18 01:43:17 AM,KXATPCHALLENGERMATCH-26APR18ROYHOU-HOU,29,244,28,647,27,277,26,526,23,1559,32,984,33,1761,34,727,35,643,36,1,30.5
2026-04-18 01:43:17 AM,KXATPCHALLENGERMATCH-26APR18ROYHOU-HOU,29,91,28,647,27,277,26,526,23,1559,32,984,33,1761,34,727,35,643,36,1,30.5
2026-04-18 01:43:17 AM,KXATPCHALLENGERMATCH-26APR18ROYHOU-HOU,29,91,28,647,27,430,26,526,23,1559,32,984,33,1761,34,727,35,643,36,1,30.5
2026-04-18 01:43:17 AM,KXATPCHALLENGERMATCH-26APR18ROYHOU-HOU,29,91,28,647,27,430,26,526,23,2259,32,984,33,1761,34,727,35,643,36,1,30.5
2026-04-18 01:43:17 AM,KXATPCHALLENGERMATCH-26APR18ROYHOU-HOU,29,91,28,647,27,277,26,526,23,2259,32,984,33,1761,34,727,35,643,36,1,30.5
2026-04-18 01:43:17 AM,KXATPCHALLENGERMATCH-26APR18ROYHOU-HOU,29,244,28,647,27,277,26,526,23,2259,32,984,33,1761,34,727,35,643,36,1,30.5
2026-04-18 01:43:18 AM,KXATPCHALLENGERMATCH-26APR18ROYHOU-HOU,29,244,28,647,27,277,26,526,23,1559,32,984,33,1761,34,727,35,643,36,1,30.5
2026-04-18 01:43:18 AM,KXATPCHALLENGERMATCH-26APR18ROYHOU-HOU,29,91,28,647,27,277,26,526,23,1559,32,984,33,1761,34,727,35,643,36,1,30.5
2026-04-18 01:43:18 AM,KXATPCHALLENGERMATCH-26APR18ROYHOU-HOU,29,91,28,647,27,430,26,526,23,1559,32,984,33,1761,34,727,35,643,36,1,30.5
2026-04-18 01:43:18 AM,KXATPCHALLENGERMATCH-26APR18ROYHOU-HOU,29,91,28,647,27,277,26,526,23,1559,32,984,33,1761,34,727,35,643,36,1,30.5
2026-04-18 01:43:18 AM,KXATPCHALLENGERMATCH-26APR18ROYHOU-HOU,29,244,28,647,27,277,26,526,23,1559,32,984,33,1761,34,727,35,643,36,1,30.5
2026-04-18 01:43:18 AM,KXATPCHALLENGERMATCH-26APR18ROYHOU-HOU,29,91,28,647,27,277,26,526,23,1559,32,984,33,1761,34,727,35,643,36,1,30.5
2026-04-18 01:43:18 AM,KXATPCHALLENGERMATCH-26APR18ROYHOU-HOU,29,91,28,647,27,430,26,526,23,1559,32,984,33,1761,34,727,35,643,36,1,30.5
2026-04-18 01:43:18 AM,KXATPCHALLENGERMATCH-26APR18ROYHOU-HOU,29,91,28,647,27,430,26,526,23,2259,32,984,33,1761,34,727,35,643,36,1,30.5
2026-04-18 01:43:18 AM,KXATPCHALLENGERMATCH-26APR18ROYHOU-HOU,29,91,28,647,27,277,26,526,23,2259,32,984,33,1761,34,727,35,643,36,1,30.5
2026-04-18 01:43:18 AM,KXATPCHALLENGERMATCH-26APR18ROYHOU-HOU,29,244,28,647,27,277,26,526,23,2259,32,984,33,1761,34,727,35,643,36,1,30.5
2026-04-18 01:43:19 AM,KXATPCHALLENGERMATCH-26APR18ROYHOU-HOU,29,244,28,647,27,277,26,526,23,1559,32,984,33,1761,34,727,35,643,36,1,30.5
2026-04-18 01:43:19 AM,KXATPCHALLENGERMATCH-26APR18ROYHOU-HOU,29,91,28,647,27,277,26,526,23,1559,32,984,33,1761,34,727,35,643,36,1,30.5
2026-04-18 01:43:19 AM,KXATPCHALLENGERMATCH-26APR18ROYHOU-HOU,29,91,28,647,27,430,26,526,23,1559,32,984,33,1761,34,727,35,643,36,1,30.5
2026-04-18 01:43:19 AM,KXATPCHALLENGERMATCH-26APR18ROYHOU-HOU,29,91,28,647,27,277,26,526,23,1559,32,984,33,1761,34,727,35,643,36,1,30.5
2026-04-18 01:43:19 AM,KXATPCHALLENGERMATCH-26APR18ROYHOU-HOU,29,244,28,647,27,277,26,526,23,1559,32,984,33,1761,34,727,35,643,36,1,30.5
2026-04-18 01:43:19 AM,KXATPCHALLENGERMATCH-26APR18ROYHOU-HOU,29,91,28,647,27,277,26,526,23,1559,32,984,33,1761,34,727,35,643,36,1,30.5
2026-04-18 01:43:19 AM,KXATPCHALLENGERMATCH-26APR18ROYHOU-HOU,29,91,28,647,27,430,26,526,23,1559,32,984,33,1761,34,727,35,643,36,1,30.5
2026-04-18 01:43:19 AM,KXATPCHALLENGERMATCH-26APR18ROYHOU-HOU,29,91,28,647,27,277,26,526,23,1559,32,984,33,1761,34,727,35,643,36,1,30.5
2026-04-18 01:43:20 AM,KXATPCHALLENGERMATCH-26APR18ROYHOU-HOU,29,244,28,647,27,277,26,526,23,1559,32,984,33,1761,34,727,35,643,36,1,30.5
2026-04-18 01:43:20 AM,KXATPCHALLENGERMATCH-26APR18ROYHOU-HOU,29,91,28,647,27,277,26,526,23,1559,32,984,33,1761,34,727,35,643,36,1,30.5
2026-04-18 01:43:20 AM,KXATPCHALLENGERMATCH-26APR18ROYHOU-HOU,29,91,28,647,27,430,26,526,23,1559,32,984,33,1761,34,727,35,643,36,1,30.5
2026-04-18 01:43:20 AM,KXATPCHALLENGERMATCH-26APR18ROYHOU-HOU,29,91,28,647,27,277,26,526,23,1559,32,984,33,1761,34,727,35,643,36,1,30.5
2026-04-18 01:43:20 AM,KXATPCHALLENGERMATCH-26APR18ROYHOU-HOU,29,244,28,647,27,277,26,526,23,1559,32,984,33,1761,34,727,35,643,36,1,30.5
2026-04-18 01:43:20 AM,KXATPCHALLENGERMATCH-26APR18ROYHOU-HOU,29,91,28,647,27,277,26,526,23,1559,32,984,33,1761,34,727,35,643,36,1,30.5
2026-04-18 01:43:20 AM,KXATPCHALLENGERMATCH-26APR18ROYHOU-HOU,29,91,28,647,27,430,26,526,23,1559,32,984,33,1761,34,727,35,643,36,1,30.5
2026-04-18 01:43:21 AM,KXATPCHALLENGERMATCH-26APR18ROYHOU-HOU,29,91,28,647,27,277,26,526,23,1559,32,984,33,1761,34,727,35,643,36,1,30.5
2026-04-18 01:43:21 AM,KXATPCHALLENGERMATCH-26APR18ROYHOU-HOU,29,244,28,647,27,277,26,526,23,1559,32,984,33,1761,34,727,35,643,36,1,30.5
2026-04-18 01:43:21 AM,KXATPCHALLENGERMATCH-26APR18ROYHOU-HOU,29,91,28,647,27,277,26,526,23,1559,32,984,33,1761,34,727,35,643,36,1,30.5
2026-04-18 01:43:21 AM,KXATPCHALLENGERMATCH-26APR18ROYHOU-HOU,29,91,28,647,27,430,26,526,23,1559,32,984,33,1761,34,727,35,643,36,1,30.5
2026-04-18 01:43:21 AM,KXATPCHALLENGERMATCH-26APR18ROYHOU-HOU,29,91,28,647,27,277,26,526,23,1559,32,984,33,1761,34,727,35,643,36,1,30.5
2026-04-18 01:43:21 AM,KXATPCHALLENGERMATCH-26APR18ROYHOU-HOU,29,244,28,647,27,277,26,526,23,1559,32,984,33,1761,34,727,35,643,36,1,30.5
2026-04-18 01:43:22 AM,KXATPCHALLENGERMATCH-26APR18ROYHOU-HOU,29,91,28,647,27,277,26,526,23,1559,32,984,33,1761,34,727,35,643,36,1,30.5
2026-04-18 01:43:22 AM,KXATPCHALLENGERMATCH-26APR18ROYHOU-HOU,29,91,28,647,27,430,26,526,23,1559,32,984,33,1761,34,727,35,643,36,1,30.5
2026-04-18 01:43:22 AM,KXATPCHALLENGERMATCH-26APR18ROYHOU-HOU,29,91,28,647,27,277,26,526,23,1559,32,984,33,1761,34,727,35,643,36,1,30.5
2026-04-18 01:43:22 AM,KXATPCHALLENGERMATCH-26APR18ROYHOU-HOU,29,244,28,647,27,277,26,526,23,1559,32,984,33,1761,34,727,35,643,36,1,30.5
2026-04-18 01:43:22 AM,KXATPCHALLENGERMATCH-26APR18ROYHOU-HOU,29,91,28,647,27,277,26,526,23,1559,32,984,33,1761,34,727,35,643,36,1,30.5
2026-04-18 01:43:22 AM,KXATPCHALLENGERMATCH-26APR18ROYHOU-HOU,29,91,28,647,27,430,26,526,23,1559,32,984,33,1761,34,727,35,643,36,1,30.5
2026-04-18 01:43:22 AM,KXATPCHALLENGERMATCH-26APR18ROYHOU-HOU,29,91,28,647,27,277,26,526,23,1559,32,984,33,1761,34,727,35,643,36,1,30.5
2026-04-18 01:43:22 AM,KXATPCHALLENGERMATCH-26APR18ROYHOU-HOU,29,244,28,647,27,277,26,526,23,1559,32,984,33,1761,34,727,35,643,36,1,30.5
2026-04-18 01:43:23 AM,KXATPCHALLENGERMATCH-26APR18ROYHOU-HOU,29,91,28,647,27,277,26,526,23,1559,32,984,33,1761,34,727,35,643,36,1,30.5
2026-04-18 01:43:23 AM,KXATPCHALLENGERMATCH-26APR18ROYHOU-HOU,29,91,28,647,27,430,26,526,23,1559,32,984,33,1761,34,727,35,643,36,1,30.5
2026-04-18 01:43:23 AM,KXATPCHALLENGERMATCH-26APR18ROYHOU-HOU,29,91,28,647,27,277,26,526,23,1559,32,984,33,1761,34,727,35,643,36,1,30.5
2026-04-18 01:43:23 AM,KXATPCHALLENGERMATCH-26APR18ROYHOU-HOU,29,244,28,647,27,277,26,526,23,1559,32,984,33,1761,34,727,35,643,36,1,30.5
2026-04-18 01:43:23 AM,KXATPCHALLENGERMATCH-26APR18ROYHOU-HOU,29,91,28,647,27,277,26,526,23,1559,32,984,33,1761,34,727,35,643,36,1,30.5
2026-04-18 01:43:23 AM,KXATPCHALLENGERMATCH-26APR18ROYHOU-HOU,29,91,28,647,27,430,26,526,23,1559,32,984,33,1761,34,727,35,643,36,1,30.5
2026-04-18 01:43:23 AM,KXATPCHALLENGERMATCH-26APR18ROYHOU-HOU,29,91,28,647,27,430,26,526,23,2259,32,984,33,1761,34,727,35,643,36,1,30.5
2026-04-18 01:43:23 AM,KXATPCHALLENGERMATCH-26APR18ROYHOU-HOU,29,91,28,647,27,277,26,526,23,2259,32,984,33,1761,34,727,35,643,36,1,30.5
2026-04-18 01:43:23 AM,KXATPCHALLENGERMATCH-26APR18ROYHOU-HOU,29,244,28,647,27,277,26,526,23,2259,32,984,33,1761,34,727,35,643,36,1,30.5
2026-04-18 01:43:24 AM,KXATPCHALLENGERMATCH-26APR18ROYHOU-HOU,29,244,28,647,27,277,26,526,23,1559,32,984,33,1761,34,727,35,643,36,1,30.5
2026-04-18 01:43:24 AM,KXATPCHALLENGERMATCH-26APR18ROYHOU-HOU,29,91,28,647,27,277,26,526,23,1559,32,984,33,1761,34,727,35,643,36,1,30.5
2026-04-18 01:43:24 AM,KXATPCHALLENGERMATCH-26APR18ROYHOU-HOU,29,91,28,647,27,430,26,526,23,1559,32,984,33,1761,34,727,35,643,36,1,30.5
2026-04-18 01:43:24 AM,KXATPCHALLENGERMATCH-26APR18ROYHOU-HOU,29,91,28,647,27,277,26,526,23,1559,32,984,33,1761,34,727,35,643,36,1,30.5
2026-04-18 01:43:24 AM,KXATPCHALLENGERMATCH-26APR18ROYHOU-HOU,29,244,28,647,27,277,26,526,23,1559,32,984,33,1761,34,727,35,643,36,1,30.5
2026-04-18 01:43:24 AM,KXATPCHALLENGERMATCH-26APR18ROYHOU-HOU,29,91,28,647,27,277,26,526,23,1559,32,984,33,1761,34,727,35,643,36,1,30.5
2026-04-18 01:43:24 AM,KXATPCHALLENGERMATCH-26APR18ROYHOU-HOU,29,91,28,647,27,430,26,526,23,1559,32,984,33,1761,34,727,35,643,36,1,30.5
2026-04-18 01:43:25 AM,KXATPCHALLENGERMATCH-26APR18ROYHOU-HOU,29,91,28,647,27,277,26,526,23,1559,32,984,33,1761,34,727,35,643,36,1,30.5
2026-04-18 01:43:25 AM,KXATPCHALLENGERMATCH-26APR18ROYHOU-HOU,29,244,28,647,27,277,26,526,23,1559,32,984,33,1761,34,727,35,643,36,1,30.5
2026-04-18 01:43:25 AM,KXATPCHALLENGERMATCH-26APR18ROYHOU-HOU,29,91,28,647,27,277,26,526,23,1559,32,984,33,1761,34,727,35,643,36,1,30.5
2026-04-18 01:43:25 AM,KXATPCHALLENGERMATCH-26APR18ROYHOU-HOU,29,91,28,647,27,430,26,526,23,1559,32,984,33,1761,34,727,35,643,36,1,30.5
2026-04-18 01:43:25 AM,KXATPCHALLENGERMATCH-26APR18ROYHOU-HOU,29,91,28,647,27,277,26,526,23,1559,32,984,33,1761,34,727,35,643,36,1,30.5
2026-04-18 01:43:25 AM,KXATPCHALLENGERMATCH-26APR18ROYHOU-HOU,29,244,28,647,27,277,26,526,23,1559,32,984,33,1761,34,727,35,643,36,1,30.5
2026-04-18 01:43:25 AM,KXATPCHALLENGERMATCH-26APR18ROYHOU-HOU,29,91,28,647,27,277,26,526,23,1559,32,984,33,1761,34,727,35,643,36,1,30.5
2026-04-18 01:43:25 AM,KXATPCHALLENGERMATCH-26APR18ROYHOU-HOU,29,91,28,647,27,430,26,526,23,1559,32,984,33,1761,34,727,35,643,36,1,30.5
2026-04-18 01:43:26 AM,KXATPCHALLENGERMATCH-26APR18ROYHOU-HOU,29,91,28,647,27,277,26,526,23,1559,32,984,33,1761,34,727,35,643,36,1,30.5
2026-04-18 01:43:26 AM,KXATPCHALLENGERMATCH-26APR18ROYHOU-HOU,29,244,28,647,27,277,26,526,23,1559,32,984,33,1761,34,727,35,643,36,1,30.5
2026-04-18 01:43:26 AM,KXATPCHALLENGERMATCH-26APR18ROYHOU-HOU,29,91,28,647,27,277,26,526,23,1559,32,984,33,1761,34,727,35,643,36,1,30.5
2026-04-18 01:43:26 AM,KXATPCHALLENGERMATCH-26APR18ROYHOU-HOU,29,91,28,647,27,430,26,526,23,1559,32,984,33,1761,34,727,35,643,36,1,30.5
2026-04-18 01:43:26 AM,KXATPCHALLENGERMATCH-26APR18ROYHOU-HOU,29,91,28,647,27,277,26,526,23,1559,32,984,33,1761,34,727,35,643,36,1,30.5
2026-04-18 01:43:26 AM,KXATPCHALLENGERMATCH-26APR18ROYHOU-HOU,29,244,28,647,27,277,26,526,23,1559,32,984,33,1761,34,727,35,643,36,1,30.5
2026-04-18 01:43:26 AM,KXATPCHALLENGERMATCH-26APR18ROYHOU-HOU,29,91,28,647,27,277,26,526,23,1559,32,984,33,1761,34,727,35,643,36,1,30.5
2026-04-18 01:43:27 AM,KXATPCHALLENGERMATCH-26APR18ROYHOU-HOU,29,91,28,647,27,430,26,526,23,1559,32,984,33,1761,34,727,35,643,36,1,30.5
2026-04-18 01:43:27 AM,KXATPCHALLENGERMATCH-26APR18ROYHOU-HOU,29,91,28,647,27,277,26,526,23,1559,32,984,33,1761,34,727,35,643,36,1,30.5
2026-04-18 01:43:27 AM,KXATPCHALLENGERMATCH-26APR18ROYHOU-HOU,29,244,28,647,27,277,26,526,23,1559,32,984,33,1761,34,727,35,643,36,1,30.5
2026-04-18 01:43:27 AM,KXATPCHALLENGERMATCH-26APR18ROYHOU-HOU,29,91,28,647,27,277,26,526,23,1559,32,984,33,1761,34,727,35,643,36,1,30.5
2026-04-18 01:43:27 AM,KXATPCHALLENGERMATCH-26APR18ROYHOU-HOU,29,91,28,647,27,430,26,526,23,1559,32,984,33,1761,34,727,35,643,36,1,30.5
2026-04-18 01:43:27 AM,KXATPCHALLENGERMATCH-26APR18ROYHOU-HOU,29,91,28,647,27,277,26,526,23,1559,32,984,33,1761,34,727,35,643,36,1,30.5
2026-04-18 01:43:27 AM,KXATPCHALLENGERMATCH-26APR18ROYHOU-HOU,29,244,28,647,27,277,26,526,23,1559,32,984,33,1761,34,727,35,643,36,1,30.5
2026-04-18 01:43:28 AM,KXATPCHALLENGERMATCH-26APR18ROYHOU-HOU,29,91,28,647,27,277,26,526,23,1559,32,984,33,1761,34,727,35,643,36,1,30.5
2026-04-18 01:43:28 AM,KXATPCHALLENGERMATCH-26APR18ROYHOU-HOU,29,91,28,647,27,430,26,526,23,1559,32,984,33,1761,34,727,35,643,36,1,30.5
2026-04-18 01:43:28 AM,KXATPCHALLENGERMATCH-26APR18ROYHOU-HOU,29,91,28,647,27,277,26,526,23,1559,32,984,33,1761,34,727,35,643,36,1,30.5
2026-04-18 01:43:28 AM,KXATPCHALLENGERMATCH-26APR18ROYHOU-HOU,29,244,28,647,27,277,26,526,23,1559,32,984,33,1761,34,727,35,643,36,1,30.5
2026-04-18 01:43:28 AM,KXATPCHALLENGERMATCH-26APR18ROYHOU-HOU,29,91,28,647,27,277,26,526,23,1559,32,984,33,1761,34,727,35,643,36,1,30.5
2026-04-18 01:43:28 AM,KXATPCHALLENGERMATCH-26APR18ROYHOU-HOU,29,91,28,647,27,430,26,526,23,1559,32,984,33,1761,34,727,35,643,36,1,30.5
2026-04-18 01:43:28 AM,KXATPCHALLENGERMATCH-26APR18ROYHOU-HOU,29,91,28,647,27,277,26,526,23,1559,32,984,33,1761,34,727,35,643,36,1,30.5
2026-04-18 01:43:28 AM,KXATPCHALLENGERMATCH-26APR18ROYHOU-HOU,29,244,28,647,27,277,26,526,23,1559,32,984,33,1761,34,727,35,643,36,1,30.5
2026-04-18 01:43:29 AM,KXATPCHALLENGERMATCH-26APR18ROYHOU-HOU,29,91,28,647,27,277,26,526,23,1559,32,984,33,1761,34,727,35,643,36,1,30.5
2026-04-18 01:43:29 AM,KXATPCHALLENGERMATCH-26APR18ROYHOU-HOU,29,91,28,647,27,430,26,526,23,1559,32,984,33,1761,34,727,35,643,36,1,30.5
2026-04-18 01:43:29 AM,KXATPCHALLENGERMATCH-26APR18ROYHOU-HOU,29,91,28,647,27,277,26,526,23,1559,32,984,33,1761,34,727,35,643,36,1,30.5
2026-04-18 01:43:29 AM,KXATPCHALLENGERMATCH-26APR18ROYHOU-HOU,29,244,28,647,27,277,26,526,23,1559,32,984,33,1761,34,727,35,643,36,1,30.5
2026-04-18 01:43:29 AM,KXATPCHALLENGERMATCH-26APR18ROYHOU-HOU,29,91,28,647,27,277,26,526,23,1559,32,984,33,1761,34,727,35,643,36,1,30.5
2026-04-18 01:43:29 AM,KXATPCHALLENGERMATCH-26APR18ROYHOU-HOU,29,91,28,647,27,430,26,526,23,1559,32,984,33,1761,34,727,35,643,36,1,30.5
2026-04-18 01:43:29 AM,KXATPCHALLENGERMATCH-26APR18ROYHOU-HOU,29,91,28,647,27,277,26,526,23,1559,32,984,33,1761,34,727,35,643,36,1,30.5
2026-04-18 01:43:30 AM,KXATPCHALLENGERMATCH-26APR18ROYHOU-HOU,29,244,28,647,27,277,26,526,23,1559,32,984,33,1761,34,727,35,643,36,1,30.5
2026-04-18 01:43:30 AM,KXATPCHALLENGERMATCH-26APR18ROYHOU-HOU,29,91,28,647,27,277,26,526,23,1559,32,984,33,1761,34,727,35,643,36,1,30.5
2026-04-18 01:43:30 AM,KXATPCHALLENGERMATCH-26APR18ROYHOU-HOU,29,91,28,647,27,430,26,526,23,1559,32,984,33,1761,34,727,35,643,36,1,30.5
2026-04-18 01:43:30 AM,KXATPCHALLENGERMATCH-26APR18ROYHOU-HOU,29,91,28,647,27,277,26,526,23,1559,32,984,33,1761,34,727,35,643,36,1,30.5
2026-04-18 01:43:30 AM,KXATPCHALLENGERMATCH-26APR18ROYHOU-HOU,29,244,28,647,27,277,26,526,23,1559,32,984,33,1761,34,727,35,643,36,1,30.5
2026-04-18 01:43:30 AM,KXATPCHALLENGERMATCH-26APR18ROYHOU-HOU,29,91,28,647,27,277,26,526,23,1559,32,984,33,1761,34,727,35,643,36,1,30.5
2026-04-18 01:43:30 AM,KXATPCHALLENGERMATCH-26APR18ROYHOU-HOU,29,91,28,647,27,430,26,526,23,1559,32,984,33,1761,34,727,35,643,36,1,30.5
2026-04-18 01:43:31 AM,KXATPCHALLENGERMATCH-26APR18ROYHOU-HOU,29,91,28,647,27,277,26,526,23,1559,32,984,33,1761,34,727,35,643,36,1,30.5
2026-04-18 01:43:31 AM,KXATPCHALLENGERMATCH-26APR18ROYHOU-HOU,29,244,28,647,27,277,26,526,23,1559,32,984,33,1761,34,727,35,643,36,1,30.5
2026-04-18 01:43:31 AM,KXATPCHALLENGERMATCH-26APR18ROYHOU-HOU,29,91,28,647,27,277,26,526,23,1559,32,984,33,1761,34,727,35,643,36,1,30.5
2026-04-18 01:43:31 AM,KXATPCHALLENGERMATCH-26APR18ROYHOU-HOU,29,91,28,647,27,430,26,526,23,1559,32,984,33,1761,34,727,35,643,36,1,30.5
2026-04-18 01:43:31 AM,KXATPCHALLENGERMATCH-26APR18ROYHOU-HOU,29,91,28,647,27,277,26,526,23,1559,32,984,33,1761,34,727,35,643,36,1,30.5
2026-04-18 01:43:31 AM,KXATPCHALLENGERMATCH-26APR18ROYHOU-HOU,29,244,28,647,27,277,26,526,23,1559,32,984,33,1761,34,727,35,643,36,1,30.5
2026-04-18 01:43:31 AM,KXATPCHALLENGERMATCH-26APR18ROYHOU-HOU,29,91,28,647,27,277,26,526,23,1559,32,984,33,1761,34,727,35,643,36,1,30.5
2026-04-18 01:43:31 AM,KXATPCHALLENGERMATCH-26APR18ROYHOU-HOU,29,91,28,647,27,430,26,526,23,1559,32,984,33,1761,34,727,35,643,36,1,30.5
2026-04-18 01:43:32 AM,KXATPCHALLENGERMATCH-26APR18ROYHOU-HOU,29,91,28,647,27,277,26,526,23,1559,32,984,33,1761,34,727,35,643,36,1,30.5
2026-04-18 01:43:32 AM,KXATPCHALLENGERMATCH-26APR18ROYHOU-HOU,29,244,28,647,27,277,26,526,23,1559,32,984,33,1761,34,727,35,643,36,1,30.5
2026-04-18 01:43:32 AM,KXATPCHALLENGERMATCH-26APR18ROYHOU-HOU,29,91,28,647,27,277,26,526,23,1559,32,984,33,1761,34,727,35,643,36,1,30.5
2026-04-18 01:43:32 AM,KXATPCHALLENGERMATCH-26APR18ROYHOU-HOU,29,91,28,647,27,430,26,526,23,1559,32,984,33,1761,34,727,35,643,36,1,30.5
2026-04-18 01:43:32 AM,KXATPCHALLENGERMATCH-26APR18ROYHOU-HOU,29,91,28,647,27,277,26,526,23,1559,32,984,33,1761,34,727,35,643,36,1,30.5
2026-04-18 01:43:32 AM,KXATPCHALLENGERMATCH-26APR18ROYHOU-HOU,29,244,28,647,27,277,26,526,23,1559,32,984,33,1761,34,727,35,643,36,1,30.5
2026-04-18 01:43:33 AM,KXATPCHALLENGERMATCH-26APR18ROYHOU-HOU,29,91,28,647,27,277,26,526,23,1559,32,984,33,1761,34,727,35,643,36,1,30.5
2026-04-18 01:43:33 AM,KXATPCHALLENGERMATCH-26APR18ROYHOU-HOU,29,91,28,647,27,430,26,526,23,1559,32,984,33,1761,34,727,35,643,36,1,30.5
2026-04-18 01:43:33 AM,KXATPCHALLENGERMATCH-26APR18ROYHOU-HOU,29,91,28,647,27,277,26,526,23,1559,32,984,33,1761,34,727,35,643,36,1,30.5
2026-04-18 01:43:33 AM,KXATPCHALLENGERMATCH-26APR18ROYHOU-HOU,29,244,28,647,27,277,26,526,23,1559,32,984,33,1761,34,727,35,643,36,1,30.5
2026-04-18 01:43:33 AM,KXATPCHALLENGERMATCH-26APR18ROYHOU-HOU,29,91,28,647,27,277,26,526,23,1559,32,984,33,1761,34,727,35,643,36,1,30.5
2026-04-18 01:43:33 AM,KXATPCHALLENGERMATCH-26APR18ROYHOU-HOU,29,91,28,647,27,430,26,526,23,1559,32,984,33,1761,34,727,35,643,36,1,30.5
2026-04-18 01:43:33 AM,KXATPCHALLENGERMATCH-26APR18ROYHOU-HOU,29,91,28,647,27,277,26,526,23,1559,32,984,33,1761,34,727,35,643,36,1,30.5
2026-04-18 01:43:33 AM,KXATPCHALLENGERMATCH-26APR18ROYHOU-HOU,29,244,28,647,27,277,26,526,23,1559,32,984,33,1761,34,727,35,643,36,1,30.5
2026-04-18 01:43:34 AM,KXATPCHALLENGERMATCH-26APR18ROYHOU-HOU,29,91,28,647,27,277,26,526,23,1559,32,984,33,1761,34,727,35,643,36,1,30.5
2026-04-18 01:43:34 AM,KXATPCHALLENGERMATCH-26APR18ROYHOU-HOU,29,91,28,647,27,430,26,526,23,1559,32,984,33,1761,34,727,35,643,36,1,30.5
2026-04-18 01:43:34 AM,KXATPCHALLENGERMATCH-26APR18ROYHOU-HOU,29,91,28,647,27,277,26,526,23,1559,32,984,33,1761,34,727,35,643,36,1,30.5
2026-04-18 01:43:34 AM,KXATPCHALLENGERMATCH-26APR18ROYHOU-HOU,29,244,28,647,27,277,26,526,23,1559,32,984,33,1761,34,727,35,643,36,1,30.5
2026-04-18 01:43:34 AM,KXATPCHALLENGERMATCH-26APR18ROYHOU-HOU,29,91,28,647,27,277,26,526,23,1559,32,984,33,1761,34,727,35,643,36,1,30.5
2026-04-18 01:43:34 AM,KXATPCHALLENGERMATCH-26APR18ROYHOU-HOU,29,91,28,647,27,430,26,526,23,1559,32,984,33,1761,34,727,35,643,36,1,30.5
2026-04-18 01:43:35 AM,KXATPCHALLENGERMATCH-26APR18ROYHOU-HOU,29,91,28,647,27,277,26,526,23,1559,32,984,33,1761,34,727,35,643,36,1,30.5
2026-04-18 01:43:35 AM,KXATPCHALLENGERMATCH-26APR18ROYHOU-HOU,29,244,28,647,27,277,26,526,23,1559,32,984,33,1761,34,727,35,643,36,1,30.5
2026-04-18 01:43:35 AM,KXATPCHALLENGERMATCH-26APR18ROYHOU-HOU,29,91,28,647,27,277,26,526,23,1559,32,984,33,1761,34,727,35,643,36,1,30.5
2026-04-18 01:43:35 AM,KXATPCHALLENGERMATCH-26APR18ROYHOU-HOU,29,91,28,647,27,430,26,526,23,1559,32,984,33,1761,34,727,35,643,36,1,30.5
2026-04-18 01:43:35 AM,KXATPCHALLENGERMATCH-26APR18ROYHOU-HOU,29,91,28,647,27,277,26,526,23,1559,32,984,33,1761,34,727,35,643,36,1,30.5
2026-04-18 01:43:35 AM,KXATPCHALLENGERMATCH-26APR18ROYHOU-HOU,29,244,28,647,27,277,26,526,23,1559,32,984,33,1761,34,727,35,643,36,1,30.5
2026-04-18 01:43:35 AM,KXATPCHALLENGERMATCH-26APR18ROYHOU-HOU,29,91,28,647,27,277,26,526,23,1559,32,984,33,1761,34,727,35,643,36,1,30.5
2026-04-18 01:43:35 AM,KXATPCHALLENGERMATCH-26APR18ROYHOU-HOU,29,91,28,647,27,430,26,526,23,1559,32,984,33,1761,34,727,35,643,36,1,30.5
2026-04-18 01:43:36 AM,KXATPCHALLENGERMATCH-26APR18ROYHOU-HOU,29,91,28,647,27,277,26,526,23,1559,32,984,33,1761,34,727,35,643,36,1,30.5
2026-04-18 01:43:36 AM,KXATPCHALLENGERMATCH-26APR18ROYHOU-HOU,29,244,28,647,27,277,26,526,23,1559,32,984,33,1761,34,727,35,643,36,1,30.5
2026-04-18 01:43:36 AM,KXATPCHALLENGERMATCH-26APR18ROYHOU-HOU,29,91,28,647,27,277,26,526,23,1559,32,984,33,1761,34,727,35,643,36,1,30.5
2026-04-18 01:43:36 AM,KXATPCHALLENGERMATCH-26APR18ROYHOU-HOU,29,91,28,647,27,430,26,526,23,1559,32,984,33,1761,34,727,35,643,36,1,30.5
2026-04-18 01:43:36 AM,KXATPCHALLENGERMATCH-26APR18ROYHOU-HOU,29,91,28,647,27,277,26,526,23,1559,32,984,33,1761,34,727,35,643,36,1,30.5
2026-04-18 01:43:36 AM,KXATPCHALLENGERMATCH-26APR18ROYHOU-HOU,29,244,28,647,27,277,26,526,23,1559,32,984,33,1761,34,727,35,643,36,1,30.5
2026-04-18 01:43:36 AM,KXATPCHALLENGERMATCH-26APR18ROYHOU-HOU,29,91,28,647,27,277,26,526,23,1559,32,984,33,1761,34,727,35,643,36,1,30.5
2026-04-18 01:43:36 AM,KXATPCHALLENGERMATCH-26APR18ROYHOU-HOU,29,91,28,647,27,430,26,526,23,1559,32,984,33,1761,34,727,35,643,36,1,30.5
2026-04-18 01:43:37 AM,KXATPCHALLENGERMATCH-26APR18ROYHOU-HOU,29,91,28,647,27,277,26,526,23,1559,32,984,33,1761,34,727,35,643,36,1,30.5
2026-04-18 01:43:37 AM,KXATPCHALLENGERMATCH-26APR18ROYHOU-HOU,29,244,28,647,27,277,26,526,23,1559,32,984,33,1761,34,727,35,643,36,1,30.5
2026-04-18 01:43:37 AM,KXATPCHALLENGERMATCH-26APR18ROYHOU-HOU,29,91,28,647,27,277,26,526,23,1559,32,984,33,1761,34,727,35,643,36,1,30.5
2026-04-18 01:43:37 AM,KXATPCHALLENGERMATCH-26APR18ROYHOU-HOU,29,91,28,647,27,430,26,526,23,1559,32,984,33,1761,34,727,35,643,36,1,30.5
2026-04-18 01:43:37 AM,KXATPCHALLENGERMATCH-26APR18ROYHOU-HOU,29,91,28,647,27,277,26,526,23,1559,32,984,33,1761,34,727,35,643,36,1,30.5
2026-04-18 01:43:37 AM,KXATPCHALLENGERMATCH-26APR18ROYHOU-HOU,29,244,28,647,27,277,26,526,23,1559,32,984,33,1761,34,727,35,643,36,1,30.5
2026-04-18 01:43:38 AM,KXATPCHALLENGERMATCH-26APR18ROYHOU-HOU,29,91,28,647,27,277,26,526,23,1559,32,984,33,1761,34,727,35,643,36,1,30.5
2026-04-18 01:43:38 AM,KXATPCHALLENGERMATCH-26APR18ROYHOU-HOU,29,91,28,647,27,430,26,526,23,1559,32,984,33,1761,34,727,35,643,36,1,30.5
2026-04-18 01:43:38 AM,KXATPCHALLENGERMATCH-26APR18ROYHOU-HOU,29,91,28,647,27,277,26,526,23,1559,32,984,33,1761,34,727,35,643,36,1,30.5
2026-04-18 01:43:38 AM,KXATPCHALLENGERMATCH-26APR18ROYHOU-HOU,29,244,28,647,27,277,26,526,23,1559,32,984,33,1761,34,727,35,643,36,1,30.5
2026-04-18 01:43:38 AM,KXATPCHALLENGERMATCH-26APR18ROYHOU-HOU,29,91,28,647,27,277,26,526,23,1559,32,984,33,1761,34,727,35,643,36,1,30.5
2026-04-18 01:43:38 AM,KXATPCHALLENGERMATCH-26APR18ROYHOU-HOU,29,91,28,647,27,430,26,526,23,1559,32,984,33,1761,34,727,35,643,36,1,30.5
2026-04-18 01:43:38 AM,KXATPCHALLENGERMATCH-26APR18ROYHOU-HOU,29,91,28,647,27,277,26,526,23,1559,32,984,33,1761,34,727,35,643,36,1,30.5
2026-04-18 01:43:38 AM,KXATPCHALLENGERMATCH-26APR18ROYHOU-HOU,29,244,28,647,27,277,26,526,23,1559,32,984,33,1761,34,727,35,643,36,1,30.5
2026-04-18 01:43:39 AM,KXATPCHALLENGERMATCH-26APR18ROYHOU-HOU,29,91,28,647,27,277,26,526,23,1559,32,984,33,1761,34,727,35,643,36,1,30.5
2026-04-18 01:43:39 AM,KXATPCHALLENGERMATCH-26APR18ROYHOU-HOU,29,91,28,647,27,430,26,526,23,1559,32,984,33,1761,34,727,35,643,36,1,30.5
2026-04-18 01:43:39 AM,KXATPCHALLENGERMATCH-26APR18ROYHOU-HOU,29,91,28,647,27,277,26,526,23,1559,32,984,33,1761,34,727,35,643,36,1,30.5
2026-04-18 01:43:39 AM,KXATPCHALLENGERMATCH-26APR18ROYHOU-HOU,29,244,28,647,27,277,26,526,23,1559,32,984,33,1761,34,727,35,643,36,1,30.5
2026-04-18 01:43:39 AM,KXATPCHALLENGERMATCH-26APR18ROYHOU-HOU,29,91,28,647,27,277,26,526,23,1559,32,984,33,1761,34,727,35,643,36,1,30.5
2026-04-18 01:43:39 AM,KXATPCHALLENGERMATCH-26APR18ROYHOU-HOU,29,91,28,647,27,430,26,526,23,1559,32,984,33,1761,34,727,35,643,36,1,30.5
2026-04-18 01:43:40 AM,KXATPCHALLENGERMATCH-26APR18ROYHOU-HOU,29,91,28,647,27,277,26,526,23,1559,32,984,33,1761,34,727,35,643,36,1,30.5
2026-04-18 01:43:40 AM,KXATPCHALLENGERMATCH-26APR18ROYHOU-HOU,29,244,28,647,27,277,26,526,23,1559,32,984,33,1761,34,727,35,643,36,1,30.5
2026-04-18 01:43:40 AM,KXATPCHALLENGERMATCH-26APR18ROYHOU-HOU,29,91,28,647,27,277,26,526,23,1559,32,984,33,1761,34,727,35,643,36,1,30.5
2026-04-18 01:43:40 AM,KXATPCHALLENGERMATCH-26APR18ROYHOU-HOU,29,91,28,647,27,430,26,526,23,1559,32,984,33,1761,34,727,35,643,36,1,30.5
2026-04-18 01:43:40 AM,KXATPCHALLENGERMATCH-26APR18ROYHOU-HOU,29,91,28,647,27,277,26,526,23,1559,32,984,33,1761,34,727,35,643,36,1,30.5
2026-04-18 01:43:40 AM,KXATPCHALLENGERMATCH-26APR18ROYHOU-HOU,29,244,28,647,27,277,26,526,23,1559,32,984,33,1761,34,727,35,643,36,1,30.5
2026-04-18 01:43:40 AM,KXATPCHALLENGERMATCH-26APR18ROYHOU-HOU,29,91,28,647,27,277,26,526,23,1559,32,984,33,1761,34,727,35,643,36,1,30.5
2026-04-18 01:43:40 AM,KXATPCHALLENGERMATCH-26APR18ROYHOU-HOU,29,91,28,647,27,430,26,526,23,1559,32,984,33,1761,34,727,35,643,36,1,30.5
2026-04-18 01:43:41 AM,KXATPCHALLENGERMATCH-26APR18ROYHOU-HOU,29,91,28,647,27,277,26,526,23,1559,32,984,33,1761,34,727,35,643,36,1,30.5
2026-04-18 01:43:41 AM,KXATPCHALLENGERMATCH-26APR18ROYHOU-HOU,29,244,28,647,27,277,26,526,23,1559,32,984,33,1761,34,727,35,643,36,1,30.5
2026-04-18 01:43:41 AM,KXATPCHALLENGERMATCH-26APR18ROYHOU-HOU,29,91,28,647,27,277,26,526,23,1559,32,984,33,1761,34,727,35,643,36,1,30.5
2026-04-18 01:43:41 AM,KXATPCHALLENGERMATCH-26APR18ROYHOU-HOU,29,91,28,647,27,430,26,526,23,1559,32,984,33,1761,34,727,35,643,36,1,30.5
2026-04-18 01:43:41 AM,KXATPCHALLENGERMATCH-26APR18ROYHOU-HOU,29,91,28,647,27,277,26,526,23,1559,32,984,33,1761,34,727,35,643,36,1,30.5
2026-04-18 01:43:41 AM,KXATPCHALLENGERMATCH-26APR18ROYHOU-HOU,29,244,28,647,27,277,26,526,23,1559,32,984,33,1761,34,727,35,643,36,1,30.5
2026-04-18 01:43:41 AM,KXATPCHALLENGERMATCH-26APR18ROYHOU-HOU,29,91,28,647,27,277,26,526,23,1559,32,984,33,1761,34,727,35,643,36,1,30.5
2026-04-18 01:43:42 AM,KXATPCHALLENGERMATCH-26APR18ROYHOU-HOU,29,91,28,647,27,430,26,526,23,1559,32,984,33,1761,34,727,35,643,36,1,30.5
2026-04-18 01:43:42 AM,KXATPCHALLENGERMATCH-26APR18ROYHOU-HOU,29,91,28,647,27,277,26,526,23,1559,32,984,33,1761,34,727,35,643,36,1,30.5
2026-04-18 01:43:42 AM,KXATPCHALLENGERMATCH-26APR18ROYHOU-HOU,29,244,28,647,27,277,26,526,23,1559,32,984,33,1761,34,727,35,643,36,1,30.5
