ts_et,ticker,bid_1,bid_1_sz,bid_2,bid_2_sz,bid_3,bid_3_sz,bid_4,bid_4_sz,bid_5,bid_5_sz,ask_1,ask_1_sz,ask_2,ask_2_sz,ask_3,ask_3_sz,ask_4,ask_4_sz,ask_5,ask_5_sz,mid
2026-04-17 09:43:06 PM,KXATPMATCH-26APR18RUBMED-RUB,60,8053,59,16909,58,5835,57,1443,55,400,62,164,63,9384,64,13596,65,7144,66,2464,61.0
2026-04-17 09:44:11 PM,KXATPMATCH-26APR18RUBMED-RUB,60,8053,59,16909,58,5835,57,1443,55,400,62,164,63,9385,64,13596,65,7144,66,2464,61.0
2026-04-17 09:44:13 PM,KXATPMATCH-26APR18RUBMED-RUB,60,8053,59,16909,58,5835,57,1443,55,400,62,164,63,9384,64,13596,65,7144,66,2464,61.0
2026-04-17 09:44:13 PM,KXATPMATCH-26APR18RUBMED-RUB,60,8053,59,16909,58,12435,57,1443,55,400,62,164,63,9384,64,13596,65,7144,66,2464,61.0
2026-04-17 09:45:07 PM,KXATPMATCH-26APR18RUBMED-RUB,60,8053,59,16909,58,12481,57,1443,55,400,62,164,63,9384,64,13596,65,7144,66,2464,61.0
2026-04-17 09:45:54 PM,KXATPMATCH-26APR18RUBMED-RUB,60,8053,59,16909,58,5881,57,1443,55,400,62,164,63,9384,64,13596,65,7144,66,2464,61.0
2026-04-17 09:46:25 PM,KXATPMATCH-26APR18RUBMED-RUB,60,8053,59,16909,58,5881,57,1443,55,400,62,160,63,9384,64,13596,65,7144,66,2464,61.0
2026-04-17 09:46:25 PM,KXATPMATCH-26APR18RUBMED-RUB,60,7803,59,16909,58,5881,57,1443,55,400,62,160,63,9384,64,13596,65,7144,66,2464,61.0
2026-04-17 09:46:25 PM,KXATPMATCH-26APR18RUBMED-RUB,61,250,60,7803,59,16909,58,5881,57,1443,62,160,63,9384,64,13596,65,7144,66,2464,61.5
2026-04-17 09:46:25 PM,KXATPMATCH-26APR18RUBMED-RUB,61,250,60,7803,59,16909,58,5881,57,1443,62,160,63,9134,64,13596,65,7144,66,2464,61.5
2026-04-17 09:46:25 PM,KXATPMATCH-26APR18RUBMED-RUB,61,250,60,7803,59,16909,58,5881,57,1443,62,160,63,9134,64,13846,65,7144,66,2464,61.5
2026-04-17 09:47:14 PM,KXATPMATCH-26APR18RUBMED-RUB,61,250,60,7803,59,16909,58,5881,57,1443,62,4,63,9134,64,13846,65,7144,66,2464,61.5
2026-04-17 09:47:30 PM,KXATPMATCH-26APR18RUBMED-RUB,61,250,60,7803,59,16909,58,5881,57,1443,63,9134,64,13846,65,7144,66,2464,67,101,62.0
2026-04-17 09:47:30 PM,KXATPMATCH-26APR18RUBMED-RUB,61,250,60,7803,59,16909,58,5881,57,1443,63,9132,64,13846,65,7144,66,2464,67,101,62.0
2026-04-17 09:47:30 PM,KXATPMATCH-26APR18RUBMED-RUB,61,250,60,7803,59,16909,58,5881,57,1443,63,9132,64,13846,65,9254,66,2464,67,101,62.0
2026-04-17 09:47:40 PM,KXATPMATCH-26APR18RUBMED-RUB,61,250,60,7803,59,16909,58,5881,57,1443,63,9082,64,13846,65,9254,66,2464,67,101,62.0
2026-04-17 09:48:22 PM,KXATPMATCH-26APR18RUBMED-RUB,61,255,60,7803,59,16909,58,5881,57,1443,63,9082,64,13846,65,9254,66,2464,67,101,62.0
2026-04-17 09:48:29 PM,KXATPMATCH-26APR18RUBMED-RUB,61,255,60,7813,59,16909,58,5881,57,1443,63,9082,64,13846,65,9254,66,2464,67,101,62.0
2026-04-17 09:48:35 PM,KXATPMATCH-26APR18RUBMED-RUB,61,255,60,7813,59,16914,58,5881,57,1443,63,9082,64,13846,65,9254,66,2464,67,101,62.0
2026-04-17 09:48:35 PM,KXATPMATCH-26APR18RUBMED-RUB,61,255,60,7813,59,16914,58,12481,57,1443,63,9082,64,13846,65,9254,66,2464,67,101,62.0
2026-04-17 09:49:06 PM,KXATPMATCH-26APR18RUBMED-RUB,61,255,60,7813,59,16914,58,12481,57,1443,63,9083,64,13846,65,9254,66,2464,67,101,62.0
2026-04-17 09:49:06 PM,KXATPMATCH-26APR18RUBMED-RUB,61,255,60,7813,59,16914,58,12481,57,1443,63,9082,64,13846,65,9254,66,2464,67,101,62.0
2026-04-17 09:49:08 PM,KXATPMATCH-26APR18RUBMED-RUB,61,255,60,7813,59,16914,58,5881,57,1443,63,9082,64,13846,65,9254,66,2464,67,101,62.0
2026-04-17 09:49:14 PM,KXATPMATCH-26APR18RUBMED-RUB,61,255,60,7813,59,16914,58,11481,57,1443,63,9082,64,13846,65,9254,66,2464,67,101,62.0
2026-04-17 09:50:18 PM,KXATPMATCH-26APR18RUBMED-RUB,61,255,60,7813,59,16914,58,11481,57,1443,63,9119,64,13846,65,9254,66,2464,67,101,62.0
2026-04-17 09:50:18 PM,KXATPMATCH-26APR18RUBMED-RUB,61,255,60,7813,59,16914,58,12481,57,1443,63,9119,64,13846,65,9254,66,2464,67,101,62.0
2026-04-17 09:50:20 PM,KXATPMATCH-26APR18RUBMED-RUB,61,255,60,7813,59,16914,58,12481,57,1443,63,9120,64,13846,65,9254,66,2464,67,101,62.0
2026-04-17 09:50:21 PM,KXATPMATCH-26APR18RUBMED-RUB,61,255,60,7813,59,16914,58,12481,57,1443,63,9119,64,13846,65,9254,66,2464,67,101,62.0
2026-04-17 09:52:14 PM,KXATPMATCH-26APR18RUBMED-RUB,61,255,60,7813,59,16914,58,6881,57,1443,63,9119,64,13846,65,9254,66,2464,67,101,62.0
2026-04-17 09:53:08 PM,KXATPMATCH-26APR18RUBMED-RUB,61,255,60,7813,59,16914,58,5881,57,1443,63,9119,64,13846,65,9254,66,2464,67,101,62.0
2026-04-17 09:53:08 PM,KXATPMATCH-26APR18RUBMED-RUB,61,255,60,7838,59,16914,58,5881,57,1443,63,9119,64,13846,65,9254,66,2464,67,101,62.0
2026-04-17 09:53:55 PM,KXATPMATCH-26APR18RUBMED-RUB,61,255,60,7838,59,16914,58,5881,57,1443,63,9089,64,13846,65,9254,66,2464,67,101,62.0
2026-04-17 09:53:56 PM,KXATPMATCH-26APR18RUBMED-RUB,61,255,60,7838,59,16914,58,11481,57,1443,63,9089,64,13846,65,9254,66,2464,67,101,62.0
2026-04-17 09:53:56 PM,KXATPMATCH-26APR18RUBMED-RUB,61,255,60,7813,59,16914,58,11481,57,1443,63,9089,64,13846,65,9254,66,2464,67,101,62.0
2026-04-17 09:53:56 PM,KXATPMATCH-26APR18RUBMED-RUB,61,255,60,7813,59,16914,58,11481,57,1443,63,9052,64,13846,65,9254,66,2464,67,101,62.0
2026-04-17 09:54:47 PM,KXATPMATCH-26APR18RUBMED-RUB,61,255,60,7813,59,16914,58,11481,57,1443,63,9051,64,13846,65,9254,66,2464,67,101,62.0
2026-04-17 09:55:10 PM,KXATPMATCH-26APR18RUBMED-RUB,61,255,60,7813,59,16914,58,11481,57,1443,63,9056,64,13846,65,9254,66,2464,67,101,62.0
2026-04-17 09:55:10 PM,KXATPMATCH-26APR18RUBMED-RUB,61,255,60,7813,59,16914,58,5881,57,1443,63,9056,64,13846,65,9254,66,2464,67,101,62.0
2026-04-17 09:56:21 PM,KXATPMATCH-26APR18RUBMED-RUB,61,255,60,7813,59,16914,58,5881,57,1443,63,9057,64,13846,65,9254,66,2464,67,101,62.0
2026-04-17 09:56:21 PM,KXATPMATCH-26APR18RUBMED-RUB,61,255,60,7813,59,16914,58,5881,57,1443,63,9056,64,13846,65,9254,66,2464,67,101,62.0
2026-04-17 09:57:07 PM,KXATPMATCH-26APR18RUBMED-RUB,61,255,60,7813,59,16914,58,5881,57,1443,63,9057,64,13846,65,9254,66,2464,67,101,62.0
2026-04-17 09:57:07 PM,KXATPMATCH-26APR18RUBMED-RUB,61,255,60,7813,59,16914,58,11481,57,1443,63,9057,64,13846,65,9254,66,2464,67,101,62.0
2026-04-17 09:57:08 PM,KXATPMATCH-26APR18RUBMED-RUB,61,255,60,7813,59,16914,58,11481,57,1443,63,9056,64,13846,65,9254,66,2464,67,101,62.0
2026-04-17 09:58:01 PM,KXATPMATCH-26APR18RUBMED-RUB,61,255,60,7813,59,16914,58,5881,57,1443,63,9056,64,13846,65,9254,66,2464,67,101,62.0
2026-04-17 09:58:23 PM,KXATPMATCH-26APR18RUBMED-RUB,61,255,60,7813,59,16914,58,5881,57,1443,63,9006,64,13846,65,9254,66,2464,67,101,62.0
2026-04-17 10:00:46 PM,KXATPMATCH-26APR18RUBMED-RUB,61,255,60,7813,59,16914,58,5881,57,1443,63,8946,64,13846,65,9254,66,2464,67,101,62.0
2026-04-17 10:02:22 PM,KXATPMATCH-26APR18RUBMED-RUB,61,255,60,7813,59,16914,58,5881,57,1443,63,8947,64,13846,65,9254,66,2464,67,101,62.0
2026-04-17 10:02:22 PM,KXATPMATCH-26APR18RUBMED-RUB,61,255,60,7813,59,16914,58,5881,57,1443,63,8946,64,13846,65,9254,66,2464,67,101,62.0
2026-04-17 10:03:14 PM,KXATPMATCH-26APR18RUBMED-RUB,61,255,60,7813,59,16914,58,5881,57,1443,63,8947,64,13846,65,9254,66,2464,67,101,62.0
2026-04-17 10:03:16 PM,KXATPMATCH-26APR18RUBMED-RUB,61,255,60,7813,59,16914,58,5881,57,1443,63,8946,64,13846,65,9254,66,2464,67,101,62.0
2026-04-17 10:03:27 PM,KXATPMATCH-26APR18RUBMED-RUB,61,255,60,7813,59,16914,58,11481,57,1443,63,8946,64,13846,65,9254,66,2464,67,101,62.0
2026-04-17 10:05:30 PM,KXATPMATCH-26APR18RUBMED-RUB,61,255,60,7813,59,16914,58,5881,57,1443,63,8946,64,13846,65,9254,66,2464,67,101,62.0
2026-04-17 10:08:22 PM,KXATPMATCH-26APR18RUBMED-RUB,61,255,60,7813,59,16914,58,5881,57,1443,63,8947,64,13846,65,9254,66,2464,67,101,62.0
2026-04-17 10:08:22 PM,KXATPMATCH-26APR18RUBMED-RUB,61,255,60,7813,59,16914,58,11481,57,1443,63,8947,64,13846,65,9254,66,2464,67,101,62.0
2026-04-17 10:08:23 PM,KXATPMATCH-26APR18RUBMED-RUB,61,255,60,7813,59,16914,58,11481,57,1443,63,8946,64,13846,65,9254,66,2464,67,101,62.0
2026-04-17 10:08:46 PM,KXATPMATCH-26APR18RUBMED-RUB,61,255,60,7813,59,16914,58,5881,57,1443,63,8946,64,13846,65,9254,66,2464,67,101,62.0
2026-04-17 10:08:50 PM,KXATPMATCH-26APR18RUBMED-RUB,61,255,60,7813,59,16914,58,5881,57,1443,63,8940,64,13846,65,9254,66,2464,67,101,62.0
2026-04-17 10:09:15 PM,KXATPMATCH-26APR18RUBMED-RUB,61,255,60,7813,59,16914,58,5881,57,1443,63,8941,64,13846,65,9254,66,2464,67,101,62.0
2026-04-17 10:09:15 PM,KXATPMATCH-26APR18RUBMED-RUB,61,255,60,7813,59,16914,58,5881,57,1443,63,8940,64,13846,65,9254,66,2464,67,101,62.0
2026-04-17 10:09:26 PM,KXATPMATCH-26APR18RUBMED-RUB,61,255,60,7813,59,16914,58,5881,57,1443,63,8902,64,13846,65,9254,66,2464,67,101,62.0
2026-04-17 10:09:40 PM,KXATPMATCH-26APR18RUBMED-RUB,61,255,60,7813,59,16914,58,5881,57,1443,63,8899,64,13846,65,9254,66,2464,67,101,62.0
2026-04-17 10:11:22 PM,KXATPMATCH-26APR18RUBMED-RUB,61,255,60,7813,59,16914,58,5881,57,1443,63,8889,64,13846,65,9254,66,2464,67,101,62.0
2026-04-17 10:12:53 PM,KXATPMATCH-26APR18RUBMED-RUB,61,255,60,7813,59,16114,58,5881,57,1443,63,8889,64,13846,65,9254,66,2464,67,101,62.0
2026-04-17 10:12:53 PM,KXATPMATCH-26APR18RUBMED-RUB,61,255,60,7813,59,16114,58,5881,57,1443,63,8393,64,13846,65,9254,66,2464,67,101,62.0
2026-04-17 10:12:53 PM,KXATPMATCH-26APR18RUBMED-RUB,61,255,60,7830,59,16114,58,5881,57,1443,63,8393,64,13846,65,9254,66,2464,67,101,62.0
2026-04-17 10:12:53 PM,KXATPMATCH-26APR18RUBMED-RUB,61,734,60,7830,59,16114,58,5881,57,1443,63,8393,64,13846,65,9254,66,2464,67,101,62.0
2026-04-17 10:12:53 PM,KXATPMATCH-26APR18RUBMED-RUB,61,734,60,7830,59,16114,58,5881,57,1443,63,8393,64,14646,65,9254,66,2464,67,101,62.0
2026-04-17 10:14:24 PM,KXATPMATCH-26APR18RUBMED-RUB,61,734,60,7830,59,16114,58,5881,57,1443,63,8394,64,14646,65,9254,66,2464,67,101,62.0
2026-04-17 10:14:24 PM,KXATPMATCH-26APR18RUBMED-RUB,61,734,60,7830,59,16114,58,5881,57,1443,63,8393,64,14646,65,9254,66,2464,67,101,62.0
2026-04-17 10:15:15 PM,KXATPMATCH-26APR18RUBMED-RUB,61,734,60,7830,59,16114,58,5881,57,1443,63,8394,64,14646,65,9254,66,2464,67,101,62.0
2026-04-17 10:15:16 PM,KXATPMATCH-26APR18RUBMED-RUB,61,734,60,7830,59,16114,58,5881,57,1443,63,8393,64,14646,65,9254,66,2464,67,101,62.0
2026-04-17 10:16:54 PM,KXATPMATCH-26APR18RUBMED-RUB,61,734,60,7830,59,16114,58,5881,57,1443,63,6886,64,14646,65,9254,66,2464,67,101,62.0
2026-04-17 10:16:54 PM,KXATPMATCH-26APR18RUBMED-RUB,61,734,60,7830,59,16114,58,5881,57,1443,63,5233,64,14646,65,9254,66,2464,67,101,62.0
2026-04-17 10:16:54 PM,KXATPMATCH-26APR18RUBMED-RUB,61,734,60,7830,59,16114,58,14981,57,1443,63,5233,64,14646,65,9254,66,2464,67,101,62.0
2026-04-17 10:16:54 PM,KXATPMATCH-26APR18RUBMED-RUB,61,734,60,7830,59,16114,58,14981,57,1443,63,5233,64,17818,65,9254,66,2464,67,101,62.0
2026-04-17 10:17:02 PM,KXATPMATCH-26APR18RUBMED-RUB,61,734,60,7830,59,16114,58,14981,57,1443,63,8405,64,17818,65,9254,66,2464,67,101,62.0
2026-04-17 10:17:02 PM,KXATPMATCH-26APR18RUBMED-RUB,61,734,60,7830,59,16114,58,14981,57,1443,63,8405,64,14646,65,9254,66,2464,67,101,62.0
2026-04-17 10:18:55 PM,KXATPMATCH-26APR18RUBMED-RUB,61,734,60,7830,59,16114,58,14981,57,1443,63,8329,64,14646,65,9254,66,2464,67,101,62.0
2026-04-17 10:19:19 PM,KXATPMATCH-26APR18RUBMED-RUB,61,734,60,7830,59,16114,58,14981,57,1443,63,8255,64,14646,65,9254,66,2464,67,101,62.0
2026-04-17 10:19:19 PM,KXATPMATCH-26APR18RUBMED-RUB,61,734,60,7830,59,16114,58,15981,57,1443,63,8255,64,14646,65,9254,66,2464,67,101,62.0
2026-04-17 10:19:44 PM,KXATPMATCH-26APR18RUBMED-RUB,61,734,60,7830,59,16114,58,6881,57,1443,63,8255,64,14646,65,9254,66,2464,67,101,62.0
2026-04-17 10:19:44 PM,KXATPMATCH-26APR18RUBMED-RUB,61,734,60,7830,59,16114,58,14981,57,1443,63,8255,64,14646,65,9254,66,2464,67,101,62.0
2026-04-17 10:19:47 PM,KXATPMATCH-26APR18RUBMED-RUB,61,734,60,7830,59,16114,58,14981,57,1443,63,8242,64,14646,65,9254,66,2464,67,101,62.0
2026-04-17 10:19:55 PM,KXATPMATCH-26APR18RUBMED-RUB,61,734,60,7830,59,16114,58,6881,57,1443,63,8242,64,14646,65,9254,66,2464,67,101,62.0
2026-04-17 10:19:55 PM,KXATPMATCH-26APR18RUBMED-RUB,61,734,60,7830,59,16114,58,6881,57,1443,63,8142,64,14646,65,9254,66,2464,67,101,62.0
2026-04-17 10:19:55 PM,KXATPMATCH-26APR18RUBMED-RUB,61,734,60,7830,59,16368,58,6881,57,1443,63,8142,64,14646,65,9254,66,2464,67,101,62.0
2026-04-17 10:19:55 PM,KXATPMATCH-26APR18RUBMED-RUB,61,734,60,7830,59,16368,58,6881,57,1443,63,8142,64,14880,65,9254,66,2464,67,101,62.0
2026-04-17 10:20:25 PM,KXATPMATCH-26APR18RUBMED-RUB,61,734,60,7830,59,16368,58,6881,57,1443,63,8143,64,14880,65,9254,66,2464,67,101,62.0
2026-04-17 10:20:25 PM,KXATPMATCH-26APR18RUBMED-RUB,61,734,60,7830,59,16368,58,6881,57,1443,63,8142,64,14880,65,9254,66,2464,67,101,62.0
2026-04-17 10:20:46 PM,KXATPMATCH-26APR18RUBMED-RUB,61,734,60,7830,59,16368,58,6881,57,1443,63,8129,64,14880,65,9254,66,2464,67,101,62.0
2026-04-17 10:21:16 PM,KXATPMATCH-26APR18RUBMED-RUB,61,734,60,7830,59,16368,58,6881,57,1443,63,8130,64,14880,65,9254,66,2464,67,101,62.0
2026-04-17 10:21:16 PM,KXATPMATCH-26APR18RUBMED-RUB,61,734,60,7830,59,16368,58,6881,57,1443,63,8129,64,14880,65,9254,66,2464,67,101,62.0
2026-04-17 10:22:07 PM,KXATPMATCH-26APR18RUBMED-RUB,61,734,60,7830,59,16368,58,5881,57,1443,63,8129,64,14880,65,9254,66,2464,67,101,62.0
2026-04-17 10:22:07 PM,KXATPMATCH-26APR18RUBMED-RUB,61,734,60,7830,59,16368,58,13981,57,1443,63,8129,64,14880,65,9254,66,2464,67,101,62.0
2026-04-17 10:22:25 PM,KXATPMATCH-26APR18RUBMED-RUB,61,734,60,7830,59,16287,58,13981,57,1443,63,8129,64,14880,65,9254,66,2464,67,101,62.0
2026-04-17 10:22:25 PM,KXATPMATCH-26APR18RUBMED-RUB,61,734,60,7830,59,16304,58,13981,57,1443,63,8129,64,14880,65,9254,66,2464,67,101,62.0
2026-04-17 10:22:25 PM,KXATPMATCH-26APR18RUBMED-RUB,61,734,60,7830,59,16248,58,13981,57,1443,63,8129,64,14880,65,9254,66,2464,67,101,62.0
2026-04-17 10:22:25 PM,KXATPMATCH-26APR18RUBMED-RUB,61,734,60,7830,59,16248,58,13981,57,1443,63,8129,64,14655,65,9254,66,2464,67,101,62.0
2026-04-17 10:22:26 PM,KXATPMATCH-26APR18RUBMED-RUB,61,734,60,7830,59,16248,58,13981,57,1443,63,8129,64,14655,65,9485,66,2464,67,101,62.0
2026-04-17 10:22:46 PM,KXATPMATCH-26APR18RUBMED-RUB,61,734,60,7830,59,16368,58,13981,57,1443,63,8129,64,14655,65,9485,66,2464,67,101,62.0
2026-04-17 10:23:03 PM,KXATPMATCH-26APR18RUBMED-RUB,61,734,60,7830,59,16368,58,14981,57,1443,63,8129,64,14655,65,9485,66,2464,67,101,62.0
2026-04-17 10:23:21 PM,KXATPMATCH-26APR18RUBMED-RUB,61,734,60,7830,59,16368,58,13981,57,1443,63,8129,64,14655,65,9485,66,2464,67,101,62.0
2026-04-17 10:23:30 PM,KXATPMATCH-26APR18RUBMED-RUB,61,734,60,7830,59,16368,58,5881,57,1443,63,8129,64,14655,65,9485,66,2464,67,101,62.0
2026-04-17 10:24:11 PM,KXATPMATCH-26APR18RUBMED-RUB,61,734,60,7802,59,16368,58,5881,57,1443,63,8129,64,14655,65,9485,66,2464,67,101,62.0
2026-04-17 10:24:11 PM,KXATPMATCH-26APR18RUBMED-RUB,61,734,60,7802,59,16264,58,5881,57,1443,63,8129,64,14655,65,9485,66,2464,67,101,62.0
2026-04-17 10:24:11 PM,KXATPMATCH-26APR18RUBMED-RUB,61,734,60,7738,59,16264,58,5881,57,1443,63,8129,64,14655,65,9485,66,2464,67,101,62.0
2026-04-17 10:24:11 PM,KXATPMATCH-26APR18RUBMED-RUB,61,734,60,7738,59,16212,58,5881,57,1443,63,8129,64,14655,65,9485,66,2464,67,101,62.0
2026-04-17 10:24:11 PM,KXATPMATCH-26APR18RUBMED-RUB,61,734,60,7738,59,16212,58,5881,57,1443,63,8129,64,14655,65,8954,66,2464,67,101,62.0
2026-04-17 10:24:11 PM,KXATPMATCH-26APR18RUBMED-RUB,61,734,60,7738,59,16212,58,5973,57,1443,63,8129,64,14655,65,8954,66,2464,67,101,62.0
2026-04-17 10:24:11 PM,KXATPMATCH-26APR18RUBMED-RUB,61,734,60,7738,59,16319,58,5973,57,1443,63,8129,64,14655,65,8954,66,2464,67,101,62.0
2026-04-17 10:24:11 PM,KXATPMATCH-26APR18RUBMED-RUB,61,734,60,7738,59,16319,58,5973,57,1443,62,380,63,8129,64,14655,65,8954,66,2464,61.5
2026-04-17 10:24:11 PM,KXATPMATCH-26APR18RUBMED-RUB,61,734,60,7738,59,16319,58,5973,57,1443,62,380,63,8129,64,14655,65,6844,66,2464,61.5
2026-04-17 10:24:11 PM,KXATPMATCH-26APR18RUBMED-RUB,61,734,60,7738,59,16319,58,5973,57,1443,62,380,63,8129,64,16765,65,6844,66,2464,61.5
2026-04-17 10:24:12 PM,KXATPMATCH-26APR18RUBMED-RUB,61,734,60,7738,59,16319,58,12073,57,1443,62,380,63,8129,64,16765,65,6844,66,2464,61.5
2026-04-17 10:24:13 PM,KXATPMATCH-26APR18RUBMED-RUB,61,511,60,7738,59,16319,58,12073,57,1443,62,380,63,8129,64,16765,65,6844,66,2464,61.5
2026-04-17 10:24:13 PM,KXATPMATCH-26APR18RUBMED-RUB,61,511,60,7738,59,16319,58,12073,57,1443,62,380,63,8352,64,16765,65,6844,66,2464,61.5
2026-04-17 10:24:29 PM,KXATPMATCH-26APR18RUBMED-RUB,61,511,60,7738,59,16319,58,12073,57,1443,62,338,63,8352,64,16765,65,6844,66,2464,61.5
2026-04-17 10:25:08 PM,KXATPMATCH-26APR18RUBMED-RUB,61,511,60,7738,59,16319,58,12073,57,1443,62,182,63,8352,64,16765,65,6844,66,2464,61.5
2026-04-17 10:25:08 PM,KXATPMATCH-26APR18RUBMED-RUB,61,511,60,7738,59,16348,58,12073,57,1443,62,182,63,8352,64,16765,65,6844,66,2464,61.5
2026-04-17 10:26:27 PM,KXATPMATCH-26APR18RUBMED-RUB,61,511,60,7738,59,16348,58,12073,57,1443,62,182,63,8353,64,16765,65,6844,66,2464,61.5
2026-04-17 10:26:27 PM,KXATPMATCH-26APR18RUBMED-RUB,61,511,60,7738,59,16348,58,13073,57,1443,62,182,63,8353,64,16765,65,6844,66,2464,61.5
2026-04-17 10:26:27 PM,KXATPMATCH-26APR18RUBMED-RUB,61,511,60,7738,59,16348,58,13073,57,1443,62,182,63,8352,64,16765,65,6844,66,2464,61.5
2026-04-17 10:27:05 PM,KXATPMATCH-26APR18RUBMED-RUB,61,511,60,7738,59,16348,58,13073,57,1443,62,182,63,8352,64,15933,65,6844,66,2464,61.5
2026-04-17 10:27:05 PM,KXATPMATCH-26APR18RUBMED-RUB,61,511,60,7738,59,16348,58,13073,57,1443,62,182,63,8352,64,18187,65,6844,66,2464,61.5
2026-04-17 10:27:05 PM,KXATPMATCH-26APR18RUBMED-RUB,61,511,60,7738,59,16348,58,6973,57,1443,62,182,63,8352,64,18187,65,6844,66,2464,61.5
2026-04-17 10:27:17 PM,KXATPMATCH-26APR18RUBMED-RUB,61,511,60,7738,59,16348,58,6973,57,1443,62,182,63,8353,64,18187,65,6844,66,2464,61.5
2026-04-17 10:27:17 PM,KXATPMATCH-26APR18RUBMED-RUB,61,511,60,7738,59,16348,58,6973,57,1443,62,182,63,8352,64,18187,65,6844,66,2464,61.5
2026-04-17 10:29:21 PM,KXATPMATCH-26APR18RUBMED-RUB,61,511,60,7738,59,16348,58,5973,57,1443,62,182,63,8352,64,18187,65,6844,66,2464,61.5
2026-04-17 10:29:23 PM,KXATPMATCH-26APR18RUBMED-RUB,61,511,60,7738,59,16241,58,5973,57,1443,62,182,63,8352,64,18187,65,6844,66,2464,61.5
2026-04-17 10:29:23 PM,KXATPMATCH-26APR18RUBMED-RUB,61,511,60,7738,59,16212,58,5973,57,1443,62,182,63,8352,64,18187,65,6844,66,2464,61.5
2026-04-17 10:29:23 PM,KXATPMATCH-26APR18RUBMED-RUB,61,511,60,7738,59,16212,58,5973,57,1443,63,8352,64,18187,65,6844,66,2464,67,101,62.0
2026-04-17 10:29:23 PM,KXATPMATCH-26APR18RUBMED-RUB,61,511,60,7738,59,16212,58,5972,57,1443,63,8352,64,18187,65,6844,66,2464,67,101,62.0
2026-04-17 10:29:23 PM,KXATPMATCH-26APR18RUBMED-RUB,61,511,60,7738,59,16212,58,5881,57,1443,63,8352,64,18187,65,6844,66,2464,67,101,62.0
2026-04-17 10:29:23 PM,KXATPMATCH-26APR18RUBMED-RUB,61,511,60,7738,59,16212,58,5881,57,1443,63,8285,64,18187,65,6844,66,2464,67,101,62.0
2026-04-17 10:29:23 PM,KXATPMATCH-26APR18RUBMED-RUB,61,511,60,7738,59,16346,58,5881,57,1443,63,8285,64,18187,65,6844,66,2464,67,101,62.0
2026-04-17 10:29:23 PM,KXATPMATCH-26APR18RUBMED-RUB,61,511,60,7874,59,16346,58,5881,57,1443,63,8285,64,18187,65,6844,66,2464,67,101,62.0
2026-04-17 10:29:23 PM,KXATPMATCH-26APR18RUBMED-RUB,61,511,60,7874,59,16346,58,5881,57,1443,63,8285,64,18187,65,7373,66,2464,67,101,62.0
2026-04-17 10:29:23 PM,KXATPMATCH-26APR18RUBMED-RUB,61,511,60,7874,59,16346,58,5881,57,1443,63,8285,64,16077,65,7373,66,2464,67,101,62.0
2026-04-17 10:29:23 PM,KXATPMATCH-26APR18RUBMED-RUB,61,511,60,7874,59,16346,58,5881,57,1443,63,8285,64,16077,65,9504,66,2464,67,101,62.0
2026-04-17 10:29:24 PM,KXATPMATCH-26APR18RUBMED-RUB,61,511,60,7874,59,16346,58,5881,57,1443,63,8243,64,16077,65,9504,66,2464,67,101,62.0
2026-04-17 10:29:24 PM,KXATPMATCH-26APR18RUBMED-RUB,61,511,60,7874,59,16346,58,5881,57,1443,63,8243,64,16077,65,7373,66,2464,67,101,62.0
2026-04-17 10:29:25 PM,KXATPMATCH-26APR18RUBMED-RUB,61,511,60,7874,59,16346,58,5881,57,1443,63,8068,64,16077,65,7373,66,2464,67,101,62.0
2026-04-17 10:29:25 PM,KXATPMATCH-26APR18RUBMED-RUB,61,686,60,7874,59,16346,58,5881,57,1443,63,8068,64,16077,65,7373,66,2464,67,101,62.0
2026-04-17 10:29:35 PM,KXATPMATCH-26APR18RUBMED-RUB,62,9,61,686,60,7874,59,16346,58,5881,63,8068,64,16077,65,7373,66,2464,67,101,62.5
2026-04-17 10:31:42 PM,KXATPMATCH-26APR18RUBMED-RUB,62,9,61,686,60,7874,59,16346,58,9881,63,8068,64,16077,65,7373,66,2464,67,101,62.5
2026-04-17 10:31:55 PM,KXATPMATCH-26APR18RUBMED-RUB,62,9,61,686,60,7874,59,16346,58,9881,63,7892,64,16077,65,7373,66,2464,67,101,62.5
2026-04-17 10:31:55 PM,KXATPMATCH-26APR18RUBMED-RUB,62,9,61,686,60,7874,59,16346,58,9881,63,7783,64,16077,65,7373,66,2464,67,101,62.5
2026-04-17 10:32:20 PM,KXATPMATCH-26APR18RUBMED-RUB,62,9,61,686,60,7874,59,16346,58,9881,63,7778,64,16077,65,7373,66,2464,67,101,62.5
2026-04-17 10:32:27 PM,KXATPMATCH-26APR18RUBMED-RUB,62,9,61,686,60,7874,59,16346,58,9881,63,7779,64,16077,65,7373,66,2464,67,101,62.5
2026-04-17 10:32:28 PM,KXATPMATCH-26APR18RUBMED-RUB,62,9,61,686,60,7874,59,16346,58,9881,63,7778,64,16077,65,7373,66,2464,67,101,62.5
2026-04-17 10:32:41 PM,KXATPMATCH-26APR18RUBMED-RUB,61,686,60,7874,59,16346,58,9881,57,1443,63,7778,64,16077,65,7373,66,2464,67,101,62.0
2026-04-17 10:33:15 PM,KXATPMATCH-26APR18RUBMED-RUB,61,686,60,7874,59,16346,58,5881,57,1443,63,7778,64,16077,65,7373,66,2464,67,101,62.0
2026-04-17 10:33:18 PM,KXATPMATCH-26APR18RUBMED-RUB,61,686,60,7874,59,16346,58,5881,57,1443,63,7779,64,16077,65,7373,66,2464,67,101,62.0
2026-04-17 10:33:18 PM,KXATPMATCH-26APR18RUBMED-RUB,61,686,60,7874,59,16346,58,5881,57,1443,63,7778,64,16077,65,7373,66,2464,67,101,62.0
2026-04-17 10:33:34 PM,KXATPMATCH-26APR18RUBMED-RUB,61,686,60,7874,59,16346,58,5881,57,1443,63,7772,64,16077,65,7373,66,2464,67,101,62.0
2026-04-17 10:37:25 PM,KXATPMATCH-26APR18RUBMED-RUB,61,686,60,7874,59,16346,58,5881,57,1443,63,7772,64,16077,65,9497,66,2464,67,101,62.0
2026-04-17 10:37:26 PM,KXATPMATCH-26APR18RUBMED-RUB,61,686,60,7874,59,16346,58,10481,57,1443,63,7772,64,16077,65,9497,66,2464,67,101,62.0
2026-04-17 10:37:33 PM,KXATPMATCH-26APR18RUBMED-RUB,61,686,60,7874,59,16346,58,5881,57,1443,63,7772,64,16077,65,9497,66,2464,67,101,62.0
2026-04-17 10:37:33 PM,KXATPMATCH-26APR18RUBMED-RUB,61,686,60,7874,59,16346,58,9481,57,1443,63,7772,64,16077,65,9497,66,2464,67,101,62.0
2026-04-17 10:37:36 PM,KXATPMATCH-26APR18RUBMED-RUB,61,686,60,7874,59,16346,58,5881,57,1443,63,7772,64,16077,65,9497,66,2464,67,101,62.0
2026-04-17 10:37:46 PM,KXATPMATCH-26APR18RUBMED-RUB,61,686,60,7874,59,16346,58,5881,57,1443,63,7742,64,16077,65,9497,66,2464,67,101,62.0
2026-04-17 10:37:46 PM,KXATPMATCH-26APR18RUBMED-RUB,61,686,60,7874,59,16346,58,8481,57,1443,63,7742,64,16077,65,9497,66,2464,67,101,62.0
2026-04-17 10:38:01 PM,KXATPMATCH-26APR18RUBMED-RUB,61,686,60,7874,59,16346,58,8481,57,1443,63,7588,64,16077,65,9497,66,2464,67,101,62.0
2026-04-17 10:38:28 PM,KXATPMATCH-26APR18RUBMED-RUB,61,686,60,7874,59,16346,58,8481,57,1443,63,7589,64,16077,65,9497,66,2464,67,101,62.0
2026-04-17 10:38:28 PM,KXATPMATCH-26APR18RUBMED-RUB,61,686,60,7874,59,16346,58,8481,57,1443,63,7588,64,16077,65,9497,66,2464,67,101,62.0
2026-04-17 10:39:18 PM,KXATPMATCH-26APR18RUBMED-RUB,61,686,60,7874,59,16346,58,8481,57,1443,63,7589,64,16077,65,9497,66,2464,67,101,62.0
2026-04-17 10:39:20 PM,KXATPMATCH-26APR18RUBMED-RUB,61,686,60,7874,59,16346,58,8481,57,1443,63,7588,64,16077,65,9497,66,2464,67,101,62.0
2026-04-17 10:39:52 PM,KXATPMATCH-26APR18RUBMED-RUB,61,686,60,7874,59,16346,58,8481,57,1443,63,7565,64,16077,65,9497,66,2464,67,101,62.0
2026-04-17 10:39:52 PM,KXATPMATCH-26APR18RUBMED-RUB,61,721,60,7874,59,16346,58,8481,57,1443,63,7565,64,16077,65,9497,66,2464,67,101,62.0
2026-04-17 10:39:52 PM,KXATPMATCH-26APR18RUBMED-RUB,61,721,60,7874,59,16346,58,8481,57,1443,63,7565,64,16077,65,10566,66,2464,67,101,62.0
2026-04-17 10:39:52 PM,KXATPMATCH-26APR18RUBMED-RUB,61,721,60,7874,59,16346,58,8481,57,1443,63,7565,64,16077,65,10566,66,4163,67,101,62.0
2026-04-17 10:40:38 PM,KXATPMATCH-26APR18RUBMED-RUB,61,721,60,7874,59,16346,58,5881,57,1443,63,7565,64,16077,65,10566,66,4163,67,101,62.0
2026-04-17 10:40:38 PM,KXATPMATCH-26APR18RUBMED-RUB,61,686,60,7874,59,16346,58,5881,57,1443,63,7565,64,16077,65,10566,66,4163,67,101,62.0
2026-04-17 10:41:10 PM,KXATPMATCH-26APR18RUBMED-RUB,61,686,60,7874,59,16337,58,5881,57,1443,63,7565,64,16077,65,10566,66,4163,67,101,62.0
2026-04-17 10:41:10 PM,KXATPMATCH-26APR18RUBMED-RUB,61,686,60,7874,59,16337,58,5881,57,1443,63,7551,64,16077,65,10566,66,4163,67,101,62.0
2026-04-17 10:41:10 PM,KXATPMATCH-26APR18RUBMED-RUB,61,701,60,7874,59,16337,58,5881,57,1443,63,7551,64,16077,65,10566,66,4163,67,101,62.0
2026-04-17 10:41:10 PM,KXATPMATCH-26APR18RUBMED-RUB,61,701,60,7874,59,16337,58,5881,57,1443,63,7551,64,16083,65,10566,66,4163,67,101,62.0
2026-04-17 10:41:10 PM,KXATPMATCH-26APR18RUBMED-RUB,61,701,60,7874,59,16337,58,5881,57,1443,63,7551,64,16083,65,10576,66,4163,67,101,62.0
2026-04-17 10:42:06 PM,KXATPMATCH-26APR18RUBMED-RUB,61,701,60,7874,59,16337,58,5881,57,1443,63,7548,64,16083,65,10576,66,4163,67,101,62.0
2026-04-17 10:44:29 PM,KXATPMATCH-26APR18RUBMED-RUB,61,701,60,7874,59,16337,58,5881,57,1443,63,7549,64,16083,65,10576,66,4163,67,101,62.0
2026-04-17 10:44:29 PM,KXATPMATCH-26APR18RUBMED-RUB,61,701,60,7874,59,16337,58,5881,57,1443,63,7548,64,16083,65,10576,66,4163,67,101,62.0
2026-04-17 10:44:58 PM,KXATPMATCH-26APR18RUBMED-RUB,61,696,60,7874,59,16337,58,5881,57,1443,63,7548,64,16083,65,10576,66,4163,67,101,62.0
2026-04-17 10:44:58 PM,KXATPMATCH-26APR18RUBMED-RUB,61,696,60,7874,59,16337,58,5881,57,1443,63,7553,64,16083,65,10576,66,4163,67,101,62.0
2026-04-17 10:44:58 PM,KXATPMATCH-26APR18RUBMED-RUB,61,696,60,7874,59,17187,58,5881,57,1443,63,7553,64,16083,65,10576,66,4163,67,101,62.0
2026-04-17 10:45:22 PM,KXATPMATCH-26APR18RUBMED-RUB,61,696,60,7874,59,17187,58,5881,57,1443,63,7554,64,16083,65,10576,66,4163,67,101,62.0
2026-04-17 10:45:24 PM,KXATPMATCH-26APR18RUBMED-RUB,61,696,60,7874,59,17187,58,5881,57,1443,63,7553,64,16083,65,10576,66,4163,67,101,62.0
2026-04-17 10:47:42 PM,KXATPMATCH-26APR18RUBMED-RUB,61,696,60,7874,59,16337,58,5881,57,1443,63,7553,64,16083,65,10576,66,4163,67,101,62.0
2026-04-17 10:49:58 PM,KXATPMATCH-26APR18RUBMED-RUB,61,696,60,7874,59,16337,58,5881,57,1443,63,7568,64,16083,65,10576,66,4163,67,101,62.0
2026-04-17 10:50:16 PM,KXATPMATCH-26APR18RUBMED-RUB,61,696,60,7874,59,16337,58,5881,57,1443,63,7563,64,16083,65,10576,66,4163,67,101,62.0
2026-04-17 10:50:16 PM,KXATPMATCH-26APR18RUBMED-RUB,61,649,60,7874,59,16337,58,5881,57,1443,63,7563,64,16083,65,10576,66,4163,67,101,62.0
2026-04-17 10:50:16 PM,KXATPMATCH-26APR18RUBMED-RUB,61,649,60,7874,59,16337,58,5881,57,1443,63,7615,64,16083,65,10576,66,4163,67,101,62.0
2026-04-17 10:50:16 PM,KXATPMATCH-26APR18RUBMED-RUB,61,649,60,7874,59,16637,58,5881,57,1443,63,7615,64,16083,65,10576,66,4163,67,101,62.0
2026-04-17 10:50:26 PM,KXATPMATCH-26APR18RUBMED-RUB,61,649,60,7874,59,16637,58,5881,57,1443,63,7600,64,16083,65,10576,66,4163,67,101,62.0
2026-04-17 10:51:08 PM,KXATPMATCH-26APR18RUBMED-RUB,61,649,60,7874,59,16337,58,5881,57,1443,63,7600,64,16083,65,10576,66,4163,67,101,62.0
2026-04-17 10:51:26 PM,KXATPMATCH-26APR18RUBMED-RUB,61,649,60,7874,59,16337,58,5881,57,1443,63,7601,64,16083,65,10576,66,4163,67,101,62.0
2026-04-17 10:51:27 PM,KXATPMATCH-26APR18RUBMED-RUB,61,649,60,7874,59,16337,58,5881,57,1443,63,7600,64,16083,65,10576,66,4163,67,101,62.0
2026-04-17 10:51:48 PM,KXATPMATCH-26APR18RUBMED-RUB,61,649,60,7874,59,16337,58,5881,57,1443,63,7601,64,16083,65,10576,66,4163,67,101,62.0
2026-04-17 10:51:56 PM,KXATPMATCH-26APR18RUBMED-RUB,61,649,60,7874,59,16337,58,5881,57,1443,63,7600,64,16083,65,10576,66,4163,67,101,62.0
2026-04-17 10:52:13 PM,KXATPMATCH-26APR18RUBMED-RUB,61,649,60,7874,59,16337,58,5881,57,1443,63,7548,64,16083,65,10576,66,4163,67,101,62.0
2026-04-17 10:52:13 PM,KXATPMATCH-26APR18RUBMED-RUB,61,637,60,7874,59,16337,58,5881,57,1443,63,7548,64,16083,65,10576,66,4163,67,101,62.0
2026-04-17 10:52:13 PM,KXATPMATCH-26APR18RUBMED-RUB,61,637,60,7874,59,16337,58,5881,57,1443,63,7612,64,16083,65,10576,66,4163,67,101,62.0
2026-04-17 10:53:23 PM,KXATPMATCH-26APR18RUBMED-RUB,61,637,60,7874,59,16337,58,5881,57,1443,63,7548,64,16083,65,10576,66,4163,67,101,62.0
2026-04-17 10:53:23 PM,KXATPMATCH-26APR18RUBMED-RUB,61,625,60,7874,59,16337,58,5881,57,1443,63,7548,64,16083,65,10576,66,4163,67,101,62.0
2026-04-17 10:53:23 PM,KXATPMATCH-26APR18RUBMED-RUB,61,625,60,7874,59,16337,58,5881,57,1443,63,7624,64,16083,65,10576,66,4163,67,101,62.0
2026-04-17 10:55:05 PM,KXATPMATCH-26APR18RUBMED-RUB,61,625,60,7874,59,16337,58,5881,57,1443,63,7578,64,16083,65,10576,66,4163,67,101,62.0
2026-04-17 10:57:28 PM,KXATPMATCH-26APR18RUBMED-RUB,61,625,60,7874,59,16337,58,5881,57,1443,63,7579,64,16083,65,10576,66,4163,67,101,62.0
2026-04-17 10:57:30 PM,KXATPMATCH-26APR18RUBMED-RUB,61,625,60,7874,59,16337,58,5881,57,1443,63,7578,64,16083,65,10576,66,4163,67,101,62.0
2026-04-17 10:57:30 PM,KXATPMATCH-26APR18RUBMED-RUB,61,625,60,7874,59,18487,58,5881,57,1443,63,7578,64,16083,65,10576,66,4163,67,101,62.0
2026-04-17 11:00:17 PM,KXATPMATCH-26APR18RUBMED-RUB,61,625,60,7874,59,16337,58,5881,57,1443,63,7578,64,16083,65,10576,66,4163,67,101,62.0
2026-04-17 11:03:20 PM,KXATPMATCH-26APR18RUBMED-RUB,61,625,60,7874,59,17337,58,5881,57,1443,63,7578,64,16083,65,10576,66,4163,67,101,62.0
2026-04-17 11:03:21 PM,KXATPMATCH-26APR18RUBMED-RUB,61,625,60,7874,59,19437,58,5881,57,1443,63,7578,64,16083,65,10576,66,4163,67,101,62.0
2026-04-17 11:03:33 PM,KXATPMATCH-26APR18RUBMED-RUB,61,625,60,7874,59,19437,58,5881,57,1443,63,7579,64,16083,65,10576,66,4163,67,101,62.0
2026-04-17 11:03:33 PM,KXATPMATCH-26APR18RUBMED-RUB,61,625,60,7874,59,19437,58,5881,57,1443,63,7578,64,16083,65,10576,66,4163,67,101,62.0
2026-04-17 11:04:28 PM,KXATPMATCH-26APR18RUBMED-RUB,61,625,60,7874,59,19437,58,5881,57,1443,63,7544,64,16083,65,10576,66,4163,67,101,62.0
2026-04-17 11:05:04 PM,KXATPMATCH-26APR18RUBMED-RUB,61,625,60,7874,59,19437,58,5881,57,1443,63,7506,64,16083,65,10576,66,4163,67,101,62.0
2026-04-17 11:05:05 PM,KXATPMATCH-26APR18RUBMED-RUB,61,625,60,7874,59,19437,58,5881,57,1443,63,7500,64,16083,65,10576,66,4163,67,101,62.0
2026-04-17 11:06:03 PM,KXATPMATCH-26APR18RUBMED-RUB,61,625,60,7874,59,17337,58,5881,57,1443,63,7500,64,16083,65,10576,66,4163,67,101,62.0
2026-04-17 11:06:49 PM,KXATPMATCH-26APR18RUBMED-RUB,61,625,60,7874,59,17337,58,5881,57,1443,63,7424,64,16083,65,10576,66,4163,67,101,62.0
2026-04-17 11:06:49 PM,KXATPMATCH-26APR18RUBMED-RUB,61,609,60,7874,59,17337,58,5881,57,1443,63,7424,64,16083,65,10576,66,4163,67,101,62.0
2026-04-17 11:06:49 PM,KXATPMATCH-26APR18RUBMED-RUB,61,609,60,7874,59,17337,58,5881,57,1443,63,7516,64,16083,65,10576,66,4163,67,101,62.0
2026-04-17 11:06:49 PM,KXATPMATCH-26APR18RUBMED-RUB,61,609,60,7874,59,17387,58,5881,57,1443,63,7516,64,16083,65,10576,66,4163,67,101,62.0
2026-04-17 11:08:07 PM,KXATPMATCH-26APR18RUBMED-RUB,61,609,60,7874,59,17387,58,5881,57,1443,63,7517,64,16083,65,10576,66,4163,67,101,62.0
2026-04-17 11:08:27 PM,KXATPMATCH-26APR18RUBMED-RUB,61,609,60,7874,59,17387,58,5881,57,1443,63,7516,64,16083,65,10576,66,4163,67,101,62.0
2026-04-17 11:09:30 PM,KXATPMATCH-26APR18RUBMED-RUB,61,609,60,7874,59,17337,58,5881,57,1443,63,7516,64,16083,65,10576,66,4163,67,101,62.0
2026-04-17 11:09:34 PM,KXATPMATCH-26APR18RUBMED-RUB,61,609,60,7874,59,17337,58,5881,57,1443,63,7517,64,16083,65,10576,66,4163,67,101,62.0
2026-04-17 11:09:34 PM,KXATPMATCH-26APR18RUBMED-RUB,61,609,60,7874,59,17337,58,5881,57,1443,63,7516,64,16083,65,10576,66,4163,67,101,62.0
2026-04-17 11:11:40 PM,KXATPMATCH-26APR18RUBMED-RUB,61,609,60,7874,59,17337,58,5881,57,1443,63,7514,64,16083,65,10576,66,4163,67,101,62.0
2026-04-17 11:12:25 PM,KXATPMATCH-26APR18RUBMED-RUB,61,609,60,7874,59,17337,58,5881,57,1443,63,7514,64,16083,65,10345,66,4163,67,101,62.0
2026-04-17 11:12:25 PM,KXATPMATCH-26APR18RUBMED-RUB,61,609,60,7874,59,17337,58,5881,57,1443,63,7514,64,16308,65,10345,66,4163,67,101,62.0
2026-04-17 11:12:50 PM,KXATPMATCH-26APR18RUBMED-RUB,61,609,60,7874,59,17337,58,5881,57,1443,63,7479,64,16308,65,10345,66,4163,67,101,62.0
2026-04-17 11:12:50 PM,KXATPMATCH-26APR18RUBMED-RUB,61,609,60,7874,59,17337,58,5881,57,1443,63,7469,64,16308,65,10345,66,4163,67,101,62.0
2026-04-17 11:13:31 PM,KXATPMATCH-26APR18RUBMED-RUB,61,549,60,7874,59,17337,58,5881,57,1443,63,7469,64,16308,65,10345,66,4163,67,101,62.0
2026-04-17 11:13:31 PM,KXATPMATCH-26APR18RUBMED-RUB,61,359,60,7874,59,17337,58,5881,57,1443,63,7469,64,16308,65,10345,66,4163,67,101,62.0
2026-04-17 11:13:31 PM,KXATPMATCH-26APR18RUBMED-RUB,61,359,60,8124,59,17337,58,5881,57,1443,63,7469,64,16308,65,10345,66,4163,67,101,62.0
2026-04-17 11:13:31 PM,KXATPMATCH-26APR18RUBMED-RUB,61,359,60,8124,59,17337,58,5881,57,1443,63,7469,64,16058,65,10345,66,4163,67,101,62.0
2026-04-17 11:13:31 PM,KXATPMATCH-26APR18RUBMED-RUB,61,359,60,8124,59,17337,58,5881,57,1443,63,7719,64,16058,65,10345,66,4163,67,101,62.0
2026-04-17 11:13:36 PM,KXATPMATCH-26APR18RUBMED-RUB,61,359,60,8124,59,17337,58,5881,57,1443,63,7627,64,16058,65,10345,66,4163,67,101,62.0
2026-04-17 11:13:36 PM,KXATPMATCH-26APR18RUBMED-RUB,61,356,60,8124,59,17337,58,5881,57,1443,63,7627,64,16058,65,10345,66,4163,67,101,62.0
2026-04-17 11:13:36 PM,KXATPMATCH-26APR18RUBMED-RUB,61,356,60,8124,59,17337,58,5881,57,1443,63,7722,64,16058,65,10345,66,4163,67,101,62.0
2026-04-17 11:14:24 PM,KXATPMATCH-26APR18RUBMED-RUB,61,356,60,8124,59,17337,58,5881,57,1443,63,7723,64,16058,65,10345,66,4163,67,101,62.0
2026-04-17 11:14:25 PM,KXATPMATCH-26APR18RUBMED-RUB,61,356,60,8124,59,17337,58,5881,57,1443,63,7722,64,16058,65,10345,66,4163,67,101,62.0
2026-04-17 11:14:25 PM,KXATPMATCH-26APR18RUBMED-RUB,61,356,60,8124,59,17837,58,5881,57,1443,63,7722,64,16058,65,10345,66,4163,67,101,62.0
2026-04-17 11:15:36 PM,KXATPMATCH-26APR18RUBMED-RUB,61,356,60,8124,59,17837,58,5881,57,1443,63,7723,64,16058,65,10345,66,4163,67,101,62.0
2026-04-17 11:15:38 PM,KXATPMATCH-26APR18RUBMED-RUB,61,356,60,8124,59,17837,58,5881,57,1443,63,7722,64,16058,65,10345,66,4163,67,101,62.0
2026-04-17 11:17:21 PM,KXATPMATCH-26APR18RUBMED-RUB,61,356,60,8124,59,17337,58,5881,57,1443,63,7722,64,16058,65,10345,66,4163,67,101,62.0
2026-04-17 11:18:01 PM,KXATPMATCH-26APR18RUBMED-RUB,61,356,60,8124,59,17337,58,5881,57,1443,63,7627,64,16058,65,10345,66,4163,67,101,62.0
2026-04-17 11:18:01 PM,KXATPMATCH-26APR18RUBMED-RUB,61,354,60,8124,59,17337,58,5881,57,1443,63,7627,64,16058,65,10345,66,4163,67,101,62.0
2026-04-17 11:18:01 PM,KXATPMATCH-26APR18RUBMED-RUB,61,354,60,8124,59,17337,58,5881,57,1443,63,7724,64,16058,65,10345,66,4163,67,101,62.0
2026-04-17 11:18:01 PM,KXATPMATCH-26APR18RUBMED-RUB,61,354,60,8159,59,17337,58,5881,57,1443,63,7724,64,16058,65,10345,66,4163,67,101,62.0
2026-04-17 11:20:04 PM,KXATPMATCH-26APR18RUBMED-RUB,61,354,60,8159,59,17337,58,5881,57,1443,63,7724,64,16058,65,8221,66,4163,67,101,62.0
2026-04-17 11:20:04 PM,KXATPMATCH-26APR18RUBMED-RUB,61,354,60,8159,59,17337,58,5881,57,1443,63,7724,64,18771,65,8221,66,4163,67,101,62.0
2026-04-17 11:20:25 PM,KXATPMATCH-26APR18RUBMED-RUB,61,354,60,8159,59,17337,58,5881,57,1443,63,7725,64,18771,65,8221,66,4163,67,101,62.0
2026-04-17 11:20:26 PM,KXATPMATCH-26APR18RUBMED-RUB,61,354,60,8159,59,17337,58,5881,57,1443,63,7724,64,18771,65,8221,66,4163,67,101,62.0
2026-04-17 11:20:32 PM,KXATPMATCH-26APR18RUBMED-RUB,61,354,60,8124,59,17337,58,5881,57,1443,63,7724,64,18771,65,8221,66,4163,67,101,62.0
2026-04-17 11:21:40 PM,KXATPMATCH-26APR18RUBMED-RUB,61,354,60,8124,59,17337,58,5881,57,1443,63,7725,64,18771,65,8221,66,4163,67,101,62.0
2026-04-17 11:21:42 PM,KXATPMATCH-26APR18RUBMED-RUB,61,354,60,8124,59,17337,58,5881,57,1443,63,7724,64,18771,65,8221,66,4163,67,101,62.0
2026-04-17 11:21:51 PM,KXATPMATCH-26APR18RUBMED-RUB,61,354,60,8124,59,17337,58,5881,57,1443,63,7724,64,21942,65,8221,66,4163,67,101,62.0
2026-04-17 11:21:52 PM,KXATPMATCH-26APR18RUBMED-RUB,61,354,60,8124,59,17337,58,5881,57,1443,63,4552,64,21942,65,8221,66,4163,67,101,62.0
2026-04-17 11:21:57 PM,KXATPMATCH-26APR18RUBMED-RUB,61,354,60,8124,59,17337,58,5881,57,1443,63,4552,64,18771,65,8221,66,4163,67,101,62.0
2026-04-17 11:22:00 PM,KXATPMATCH-26APR18RUBMED-RUB,61,354,60,8124,59,17337,58,5881,57,1443,63,4552,64,21942,65,8221,66,4163,67,101,62.0
2026-04-17 11:22:01 PM,KXATPMATCH-26APR18RUBMED-RUB,61,354,60,8124,59,17337,58,5881,57,1443,63,4552,64,18771,65,8221,66,4163,67,101,62.0
2026-04-17 11:22:08 PM,KXATPMATCH-26APR18RUBMED-RUB,61,354,60,8124,59,17337,58,5881,57,1443,63,4552,64,21942,65,8221,66,4163,67,101,62.0
2026-04-17 11:22:22 PM,KXATPMATCH-26APR18RUBMED-RUB,61,354,60,8124,59,17337,58,5881,57,1443,63,4552,64,18771,65,8221,66,4163,67,101,62.0
2026-04-17 11:22:23 PM,KXATPMATCH-26APR18RUBMED-RUB,61,354,60,8124,59,17337,58,5881,57,1443,63,4552,64,21942,65,8221,66,4163,67,101,62.0
2026-04-17 11:22:24 PM,KXATPMATCH-26APR18RUBMED-RUB,61,354,60,8124,59,17337,58,5881,57,1443,63,4552,64,18771,65,8221,66,4163,67,101,62.0
2026-04-17 11:22:31 PM,KXATPMATCH-26APR18RUBMED-RUB,61,354,60,8124,59,17337,58,5881,57,1443,63,4552,64,21942,65,8221,66,4163,67,101,62.0
2026-04-17 11:22:32 PM,KXATPMATCH-26APR18RUBMED-RUB,61,354,60,8124,59,17337,58,5881,57,1443,63,4552,64,18771,65,8221,66,4163,67,101,62.0
2026-04-17 11:22:40 PM,KXATPMATCH-26APR18RUBMED-RUB,61,354,60,8124,59,17337,58,5881,57,1443,63,4552,64,21942,65,8221,66,4163,67,101,62.0
2026-04-17 11:22:47 PM,KXATPMATCH-26APR18RUBMED-RUB,61,354,60,8124,59,17337,58,5881,57,1443,63,4552,64,18771,65,8221,66,4163,67,101,62.0
2026-04-17 11:22:48 PM,KXATPMATCH-26APR18RUBMED-RUB,61,354,60,8124,59,17337,58,5881,57,1443,63,4552,64,21942,65,8221,66,4163,67,101,62.0
2026-04-17 11:22:49 PM,KXATPMATCH-26APR18RUBMED-RUB,61,354,60,8124,59,17337,58,5881,57,1443,63,4552,64,18771,65,8221,66,4163,67,101,62.0
2026-04-17 11:22:57 PM,KXATPMATCH-26APR18RUBMED-RUB,61,354,60,8124,59,17337,58,5881,57,1443,63,4552,64,21942,65,8221,66,4163,67,101,62.0
2026-04-17 11:23:11 PM,KXATPMATCH-26APR18RUBMED-RUB,61,354,60,8124,59,17337,58,5881,57,1443,63,4552,64,18771,65,8221,66,4163,67,101,62.0
2026-04-17 11:23:12 PM,KXATPMATCH-26APR18RUBMED-RUB,61,354,60,8124,59,17337,58,5881,57,1443,63,4552,64,21942,65,8221,66,4163,67,101,62.0
2026-04-17 11:23:13 PM,KXATPMATCH-26APR18RUBMED-RUB,61,354,60,8124,59,17337,58,5881,57,1443,63,4552,64,18771,65,8221,66,4163,67,101,62.0
2026-04-17 11:23:21 PM,KXATPMATCH-26APR18RUBMED-RUB,61,354,60,8124,59,17337,58,5881,57,1443,63,4552,64,21942,65,8221,66,4163,67,101,62.0
2026-04-17 11:23:32 PM,KXATPMATCH-26APR18RUBMED-RUB,61,354,60,8124,59,17337,58,5881,57,1443,63,4552,64,18771,65,8221,66,4163,67,101,62.0
2026-04-17 11:23:33 PM,KXATPMATCH-26APR18RUBMED-RUB,61,354,60,8124,59,17337,58,5881,57,1443,63,4552,64,21942,65,8221,66,4163,67,101,62.0
2026-04-17 11:23:34 PM,KXATPMATCH-26APR18RUBMED-RUB,61,354,60,8124,59,17337,58,5881,57,1443,63,4552,64,18771,65,8221,66,4163,67,101,62.0
2026-04-17 11:23:41 PM,KXATPMATCH-26APR18RUBMED-RUB,61,354,60,8124,59,17337,58,5881,57,1443,63,4552,64,21942,65,8221,66,4163,67,101,62.0
2026-04-17 11:24:01 PM,KXATPMATCH-26APR18RUBMED-RUB,61,354,60,8124,59,17337,58,5881,57,1443,63,4552,64,18771,65,8221,66,4163,67,101,62.0
2026-04-17 11:24:02 PM,KXATPMATCH-26APR18RUBMED-RUB,61,354,60,8124,59,17337,58,5881,57,1443,63,4552,64,21942,65,8221,66,4163,67,101,62.0
2026-04-17 11:24:20 PM,KXATPMATCH-26APR18RUBMED-RUB,61,354,60,8124,59,17337,58,5881,57,1443,63,4552,64,18771,65,8221,66,4163,67,101,62.0
2026-04-17 11:24:20 PM,KXATPMATCH-26APR18RUBMED-RUB,61,354,60,8124,59,17337,58,5881,57,1443,63,4552,64,21942,65,8221,66,4163,67,101,62.0
2026-04-17 11:25:08 PM,KXATPMATCH-26APR18RUBMED-RUB,61,354,60,8124,59,17337,58,5881,57,1443,63,4552,64,18771,65,8221,66,4163,67,101,62.0
2026-04-17 11:25:08 PM,KXATPMATCH-26APR18RUBMED-RUB,61,354,60,8124,59,17337,58,5881,57,1443,63,4552,64,21942,65,8221,66,4163,67,101,62.0
2026-04-17 11:26:27 PM,KXATPMATCH-26APR18RUBMED-RUB,61,354,60,8124,59,17337,58,5881,57,1443,63,4552,64,21943,65,8221,66,4163,67,101,62.0
2026-04-17 11:27:37 PM,KXATPMATCH-26APR18RUBMED-RUB,61,354,60,8124,59,17337,58,5881,57,1443,63,4552,64,18772,65,8221,66,4163,67,101,62.0
2026-04-17 11:27:37 PM,KXATPMATCH-26APR18RUBMED-RUB,61,354,60,8124,59,17337,58,5881,57,1443,63,4552,64,21943,65,8221,66,4163,67,101,62.0
2026-04-17 11:27:38 PM,KXATPMATCH-26APR18RUBMED-RUB,61,354,60,8124,59,17337,58,5881,57,1443,63,4552,64,18772,65,8221,66,4163,67,101,62.0
2026-04-17 11:27:44 PM,KXATPMATCH-26APR18RUBMED-RUB,61,354,60,8124,59,17337,58,5881,57,1443,63,4539,64,18772,65,8221,66,4163,67,101,62.0
2026-04-17 11:27:44 PM,KXATPMATCH-26APR18RUBMED-RUB,61,354,60,7874,59,17337,58,5881,57,1443,63,4539,64,18772,65,8221,66,4163,67,101,62.0
2026-04-17 11:27:44 PM,KXATPMATCH-26APR18RUBMED-RUB,61,604,60,7874,59,17337,58,5881,57,1443,63,4539,64,18772,65,8221,66,4163,67,101,62.0
2026-04-17 11:27:44 PM,KXATPMATCH-26APR18RUBMED-RUB,61,604,60,7874,59,17337,58,5881,57,1443,63,4289,64,18772,65,8221,66,4163,67,101,62.0
2026-04-17 11:27:44 PM,KXATPMATCH-26APR18RUBMED-RUB,61,604,60,7874,59,17337,58,5881,57,1443,63,4289,64,19022,65,8221,66,4163,67,101,62.0
2026-04-17 11:27:46 PM,KXATPMATCH-26APR18RUBMED-RUB,61,604,60,7874,59,17337,58,5881,57,1443,63,4289,64,22193,65,8221,66,4163,67,101,62.0
2026-04-17 11:27:52 PM,KXATPMATCH-26APR18RUBMED-RUB,61,604,60,7874,59,17337,58,5881,57,1443,63,4289,64,19022,65,8221,66,4163,67,101,62.0
2026-04-17 11:27:54 PM,KXATPMATCH-26APR18RUBMED-RUB,61,604,60,7874,59,17337,58,5881,57,1443,63,4289,64,22193,65,8221,66,4163,67,101,62.0
2026-04-17 11:27:55 PM,KXATPMATCH-26APR18RUBMED-RUB,61,604,60,7874,59,17337,58,5881,57,1443,63,4289,64,19022,65,8221,66,4163,67,101,62.0
2026-04-17 11:28:03 PM,KXATPMATCH-26APR18RUBMED-RUB,61,604,60,7874,59,17337,58,5881,57,1443,63,4289,64,22193,65,8221,66,4163,67,101,62.0
2026-04-17 11:28:10 PM,KXATPMATCH-26APR18RUBMED-RUB,61,604,60,7874,59,17337,58,5881,57,1443,63,4289,64,19022,65,8221,66,4163,67,101,62.0
2026-04-17 11:28:12 PM,KXATPMATCH-26APR18RUBMED-RUB,61,604,60,7874,59,17337,58,5881,57,1443,63,4289,64,22193,65,8221,66,4163,67,101,62.0
2026-04-17 11:28:13 PM,KXATPMATCH-26APR18RUBMED-RUB,61,604,60,7874,59,17337,58,5881,57,1443,63,4289,64,19022,65,8221,66,4163,67,101,62.0
2026-04-17 11:28:20 PM,KXATPMATCH-26APR18RUBMED-RUB,61,604,60,7874,59,17337,58,5881,57,1443,63,4289,64,22193,65,8221,66,4163,67,101,62.0
2026-04-17 11:28:21 PM,KXATPMATCH-26APR18RUBMED-RUB,61,604,60,7874,59,17337,58,5881,57,1443,63,4289,64,19022,65,8221,66,4163,67,101,62.0
2026-04-17 11:28:29 PM,KXATPMATCH-26APR18RUBMED-RUB,61,604,60,7874,59,17337,58,5881,57,1443,63,4289,64,22193,65,8221,66,4163,67,101,62.0
2026-04-17 11:28:30 PM,KXATPMATCH-26APR18RUBMED-RUB,61,604,60,7874,59,17337,58,5881,57,1443,63,4289,64,19022,65,8221,66,4163,67,101,62.0
2026-04-17 11:28:37 PM,KXATPMATCH-26APR18RUBMED-RUB,61,604,60,7874,59,17337,58,5881,57,1443,63,4289,64,22193,65,8221,66,4163,67,101,62.0
2026-04-17 11:28:38 PM,KXATPMATCH-26APR18RUBMED-RUB,61,604,60,7874,59,17337,58,5881,57,1443,63,4289,64,19022,65,8221,66,4163,67,101,62.0
2026-04-17 11:28:45 PM,KXATPMATCH-26APR18RUBMED-RUB,61,604,60,7874,59,17337,58,5881,57,1443,63,4289,64,22193,65,8221,66,4163,67,101,62.0
2026-04-17 11:28:54 PM,KXATPMATCH-26APR18RUBMED-RUB,61,604,60,7874,59,17337,58,5881,57,1443,63,4289,64,19022,65,8221,66,4163,67,101,62.0
2026-04-17 11:28:55 PM,KXATPMATCH-26APR18RUBMED-RUB,61,604,60,7874,59,17337,58,5881,57,1443,63,4289,64,22193,65,8221,66,4163,67,101,62.0
2026-04-17 11:28:56 PM,KXATPMATCH-26APR18RUBMED-RUB,61,604,60,7874,59,17337,58,5881,57,1443,63,4289,64,19022,65,8221,66,4163,67,101,62.0
2026-04-17 11:29:04 PM,KXATPMATCH-26APR18RUBMED-RUB,61,604,60,7874,59,17337,58,5881,57,1443,63,4289,64,22193,65,8221,66,4163,67,101,62.0
2026-04-17 11:29:12 PM,KXATPMATCH-26APR18RUBMED-RUB,61,604,60,7874,59,17337,58,5881,57,1443,63,4289,64,19022,65,8221,66,4163,67,101,62.0
2026-04-17 11:29:13 PM,KXATPMATCH-26APR18RUBMED-RUB,61,604,60,7874,59,17337,58,5881,57,1443,63,4289,64,22193,65,8221,66,4163,67,101,62.0
2026-04-17 11:29:14 PM,KXATPMATCH-26APR18RUBMED-RUB,61,604,60,7874,59,17337,58,5881,57,1443,63,4289,64,19022,65,8221,66,4163,67,101,62.0
2026-04-17 11:29:22 PM,KXATPMATCH-26APR18RUBMED-RUB,61,604,60,7874,59,17337,58,5881,57,1443,63,4289,64,22193,65,8221,66,4163,67,101,62.0
2026-04-17 11:29:24 PM,KXATPMATCH-26APR18RUBMED-RUB,61,604,60,7874,59,17337,58,5881,57,1443,63,4289,64,19022,65,8221,66,4163,67,101,62.0
2026-04-17 11:29:30 PM,KXATPMATCH-26APR18RUBMED-RUB,61,604,60,7874,59,17337,58,5881,57,1443,63,4289,64,22193,65,8221,66,4163,67,101,62.0
2026-04-17 11:29:34 PM,KXATPMATCH-26APR18RUBMED-RUB,61,604,60,7874,59,17337,58,5881,57,1443,63,4289,64,19022,65,8221,66,4163,67,101,62.0
2026-04-17 11:29:40 PM,KXATPMATCH-26APR18RUBMED-RUB,61,604,60,7874,59,17337,58,5881,57,1443,63,4289,64,22193,65,8221,66,4163,67,101,62.0
2026-04-17 11:29:41 PM,KXATPMATCH-26APR18RUBMED-RUB,61,604,60,7874,59,17337,58,5881,57,1443,63,4289,64,19022,65,8221,66,4163,67,101,62.0
2026-04-17 11:29:44 PM,KXATPMATCH-26APR18RUBMED-RUB,61,604,60,7874,59,17337,58,5881,57,1443,63,4192,64,19022,65,8221,66,4163,67,101,62.0
2026-04-17 11:29:44 PM,KXATPMATCH-26APR18RUBMED-RUB,61,603,60,7874,59,17337,58,5881,57,1443,63,4192,64,19022,65,8221,66,4163,67,101,62.0
2026-04-17 11:29:44 PM,KXATPMATCH-26APR18RUBMED-RUB,61,603,60,7874,59,17337,58,5881,57,1443,63,4290,64,19022,65,8221,66,4163,67,101,62.0
2026-04-17 11:29:44 PM,KXATPMATCH-26APR18RUBMED-RUB,61,603,60,7874,59,17337,58,5881,57,1443,63,4290,64,19021,65,8221,66,4163,67,101,62.0
2026-04-17 11:29:44 PM,KXATPMATCH-26APR18RUBMED-RUB,61,603,60,7874,59,17337,58,5881,57,1443,63,4290,64,19022,65,8221,66,4163,67,101,62.0
2026-04-17 11:29:45 PM,KXATPMATCH-26APR18RUBMED-RUB,61,603,60,7874,59,17337,58,5881,57,1443,63,4290,64,19021,65,8221,66,4163,67,101,62.0
2026-04-17 11:29:48 PM,KXATPMATCH-26APR18RUBMED-RUB,61,603,60,7874,59,17337,58,5881,57,1443,63,4290,64,22192,65,8221,66,4163,67,101,62.0
2026-04-17 11:29:52 PM,KXATPMATCH-26APR18RUBMED-RUB,61,603,60,7874,59,17337,58,5881,57,1443,63,4290,64,19021,65,8221,66,4163,67,101,62.0
2026-04-17 11:29:56 PM,KXATPMATCH-26APR18RUBMED-RUB,61,603,60,7874,59,17337,58,5881,57,1443,63,4290,64,22192,65,8221,66,4163,67,101,62.0
2026-04-17 11:29:57 PM,KXATPMATCH-26APR18RUBMED-RUB,61,603,60,7874,59,17337,58,5881,57,1443,63,4290,64,19021,65,8221,66,4163,67,101,62.0
2026-04-17 11:30:05 PM,KXATPMATCH-26APR18RUBMED-RUB,61,603,60,7874,59,17337,58,5881,57,1443,63,4290,64,22192,65,8221,66,4163,67,101,62.0
2026-04-17 11:30:08 PM,KXATPMATCH-26APR18RUBMED-RUB,61,603,60,7874,59,17337,58,5881,57,1443,63,4290,64,19021,65,8221,66,4163,67,101,62.0
2026-04-17 11:30:13 PM,KXATPMATCH-26APR18RUBMED-RUB,61,603,60,7874,59,17337,58,5881,57,1443,63,4290,64,22192,65,8221,66,4163,67,101,62.0
2026-04-17 11:30:13 PM,KXATPMATCH-26APR18RUBMED-RUB,61,603,60,7874,59,17337,58,5881,57,1443,63,4305,64,22192,65,8221,66,4163,67,101,62.0
2026-04-17 11:30:14 PM,KXATPMATCH-26APR18RUBMED-RUB,61,603,60,7874,59,17337,58,5881,57,1443,63,4305,64,19021,65,8221,66,4163,67,101,62.0
2026-04-17 11:30:16 PM,KXATPMATCH-26APR18RUBMED-RUB,61,603,60,7874,59,17337,58,5881,57,1443,63,4302,64,19021,65,8221,66,4163,67,101,62.0
2026-04-17 11:30:21 PM,KXATPMATCH-26APR18RUBMED-RUB,61,603,60,7874,59,17337,58,5881,57,1443,63,4302,64,22192,65,8221,66,4163,67,101,62.0
2026-04-17 11:30:24 PM,KXATPMATCH-26APR18RUBMED-RUB,61,603,60,7874,59,17337,58,5881,57,1443,63,4302,64,19021,65,8221,66,4163,67,101,62.0
2026-04-17 11:30:31 PM,KXATPMATCH-26APR18RUBMED-RUB,61,603,60,7874,59,17337,58,5881,57,1443,63,4302,64,22192,65,8221,66,4163,67,101,62.0
2026-04-17 11:30:54 PM,KXATPMATCH-26APR18RUBMED-RUB,61,603,60,7874,59,17337,58,5881,57,1443,63,4287,64,22192,65,8221,66,4163,67,101,62.0
2026-04-17 11:31:00 PM,KXATPMATCH-26APR18RUBMED-RUB,61,603,60,7874,59,17337,58,5881,57,1443,63,4287,64,19021,65,8221,66,4163,67,101,62.0
2026-04-17 11:31:00 PM,KXATPMATCH-26APR18RUBMED-RUB,61,603,60,7874,59,17337,58,5881,57,1443,63,4287,64,22192,65,8221,66,4163,67,101,62.0
2026-04-17 11:31:02 PM,KXATPMATCH-26APR18RUBMED-RUB,61,603,60,7874,59,17337,58,5881,57,1443,63,4287,64,19021,65,8221,66,4163,67,101,62.0
2026-04-17 11:31:04 PM,KXATPMATCH-26APR18RUBMED-RUB,61,603,60,7874,59,17337,58,5891,57,1443,63,4287,64,19021,65,8221,66,4163,67,101,62.0
2026-04-17 11:31:04 PM,KXATPMATCH-26APR18RUBMED-RUB,61,603,60,7874,59,17337,58,5901,57,1443,63,4287,64,19021,65,8221,66,4163,67,101,62.0
2026-04-17 11:31:05 PM,KXATPMATCH-26APR18RUBMED-RUB,61,603,60,7874,59,17337,58,5901,57,1443,63,4297,64,19021,65,8221,66,4163,67,101,62.0
2026-04-17 11:31:05 PM,KXATPMATCH-26APR18RUBMED-RUB,61,603,60,7874,59,17337,58,5901,57,1443,63,4307,64,19021,65,8221,66,4163,67,101,62.0
2026-04-17 11:31:09 PM,KXATPMATCH-26APR18RUBMED-RUB,61,603,60,7874,59,17337,58,5901,57,1443,63,4307,64,22192,65,8221,66,4163,67,101,62.0
2026-04-17 11:31:15 PM,KXATPMATCH-26APR18RUBMED-RUB,61,603,60,7874,59,17337,58,5901,57,1443,63,4307,64,19021,65,8221,66,4163,67,101,62.0
2026-04-17 11:31:18 PM,KXATPMATCH-26APR18RUBMED-RUB,61,603,60,7874,59,17337,58,5901,57,1443,63,4307,64,22192,65,8221,66,4163,67,101,62.0
2026-04-17 11:31:18 PM,KXATPMATCH-26APR18RUBMED-RUB,61,603,60,7874,59,17337,58,5901,57,1443,63,875,64,22192,65,8221,66,4163,67,101,62.0
2026-04-17 11:31:18 PM,KXATPMATCH-26APR18RUBMED-RUB,61,603,60,7874,59,17337,58,5901,57,1443,63,875,64,19225,65,8221,66,4163,67,101,62.0
2026-04-17 11:31:18 PM,KXATPMATCH-26APR18RUBMED-RUB,61,603,60,7874,59,17337,58,5901,57,1443,63,875,64,19225,65,14621,66,4163,67,101,62.0
2026-04-17 11:31:52 PM,KXATPMATCH-26APR18RUBMED-RUB,61,603,60,7874,59,17337,58,5901,57,1443,63,875,64,16054,65,14621,66,4163,67,101,62.0
2026-04-17 11:31:52 PM,KXATPMATCH-26APR18RUBMED-RUB,61,603,60,7874,59,17337,58,5901,57,1443,63,875,64,19225,65,14621,66,4163,67,101,62.0
2026-04-17 11:31:54 PM,KXATPMATCH-26APR18RUBMED-RUB,61,603,60,7874,59,17337,58,5901,57,1443,63,875,64,16054,65,14621,66,4163,67,101,62.0
2026-04-17 11:32:01 PM,KXATPMATCH-26APR18RUBMED-RUB,61,603,60,7874,59,17337,58,5901,57,1443,63,875,64,19225,65,14621,66,4163,67,101,62.0
2026-04-17 11:32:04 PM,KXATPMATCH-26APR18RUBMED-RUB,61,603,60,7874,59,17337,58,5901,57,1443,63,875,64,16054,65,14621,66,4163,67,101,62.0
2026-04-17 11:32:10 PM,KXATPMATCH-26APR18RUBMED-RUB,61,603,60,7874,59,17337,58,5901,57,1443,63,875,64,19225,65,14621,66,4163,67,101,62.0
2026-04-17 11:32:40 PM,KXATPMATCH-26APR18RUBMED-RUB,61,603,60,7874,59,17337,58,5901,57,1443,63,4046,64,19225,65,14621,66,4163,67,101,62.0
2026-04-17 11:32:40 PM,KXATPMATCH-26APR18RUBMED-RUB,61,603,60,7874,59,17337,58,5901,57,1443,63,4046,64,19225,65,8221,66,4163,67,101,62.0
2026-04-17 11:32:40 PM,KXATPMATCH-26APR18RUBMED-RUB,61,603,60,7874,59,17337,58,5901,57,1443,63,4046,64,16054,65,8221,66,4163,67,101,62.0
2026-04-17 11:32:40 PM,KXATPMATCH-26APR18RUBMED-RUB,61,603,60,7874,59,17337,58,5901,57,1443,63,7478,64,16054,65,8221,66,4163,67,101,62.0
2026-04-17 11:32:40 PM,KXATPMATCH-26APR18RUBMED-RUB,61,603,60,7874,59,17337,58,5901,57,1443,63,7478,64,19021,65,8221,66,4163,67,101,62.0
2026-04-17 11:33:51 PM,KXATPMATCH-26APR18RUBMED-RUB,61,603,60,7874,59,17337,58,5901,57,1443,63,7380,64,19021,65,8221,66,4163,67,101,62.0
2026-04-17 11:33:51 PM,KXATPMATCH-26APR18RUBMED-RUB,61,591,60,7874,59,17337,58,5901,57,1443,63,7380,64,19021,65,8221,66,4163,67,101,62.0
2026-04-17 11:33:51 PM,KXATPMATCH-26APR18RUBMED-RUB,61,591,60,7874,59,17337,58,5901,57,1443,63,7490,64,19021,65,8221,66,4163,67,101,62.0
2026-04-17 11:34:00 PM,KXATPMATCH-26APR18RUBMED-RUB,61,591,60,7874,59,17337,58,5901,57,1443,63,7487,64,19021,65,8221,66,4163,67,101,62.0
2026-04-17 11:35:45 PM,KXATPMATCH-26APR18RUBMED-RUB,61,591,60,7874,59,17337,58,5901,57,1443,63,7488,64,19021,65,8221,66,4163,67,101,62.0
2026-04-17 11:35:46 PM,KXATPMATCH-26APR18RUBMED-RUB,61,591,60,7874,59,17337,58,5901,57,1443,63,7487,64,19021,65,8221,66,4163,67,101,62.0
2026-04-17 11:36:00 PM,KXATPMATCH-26APR18RUBMED-RUB,61,591,60,7874,59,17337,58,5901,57,1443,63,7377,64,19021,65,8221,66,4163,67,101,62.0
2026-04-17 11:36:00 PM,KXATPMATCH-26APR18RUBMED-RUB,61,574,60,7874,59,17337,58,5901,57,1443,63,7377,64,19021,65,8221,66,4163,67,101,62.0
2026-04-17 11:36:00 PM,KXATPMATCH-26APR18RUBMED-RUB,61,574,60,7874,59,17337,58,5901,57,1443,63,7504,64,19021,65,8221,66,4163,67,101,62.0
2026-04-17 11:36:22 PM,KXATPMATCH-26APR18RUBMED-RUB,61,574,60,7874,59,17337,58,5901,57,1443,63,7503,64,19021,65,8221,66,4163,67,101,62.0
2026-04-17 11:37:13 PM,KXATPMATCH-26APR18RUBMED-RUB,61,574,60,7874,59,17337,58,5901,57,1443,63,7487,64,19021,65,8221,66,4163,67,101,62.0
2026-04-17 11:37:39 PM,KXATPMATCH-26APR18RUBMED-RUB,61,574,60,7874,59,17337,58,5901,57,1443,63,7360,64,19021,65,8221,66,4163,67,101,62.0
2026-04-17 11:37:39 PM,KXATPMATCH-26APR18RUBMED-RUB,61,570,60,7874,59,17337,58,5901,57,1443,63,7360,64,19021,65,8221,66,4163,67,101,62.0
2026-04-17 11:37:39 PM,KXATPMATCH-26APR18RUBMED-RUB,61,570,60,7874,59,17337,58,5901,57,1443,63,7491,64,19021,65,8221,66,4163,67,101,62.0
2026-04-17 11:38:26 PM,KXATPMATCH-26APR18RUBMED-RUB,61,526,60,7874,59,17337,58,5901,57,1443,63,7491,64,19021,65,8221,66,4163,67,101,62.0
2026-04-17 11:38:26 PM,KXATPMATCH-26APR18RUBMED-RUB,61,526,60,7874,59,17337,58,5901,57,1443,63,7360,64,19021,65,8221,66,4163,67,101,62.0
2026-04-17 11:38:26 PM,KXATPMATCH-26APR18RUBMED-RUB,61,519,60,7874,59,17337,58,5901,57,1443,63,7360,64,19021,65,8221,66,4163,67,101,62.0
2026-04-17 11:38:26 PM,KXATPMATCH-26APR18RUBMED-RUB,61,519,60,7874,59,17337,58,5901,57,1443,63,7542,64,19021,65,8221,66,4163,67,101,62.0
2026-04-17 11:40:13 PM,KXATPMATCH-26APR18RUBMED-RUB,61,519,60,7874,59,17337,58,5901,57,1443,63,7504,64,19021,65,8221,66,4163,67,101,62.0
2026-04-17 11:41:32 PM,KXATPMATCH-26APR18RUBMED-RUB,61,519,60,7874,59,17337,58,5901,57,1443,63,7505,64,19021,65,8221,66,4163,67,101,62.0
2026-04-17 11:41:34 PM,KXATPMATCH-26APR18RUBMED-RUB,61,519,60,7874,59,17337,58,5901,57,1443,63,7504,64,19021,65,8221,66,4163,67,101,62.0
2026-04-17 11:43:18 PM,KXATPMATCH-26APR18RUBMED-RUB,61,519,60,7874,59,17337,58,6901,57,1443,63,7504,64,19021,65,8221,66,4163,67,101,62.0
2026-04-17 11:43:30 PM,KXATPMATCH-26APR18RUBMED-RUB,61,519,60,7874,59,17337,58,6901,57,1443,63,7505,64,19021,65,8221,66,4163,67,101,62.0
2026-04-17 11:43:36 PM,KXATPMATCH-26APR18RUBMED-RUB,61,519,60,7874,59,17337,58,6901,57,1443,63,7504,64,19021,65,8221,66,4163,67,101,62.0
2026-04-17 11:44:56 PM,KXATPMATCH-26APR18RUBMED-RUB,61,519,60,7874,59,17337,58,6901,57,1443,63,7498,64,19021,65,8221,66,4163,67,101,62.0
2026-04-17 11:44:56 PM,KXATPMATCH-26APR18RUBMED-RUB,61,519,60,7874,59,19437,58,6901,57,1443,63,7498,64,19021,65,8221,66,4163,67,101,62.0
2026-04-17 11:47:19 PM,KXATPMATCH-26APR18RUBMED-RUB,61,519,60,7874,59,19437,58,6901,57,1443,63,7288,64,19021,65,8221,66,4163,67,101,62.0
2026-04-17 11:47:19 PM,KXATPMATCH-26APR18RUBMED-RUB,61,519,60,7874,59,19437,58,6901,57,1443,63,7169,64,19021,65,8221,66,4163,67,101,62.0
2026-04-17 11:47:19 PM,KXATPMATCH-26APR18RUBMED-RUB,61,519,60,7874,59,19437,58,6901,57,1443,63,6865,64,19021,65,8221,66,4163,67,101,62.0
2026-04-17 11:47:19 PM,KXATPMATCH-26APR18RUBMED-RUB,61,519,60,7874,59,19437,58,6901,57,1443,63,6860,64,19021,65,8221,66,4163,67,101,62.0
2026-04-17 11:47:19 PM,KXATPMATCH-26APR18RUBMED-RUB,61,519,60,7874,59,19437,58,6901,57,1443,63,6812,64,19021,65,8221,66,4163,67,101,62.0
2026-04-17 11:47:19 PM,KXATPMATCH-26APR18RUBMED-RUB,61,519,60,7874,59,19437,58,6901,57,1443,63,6802,64,19021,65,8221,66,4163,67,101,62.0
2026-04-17 11:47:19 PM,KXATPMATCH-26APR18RUBMED-RUB,61,519,60,7874,59,19437,58,6901,57,1443,63,6792,64,19021,65,8221,66,4163,67,101,62.0
2026-04-17 11:47:19 PM,KXATPMATCH-26APR18RUBMED-RUB,61,519,60,7874,59,19437,58,6901,57,1443,63,6570,64,19021,65,8221,66,4163,67,101,62.0
2026-04-17 11:47:19 PM,KXATPMATCH-26APR18RUBMED-RUB,61,519,60,7937,59,19437,58,6901,57,1443,63,6570,64,19021,65,8221,66,4163,67,101,62.0
2026-04-17 11:47:19 PM,KXATPMATCH-26APR18RUBMED-RUB,61,519,60,7937,59,19437,58,6901,57,1443,63,6570,64,19021,65,8221,66,4692,67,101,62.0
2026-04-17 11:47:19 PM,KXATPMATCH-26APR18RUBMED-RUB,61,519,60,7937,59,19487,58,6901,57,1443,63,6570,64,19021,65,8221,66,4692,67,101,62.0
2026-04-17 11:47:21 PM,KXATPMATCH-26APR18RUBMED-RUB,61,871,60,7937,59,19487,58,6901,57,1443,63,6570,64,19021,65,8221,66,4692,67,101,62.0
2026-04-17 11:47:53 PM,KXATPMATCH-26APR18RUBMED-RUB,61,871,60,7937,59,17387,58,6901,57,1443,63,6570,64,19021,65,8221,66,4692,67,101,62.0
2026-04-17 11:47:53 PM,KXATPMATCH-26APR18RUBMED-RUB,61,871,60,7937,59,19387,58,6901,57,1443,63,6570,64,19021,65,8221,66,4692,67,101,62.0
2026-04-17 11:48:32 PM,KXATPMATCH-26APR18RUBMED-RUB,61,871,60,7937,59,19387,58,6901,57,1443,63,6738,64,19021,65,8221,66,4692,67,101,62.0
2026-04-17 11:49:35 PM,KXATPMATCH-26APR18RUBMED-RUB,61,871,60,7937,59,17387,58,6901,57,1443,63,6738,64,19021,65,8221,66,4692,67,101,62.0
2026-04-17 11:49:36 PM,KXATPMATCH-26APR18RUBMED-RUB,61,871,60,7937,59,17387,58,6901,57,1443,63,6570,64,19021,65,8221,66,4692,67,101,62.0
2026-04-17 11:49:36 PM,KXATPMATCH-26APR18RUBMED-RUB,61,871,60,7937,59,17387,58,6901,57,1443,63,6570,64,19021,65,8221,66,4693,67,101,62.0
2026-04-17 11:49:54 PM,KXATPMATCH-26APR18RUBMED-RUB,61,871,60,7937,59,17387,58,6901,57,1443,63,6536,64,19021,65,8221,66,4693,67,101,62.0
2026-04-17 11:49:57 PM,KXATPMATCH-26APR18RUBMED-RUB,61,871,60,7937,59,18387,58,6901,57,1443,63,6536,64,19021,65,8221,66,4693,67,101,62.0
2026-04-17 11:49:57 PM,KXATPMATCH-26APR18RUBMED-RUB,61,871,60,7937,59,18387,58,6901,57,1443,63,6475,64,19021,65,8221,66,4693,67,101,62.0
2026-04-17 11:50:07 PM,KXATPMATCH-26APR18RUBMED-RUB,61,871,60,7937,59,18337,58,6901,57,1443,63,6475,64,19021,65,8221,66,4693,67,101,62.0
2026-04-17 11:50:41 PM,KXATPMATCH-26APR18RUBMED-RUB,61,871,60,7937,59,18337,58,6901,57,1443,63,6437,64,19021,65,8221,66,4693,67,101,62.0
2026-04-17 11:50:46 PM,KXATPMATCH-26APR18RUBMED-RUB,61,871,60,7937,59,18337,58,6901,57,1443,63,6421,64,19021,65,8221,66,4693,67,101,62.0
2026-04-17 11:50:58 PM,KXATPMATCH-26APR18RUBMED-RUB,61,871,60,7937,59,18337,58,6901,57,1443,63,6456,64,19021,65,8221,66,4693,67,101,62.0
2026-04-17 11:50:59 PM,KXATPMATCH-26APR18RUBMED-RUB,61,871,60,7937,59,18337,58,6901,57,1443,63,6456,64,19021,65,8221,66,4692,67,101,62.0
2026-04-17 11:52:16 PM,KXATPMATCH-26APR18RUBMED-RUB,61,871,60,7972,59,18337,58,6901,57,1443,63,6456,64,19021,65,8221,66,4692,67,101,62.0
2026-04-17 11:52:57 PM,KXATPMATCH-26APR18RUBMED-RUB,61,871,60,7972,59,17337,58,6901,57,1443,63,6456,64,19021,65,8221,66,4692,67,101,62.0
2026-04-17 11:53:05 PM,KXATPMATCH-26APR18RUBMED-RUB,61,871,60,7972,59,17337,58,6901,57,1443,63,6173,64,19021,65,8221,66,4692,67,101,62.0
2026-04-17 11:53:05 PM,KXATPMATCH-26APR18RUBMED-RUB,61,871,60,7972,59,17337,58,6901,57,1443,63,6138,64,19021,65,8221,66,4692,67,101,62.0
2026-04-17 11:53:05 PM,KXATPMATCH-26APR18RUBMED-RUB,61,871,60,7937,59,17337,58,6901,57,1443,63,6138,64,19021,65,8221,66,4692,67,101,62.0
2026-04-17 11:53:38 PM,KXATPMATCH-26APR18RUBMED-RUB,61,871,60,7937,59,17337,58,6901,57,1443,63,6085,64,19021,65,8221,66,4692,67,101,62.0
2026-04-17 11:53:38 PM,KXATPMATCH-26APR18RUBMED-RUB,61,871,60,7937,59,17637,58,6901,57,1443,63,6085,64,19021,65,8221,66,4692,67,101,62.0
2026-04-17 11:54:21 PM,KXATPMATCH-26APR18RUBMED-RUB,61,871,60,7937,59,17637,58,6901,57,1443,63,6081,64,19021,65,8221,66,4692,67,101,62.0
2026-04-17 11:54:22 PM,KXATPMATCH-26APR18RUBMED-RUB,61,871,60,7937,59,18737,58,6901,57,1443,63,6081,64,19021,65,8221,66,4692,67,101,62.0
2026-04-17 11:56:23 PM,KXATPMATCH-26APR18RUBMED-RUB,61,871,60,7937,59,18437,58,6901,57,1443,63,6081,64,19021,65,8221,66,4692,67,101,62.0
2026-04-17 11:56:47 PM,KXATPMATCH-26APR18RUBMED-RUB,61,871,60,7937,59,18437,58,6901,57,1443,63,6061,64,19021,65,8221,66,4692,67,101,62.0
2026-04-17 11:57:00 PM,KXATPMATCH-26APR18RUBMED-RUB,61,871,60,7937,59,18437,58,6901,57,1443,63,6061,64,19021,65,8221,66,4693,67,101,62.0
2026-04-17 11:57:08 PM,KXATPMATCH-26APR18RUBMED-RUB,61,871,60,7937,59,17337,58,6901,57,1443,63,6061,64,19021,65,8221,66,4693,67,101,62.0
2026-04-17 11:58:02 PM,KXATPMATCH-26APR18RUBMED-RUB,61,871,60,7957,59,17337,58,6901,57,1443,63,6061,64,19021,65,8221,66,4693,67,101,62.0
2026-04-17 11:58:02 PM,KXATPMATCH-26APR18RUBMED-RUB,61,871,60,7957,59,17337,58,6901,57,1443,62,20,63,6061,64,19021,65,8221,66,4693,61.5
2026-04-17 11:58:02 PM,KXATPMATCH-26APR18RUBMED-RUB,61,871,60,7957,59,17337,58,6901,57,1443,62,130,63,6061,64,19021,65,8221,66,4693,61.5
2026-04-17 11:58:02 PM,KXATPMATCH-26APR18RUBMED-RUB,61,871,60,7957,59,17337,58,6901,57,1443,62,130,63,6061,64,19021,65,8221,66,4692,61.5
2026-04-17 11:58:13 PM,KXATPMATCH-26APR18RUBMED-RUB,61,871,60,7957,59,17337,58,6901,57,1443,62,110,63,6061,64,19021,65,8221,66,4692,61.5
2026-04-17 11:58:13 PM,KXATPMATCH-26APR18RUBMED-RUB,61,871,60,7957,59,17337,58,6901,57,1443,63,6061,64,19021,65,8221,66,4692,67,101,62.0
2026-04-17 11:58:13 PM,KXATPMATCH-26APR18RUBMED-RUB,61,871,60,7957,59,17337,58,6901,57,1443,63,3622,64,19021,65,8221,66,4692,67,101,62.0
2026-04-17 11:58:13 PM,KXATPMATCH-26APR18RUBMED-RUB,61,871,60,7957,59,17337,58,6901,57,1443,63,190,64,19021,65,8221,66,4692,67,101,62.0
2026-04-17 11:58:13 PM,KXATPMATCH-26APR18RUBMED-RUB,61,871,60,7957,59,17337,58,6901,57,1443,63,8,64,19021,65,8221,66,4692,67,101,62.0
2026-04-17 11:58:13 PM,KXATPMATCH-26APR18RUBMED-RUB,61,871,60,7957,59,17337,58,6901,57,1443,63,8,64,18773,65,8221,66,4692,67,101,62.0
2026-04-17 11:58:13 PM,KXATPMATCH-26APR18RUBMED-RUB,61,871,60,7957,59,17337,58,6901,57,1443,63,8,64,18419,65,8221,66,4692,67,101,62.0
2026-04-17 11:58:13 PM,KXATPMATCH-26APR18RUBMED-RUB,61,871,60,7957,59,17337,58,6901,57,1443,63,8,64,17891,65,8221,66,4692,67,101,62.0
2026-04-17 11:58:13 PM,KXATPMATCH-26APR18RUBMED-RUB,61,871,60,7957,59,17337,58,6901,57,1443,63,8,64,16748,65,8221,66,4692,67,101,62.0
2026-04-17 11:58:13 PM,KXATPMATCH-26APR18RUBMED-RUB,61,871,60,7957,59,17337,58,6901,57,1443,63,8,64,16514,65,8221,66,4692,67,101,62.0
2026-04-17 11:58:13 PM,KXATPMATCH-26APR18RUBMED-RUB,61,871,60,7957,59,17337,58,6901,57,1443,63,8,64,16529,65,8221,66,4692,67,101,62.0
2026-04-17 11:58:13 PM,KXATPMATCH-26APR18RUBMED-RUB,61,871,60,8036,59,17337,58,6901,57,1443,63,8,64,16529,65,8221,66,4692,67,101,62.0
2026-04-17 11:58:13 PM,KXATPMATCH-26APR18RUBMED-RUB,61,871,60,8036,59,17337,58,6901,57,1443,63,8,64,16529,65,8451,66,4692,67,101,62.0
2026-04-17 11:58:13 PM,KXATPMATCH-26APR18RUBMED-RUB,61,871,60,8036,59,17337,58,6901,57,1443,63,8,64,18094,65,8451,66,4692,67,101,62.0
2026-04-17 11:58:13 PM,KXATPMATCH-26APR18RUBMED-RUB,61,871,60,8036,59,17337,58,6901,57,1443,63,8,64,21123,65,8451,66,4692,67,101,62.0
2026-04-17 11:58:13 PM,KXATPMATCH-26APR18RUBMED-RUB,61,871,60,8036,59,17337,58,6901,57,1443,63,8,64,22212,65,8451,66,4692,67,101,62.0
2026-04-17 11:58:14 PM,KXATPMATCH-26APR18RUBMED-RUB,61,871,60,8036,59,17337,58,6901,57,1443,62,20,63,8,64,22212,65,8451,66,4692,61.5
2026-04-17 11:58:14 PM,KXATPMATCH-26APR18RUBMED-RUB,61,871,60,8036,59,17337,58,6901,57,1443,62,20,63,8,64,19499,65,8451,66,4692,61.5
2026-04-17 11:58:14 PM,KXATPMATCH-26APR18RUBMED-RUB,61,871,60,8036,59,17337,58,6901,57,1443,62,20,63,8,64,19484,65,8451,66,4692,61.5
2026-04-17 11:58:14 PM,KXATPMATCH-26APR18RUBMED-RUB,61,871,60,8036,59,17337,58,6901,57,1443,62,20,63,8,64,19484,65,11241,66,4692,61.5
2026-04-17 11:58:14 PM,KXATPMATCH-26APR18RUBMED-RUB,61,871,60,8036,59,17217,58,6901,57,1443,62,20,63,8,64,19484,65,11241,66,4692,61.5
2026-04-17 11:58:14 PM,KXATPMATCH-26APR18RUBMED-RUB,61,871,60,8036,59,17284,58,6901,57,1443,62,20,63,8,64,19484,65,11241,66,4692,61.5
2026-04-17 11:58:15 PM,KXATPMATCH-26APR18RUBMED-RUB,61,871,60,8036,59,17284,58,6901,57,1443,62,20,63,8,64,16517,65,11241,66,4692,61.5
2026-04-17 11:58:15 PM,KXATPMATCH-26APR18RUBMED-RUB,61,871,60,8036,59,17284,58,6901,57,1443,62,20,63,8,64,16517,65,17641,66,4692,61.5
2026-04-17 11:58:15 PM,KXATPMATCH-26APR18RUBMED-RUB,61,871,60,8036,59,17334,58,6901,57,1443,62,20,63,8,64,16517,65,17641,66,4692,61.5
2026-04-17 11:58:15 PM,KXATPMATCH-26APR18RUBMED-RUB,61,871,60,8036,59,17334,58,6901,57,1443,62,20,63,8,64,13085,65,17641,66,4692,61.5
2026-04-17 11:58:15 PM,KXATPMATCH-26APR18RUBMED-RUB,61,871,60,9752,59,17334,58,6901,57,1443,62,20,63,8,64,13085,65,17641,66,4692,61.5
2026-04-17 11:58:16 PM,KXATPMATCH-26APR18RUBMED-RUB,61,871,60,9752,59,19050,58,6901,57,1443,62,20,63,8,64,13085,65,17641,66,4692,61.5
2026-04-17 11:58:16 PM,KXATPMATCH-26APR18RUBMED-RUB,61,1053,60,9752,59,19050,58,6901,57,1443,62,20,63,8,64,13085,65,17641,66,4692,61.5
2026-04-17 11:58:16 PM,KXATPMATCH-26APR18RUBMED-RUB,61,1053,60,9752,59,19050,58,6901,57,1443,62,20,63,8,64,13085,65,11241,66,4692,61.5
2026-04-17 11:58:16 PM,KXATPMATCH-26APR18RUBMED-RUB,61,1053,60,9752,59,19050,58,6901,57,1443,62,20,63,8,64,19485,65,11241,66,4692,61.5
2026-04-17 11:58:22 PM,KXATPMATCH-26APR18RUBMED-RUB,61,1053,60,9752,59,19050,58,6901,57,1443,62,20,63,3036,64,19485,65,11241,66,4692,61.5
2026-04-17 11:58:22 PM,KXATPMATCH-26APR18RUBMED-RUB,61,1053,60,9752,59,19050,58,6901,57,1443,62,20,63,3036,64,19485,65,8451,66,4692,61.5
2026-04-17 11:58:22 PM,KXATPMATCH-26APR18RUBMED-RUB,61,1053,60,9752,59,19050,58,6901,57,1443,62,20,63,3036,64,16456,65,8451,66,4692,61.5
2026-04-17 11:58:23 PM,KXATPMATCH-26APR18RUBMED-RUB,61,1053,60,9752,59,19117,58,6901,57,1443,62,20,63,3036,64,16456,65,8451,66,4692,61.5
2026-04-17 11:58:23 PM,KXATPMATCH-26APR18RUBMED-RUB,61,1053,60,9752,59,19050,58,6901,57,1443,62,20,63,3036,64,16456,65,8451,66,4692,61.5
2026-04-18 12:00:04 AM,KXATPMATCH-26APR18RUBMED-RUB,61,1053,60,9752,59,19050,58,6901,57,1443,62,20,63,3036,64,19169,65,8451,66,4692,61.5
2026-04-18 12:00:08 AM,KXATPMATCH-26APR18RUBMED-RUB,61,1053,60,9752,59,19050,58,6901,57,1443,63,3036,64,19169,65,8451,66,4692,67,101,62.0
2026-04-18 12:00:08 AM,KXATPMATCH-26APR18RUBMED-RUB,61,1053,60,9752,59,19050,58,6901,57,1443,63,3018,64,19169,65,8451,66,4692,67,101,62.0
2026-04-18 12:00:09 AM,KXATPMATCH-26APR18RUBMED-RUB,61,1053,60,9752,59,19350,58,6901,57,1443,63,3018,64,19169,65,8451,66,4692,67,101,62.0
2026-04-18 12:00:09 AM,KXATPMATCH-26APR18RUBMED-RUB,61,1053,60,9752,59,19350,58,6901,57,1443,62,20,63,3018,64,19169,65,8451,66,4692,61.5
2026-04-18 12:00:13 AM,KXATPMATCH-26APR18RUBMED-RUB,61,1053,60,9752,59,19350,58,6901,57,1443,62,20,63,3018,64,16915,65,8451,66,4692,61.5
2026-04-18 12:00:13 AM,KXATPMATCH-26APR18RUBMED-RUB,61,1053,60,9752,59,19350,58,6901,57,1443,62,20,63,3018,64,19162,65,8451,66,4692,61.5
2026-04-18 12:00:19 AM,KXATPMATCH-26APR18RUBMED-RUB,61,1053,60,9752,59,19350,58,6901,57,1443,63,3018,64,19162,65,8451,66,4692,67,101,62.0
2026-04-18 12:00:20 AM,KXATPMATCH-26APR18RUBMED-RUB,61,1053,60,9752,59,19350,58,6901,57,1443,62,20,63,3018,64,19162,65,8451,66,4692,61.5
2026-04-18 12:00:57 AM,KXATPMATCH-26APR18RUBMED-RUB,61,1053,60,9752,59,19350,58,6901,57,1443,62,20,63,3018,64,19164,65,8451,66,4692,61.5
2026-04-18 12:00:57 AM,KXATPMATCH-26APR18RUBMED-RUB,61,1053,60,9752,59,19350,58,6901,57,1443,62,20,63,3018,64,19164,65,8453,66,4692,61.5
2026-04-18 12:01:00 AM,KXATPMATCH-26APR18RUBMED-RUB,61,1053,60,9752,59,19350,58,6901,57,1443,63,3018,64,19164,65,8453,66,4692,67,101,62.0
2026-04-18 12:01:01 AM,KXATPMATCH-26APR18RUBMED-RUB,61,1053,60,9752,59,19350,58,6901,57,1443,62,20,63,3018,64,19164,65,8453,66,4692,61.5
2026-04-18 12:01:04 AM,KXATPMATCH-26APR18RUBMED-RUB,61,1053,60,9752,59,19300,58,6901,57,1443,62,20,63,3018,64,19164,65,8453,66,4692,61.5
2026-04-18 12:01:07 AM,KXATPMATCH-26APR18RUBMED-RUB,61,1053,60,9772,59,19300,58,6901,57,1443,62,20,63,3018,64,19164,65,8453,66,4692,61.5
2026-04-18 12:01:07 AM,KXATPMATCH-26APR18RUBMED-RUB,61,1053,60,9772,59,19300,58,6901,57,1443,62,40,63,3018,64,19164,65,8453,66,4692,61.5
2026-04-18 12:01:10 AM,KXATPMATCH-26APR18RUBMED-RUB,61,1053,60,9772,59,19400,58,6901,57,1443,62,40,63,3018,64,19164,65,8453,66,4692,61.5
2026-04-18 12:01:10 AM,KXATPMATCH-26APR18RUBMED-RUB,61,1053,60,9772,59,19400,58,6901,57,1443,62,20,63,3018,64,19164,65,8453,66,4692,61.5
2026-04-18 12:01:11 AM,KXATPMATCH-26APR18RUBMED-RUB,61,1053,60,9772,59,19400,58,6901,57,1443,62,40,63,3018,64,19164,65,8453,66,4692,61.5
2026-04-18 12:01:40 AM,KXATPMATCH-26APR18RUBMED-RUB,61,1053,60,9772,59,19100,58,6901,57,1443,62,40,63,3018,64,19164,65,8453,66,4692,61.5
2026-04-18 12:02:04 AM,KXATPMATCH-26APR18RUBMED-RUB,61,1053,60,9772,59,19000,58,6901,57,1443,62,40,63,3018,64,19164,65,8453,66,4692,61.5
2026-04-18 12:03:06 AM,KXATPMATCH-26APR18RUBMED-RUB,61,1053,60,9772,59,19000,58,6901,57,1443,62,40,63,3053,64,19164,65,8453,66,4692,61.5
2026-04-18 12:03:13 AM,KXATPMATCH-26APR18RUBMED-RUB,61,1039,60,9772,59,19000,58,6901,57,1443,62,40,63,3053,64,19164,65,8453,66,4692,61.5
2026-04-18 12:03:13 AM,KXATPMATCH-26APR18RUBMED-RUB,61,1039,60,9772,59,19000,58,6901,57,1443,62,40,63,3067,64,19164,65,8453,66,4692,61.5
2026-04-18 12:03:13 AM,KXATPMATCH-26APR18RUBMED-RUB,61,1039,60,9772,59,19000,58,6901,57,1443,62,224,63,3067,64,19164,65,8453,66,4692,61.5
2026-04-18 12:03:18 AM,KXATPMATCH-26APR18RUBMED-RUB,61,1039,60,9772,59,19050,58,6901,57,1443,62,224,63,3067,64,19164,65,8453,66,4692,61.5
2026-04-18 12:03:49 AM,KXATPMATCH-26APR18RUBMED-RUB,61,1039,60,9807,59,19050,58,6901,57,1443,62,224,63,3067,64,19164,65,8453,66,4692,61.5
2026-04-18 12:04:03 AM,KXATPMATCH-26APR18RUBMED-RUB,61,1039,60,9807,59,19050,58,6901,57,1443,62,224,63,3068,64,19164,65,8453,66,4692,61.5
2026-04-18 12:04:04 AM,KXATPMATCH-26APR18RUBMED-RUB,61,1039,60,9807,59,19050,58,6901,57,1443,62,224,63,3067,64,19164,65,8453,66,4692,61.5
2026-04-18 12:05:18 AM,KXATPMATCH-26APR18RUBMED-RUB,61,1039,60,9807,59,19050,58,6901,57,1443,62,224,63,3032,64,19164,65,8453,66,4692,61.5
2026-04-18 12:05:18 AM,KXATPMATCH-26APR18RUBMED-RUB,61,1039,60,9772,59,19050,58,6901,57,1443,62,224,63,3032,64,19164,65,8453,66,4692,61.5
2026-04-18 12:06:02 AM,KXATPMATCH-26APR18RUBMED-RUB,61,1039,60,9772,59,19050,58,6901,57,1443,62,204,63,3032,64,19164,65,8453,66,4692,61.5
2026-04-18 12:06:02 AM,KXATPMATCH-26APR18RUBMED-RUB,61,1039,60,9772,59,19050,58,6901,57,1443,62,185,63,3032,64,19164,65,8453,66,4692,61.5
2026-04-18 12:06:03 AM,KXATPMATCH-26APR18RUBMED-RUB,61,1039,60,9772,59,19050,58,6901,57,1443,62,205,63,3032,64,19164,65,8453,66,4692,61.5
2026-04-18 12:06:03 AM,KXATPMATCH-26APR18RUBMED-RUB,61,1039,60,9772,59,19050,58,6901,57,1443,62,225,63,3032,64,19164,65,8453,66,4692,61.5
2026-04-18 12:06:10 AM,KXATPMATCH-26APR18RUBMED-RUB,61,1039,60,9772,59,19000,58,6901,57,1443,62,225,63,3032,64,19164,65,8453,66,4692,61.5
2026-04-18 12:06:12 AM,KXATPMATCH-26APR18RUBMED-RUB,61,1024,60,9772,59,19000,58,6901,57,1443,62,225,63,3032,64,19164,65,8453,66,4692,61.5
2026-04-18 12:06:12 AM,KXATPMATCH-26APR18RUBMED-RUB,61,1024,60,9772,59,19000,58,6901,57,1443,62,225,63,3032,64,19164,65,8443,66,4692,61.5
2026-04-18 12:06:15 AM,KXATPMATCH-26APR18RUBMED-RUB,61,1024,60,9772,59,19010,58,6901,57,1443,62,225,63,3032,64,19164,65,8443,66,4692,61.5
2026-04-18 12:06:15 AM,KXATPMATCH-26APR18RUBMED-RUB,61,1024,60,9772,59,19010,58,6901,57,1443,62,225,63,3047,64,19164,65,8443,66,4692,61.5
2026-04-18 12:07:30 AM,KXATPMATCH-26APR18RUBMED-RUB,61,1024,60,9772,59,19010,58,6986,57,1443,62,225,63,3047,64,19164,65,8443,66,4692,61.5
2026-04-18 12:07:30 AM,KXATPMATCH-26APR18RUBMED-RUB,61,1024,60,9772,59,18993,58,6986,57,1443,62,225,63,3047,64,19164,65,8443,66,4692,61.5
2026-04-18 12:07:30 AM,KXATPMATCH-26APR18RUBMED-RUB,61,1024,60,9772,59,18926,58,6986,57,1443,62,225,63,3047,64,19164,65,8443,66,4692,61.5
2026-04-18 12:08:29 AM,KXATPMATCH-26APR18RUBMED-RUB,61,1024,60,9772,59,18926,58,6986,57,1443,62,148,63,3047,64,19164,65,8443,66,4692,61.5
2026-04-18 12:08:37 AM,KXATPMATCH-26APR18RUBMED-RUB,61,1024,60,9772,59,18926,58,6986,57,1443,62,148,63,3047,64,22228,65,8443,66,4692,61.5
2026-04-18 12:08:37 AM,KXATPMATCH-26APR18RUBMED-RUB,61,1024,60,9772,59,18926,58,6986,57,1443,62,148,63,38,64,22228,65,8443,66,4692,61.5
2026-04-18 12:08:38 AM,KXATPMATCH-26APR18RUBMED-RUB,61,1024,60,9772,59,18880,58,6986,57,1443,62,148,63,38,64,22228,65,8443,66,4692,61.5
2026-04-18 12:08:38 AM,KXATPMATCH-26APR18RUBMED-RUB,61,1024,60,9636,59,18880,58,6986,57,1443,62,148,63,38,64,22228,65,8443,66,4692,61.5
2026-04-18 12:08:38 AM,KXATPMATCH-26APR18RUBMED-RUB,61,1024,60,9636,59,18880,58,6985,57,1443,62,148,63,38,64,22228,65,8443,66,4692,61.5
2026-04-18 12:08:38 AM,KXATPMATCH-26APR18RUBMED-RUB,61,1024,60,9636,59,18880,58,6983,57,1443,62,148,63,38,64,22228,65,8443,66,4692,61.5
2026-04-18 12:08:38 AM,KXATPMATCH-26APR18RUBMED-RUB,61,1024,60,9573,59,18880,58,6983,57,1443,62,148,63,38,64,22228,65,8443,66,4692,61.5
2026-04-18 12:08:38 AM,KXATPMATCH-26APR18RUBMED-RUB,61,1024,60,9573,59,18880,58,6983,57,1443,62,148,63,38,64,19515,65,8443,66,4692,61.5
2026-04-18 12:08:38 AM,KXATPMATCH-26APR18RUBMED-RUB,61,1024,60,9573,59,18880,58,6982,57,1443,62,148,63,38,64,19515,65,8443,66,4692,61.5
2026-04-18 12:08:38 AM,KXATPMATCH-26APR18RUBMED-RUB,61,1024,60,9573,59,18880,58,6982,57,1357,62,148,63,38,64,19515,65,8443,66,4692,61.5
2026-04-18 12:08:38 AM,KXATPMATCH-26APR18RUBMED-RUB,61,1024,60,9494,59,18880,58,6982,57,1357,62,148,63,38,64,19515,65,8443,66,4692,61.5
2026-04-18 12:08:38 AM,KXATPMATCH-26APR18RUBMED-RUB,61,1024,60,9494,59,18880,58,6896,57,1357,62,148,63,38,64,19515,65,8443,66,4692,61.5
2026-04-18 12:08:38 AM,KXATPMATCH-26APR18RUBMED-RUB,61,1024,60,9494,59,18880,58,6896,57,1357,62,148,63,38,64,19515,65,8443,66,4311,61.5
2026-04-18 12:08:38 AM,KXATPMATCH-26APR18RUBMED-RUB,61,1024,60,9494,59,18880,58,6896,57,1357,62,148,63,38,64,19515,65,8443,66,6999,61.5
2026-04-18 12:08:38 AM,KXATPMATCH-26APR18RUBMED-RUB,61,1024,60,9494,59,18880,58,6896,57,1357,62,148,63,38,64,19515,65,7914,66,6999,61.5
2026-04-18 12:08:38 AM,KXATPMATCH-26APR18RUBMED-RUB,61,774,60,9494,59,18880,58,6896,57,1357,62,148,63,38,64,19515,65,7914,66,6999,61.5
2026-04-18 12:08:38 AM,KXATPMATCH-26APR18RUBMED-RUB,61,883,60,9494,59,18880,58,6896,57,1357,62,148,63,38,64,19515,65,7914,66,6999,61.5
2026-04-18 12:08:38 AM,KXATPMATCH-26APR18RUBMED-RUB,61,883,60,9585,59,18880,58,6896,57,1357,62,148,63,38,64,19515,65,7914,66,6999,61.5
2026-04-18 12:08:38 AM,KXATPMATCH-26APR18RUBMED-RUB,61,1161,60,9585,59,18880,58,6896,57,1357,62,148,63,38,64,19515,65,7914,66,6999,61.5
2026-04-18 12:08:38 AM,KXATPMATCH-26APR18RUBMED-RUB,61,1161,60,9585,59,18880,58,6896,57,1357,62,148,63,38,64,16451,65,7914,66,6999,61.5
2026-04-18 12:08:38 AM,KXATPMATCH-26APR18RUBMED-RUB,61,1161,60,9835,59,18880,58,6896,57,1357,62,148,63,38,64,16451,65,7914,66,6999,61.5
2026-04-18 12:08:38 AM,KXATPMATCH-26APR18RUBMED-RUB,61,1052,60,9835,59,18880,58,6896,57,1357,62,148,63,38,64,16451,65,7914,66,6999,61.5
2026-04-18 12:08:38 AM,KXATPMATCH-26APR18RUBMED-RUB,61,1052,60,9835,59,18880,58,6896,57,1357,62,148,63,38,64,14204,65,7914,66,6999,61.5
2026-04-18 12:08:38 AM,KXATPMATCH-26APR18RUBMED-RUB,61,1052,60,9835,59,18880,58,6896,57,1357,62,148,63,38,64,14204,65,7914,66,7822,61.5
2026-04-18 12:08:38 AM,KXATPMATCH-26APR18RUBMED-RUB,61,1052,60,9835,59,18880,58,6896,57,1357,62,148,63,38,64,13954,65,7914,66,7822,61.5
2026-04-18 12:08:38 AM,KXATPMATCH-26APR18RUBMED-RUB,61,1052,60,9899,59,18880,58,6896,57,1357,62,148,63,38,64,13954,65,7914,66,7822,61.5
2026-04-18 12:08:38 AM,KXATPMATCH-26APR18RUBMED-RUB,61,1052,60,9899,59,18880,58,6896,57,1357,62,148,63,288,64,13954,65,7914,66,7822,61.5
2026-04-18 12:08:38 AM,KXATPMATCH-26APR18RUBMED-RUB,61,1052,60,9899,59,18880,58,6983,57,1357,62,148,63,288,64,13954,65,7914,66,7822,61.5
2026-04-18 12:08:38 AM,KXATPMATCH-26APR18RUBMED-RUB,61,1052,60,9899,59,18880,58,6983,57,1357,62,148,63,288,64,13954,65,7914,66,5134,61.5
2026-04-18 12:08:38 AM,KXATPMATCH-26APR18RUBMED-RUB,61,1052,60,9899,59,18880,58,6983,57,1357,62,148,63,288,64,13954,65,7914,66,5416,61.5
2026-04-18 12:08:38 AM,KXATPMATCH-26APR18RUBMED-RUB,61,1052,60,9649,59,18880,58,6983,57,1357,62,148,63,288,64,13954,65,7914,66,5416,61.5
2026-04-18 12:08:38 AM,KXATPMATCH-26APR18RUBMED-RUB,61,1302,60,9649,59,18880,58,6983,57,1357,62,148,63,288,64,13954,65,7914,66,5416,61.5
2026-04-18 12:08:39 AM,KXATPMATCH-26APR18RUBMED-RUB,61,1302,60,9649,59,18880,58,6983,57,1357,62,148,63,38,64,13954,65,7914,66,5416,61.5
2026-04-18 12:08:39 AM,KXATPMATCH-26APR18RUBMED-RUB,61,1302,60,9649,59,18880,58,6983,57,1357,62,148,63,38,64,14204,65,7914,66,5416,61.5
2026-04-18 12:08:39 AM,KXATPMATCH-26APR18RUBMED-RUB,61,1302,60,9649,59,18880,58,6983,57,1357,62,148,63,38,64,14204,65,7914,66,4593,61.5
2026-04-18 12:08:40 AM,KXATPMATCH-26APR18RUBMED-RUB,61,1134,60,9649,59,18880,58,6983,57,1357,62,148,63,38,64,14204,65,7914,66,4593,61.5
2026-04-18 12:08:40 AM,KXATPMATCH-26APR18RUBMED-RUB,61,1134,60,9632,59,18880,58,6983,57,1357,62,148,63,38,64,14204,65,7914,66,4593,61.5
2026-04-18 12:08:40 AM,KXATPMATCH-26APR18RUBMED-RUB,61,1134,60,8849,59,18880,58,6983,57,1357,62,148,63,38,64,14204,65,7914,66,4593,61.5
2026-04-18 12:08:40 AM,KXATPMATCH-26APR18RUBMED-RUB,61,1134,60,8849,59,18880,58,6983,57,1357,62,148,63,24,64,14204,65,7914,66,4593,61.5
2026-04-18 12:08:40 AM,KXATPMATCH-26APR18RUBMED-RUB,61,1134,60,8849,59,18880,58,6983,57,1357,62,148,63,24,64,13858,65,7914,66,4593,61.5
2026-04-18 12:08:40 AM,KXATPMATCH-26APR18RUBMED-RUB,61,1333,60,8849,59,18880,58,6983,57,1357,62,148,63,24,64,13858,65,7914,66,4593,61.5
2026-04-18 12:08:40 AM,KXATPMATCH-26APR18RUBMED-RUB,61,1333,60,8849,59,18880,58,6983,57,1357,62,148,63,24,64,13858,65,8714,66,4593,61.5
2026-04-18 12:08:40 AM,KXATPMATCH-26APR18RUBMED-RUB,61,1662,60,8849,59,18880,58,6983,57,1357,62,148,63,24,64,13858,65,8714,66,4593,61.5
2026-04-18 12:08:40 AM,KXATPMATCH-26APR18RUBMED-RUB,61,1662,60,8849,59,17845,58,6983,57,1357,62,148,63,24,64,13858,65,8714,66,4593,61.5
2026-04-18 12:08:40 AM,KXATPMATCH-26APR18RUBMED-RUB,61,1662,60,8849,59,17794,58,6983,57,1357,62,148,63,24,64,13858,65,8714,66,4593,61.5
2026-04-18 12:08:40 AM,KXATPMATCH-26APR18RUBMED-RUB,61,1662,60,8849,59,17754,58,6983,57,1357,62,148,63,24,64,13858,65,8714,66,4593,61.5
2026-04-18 12:08:40 AM,KXATPMATCH-26APR18RUBMED-RUB,61,1662,60,8849,59,17749,58,6983,57,1357,62,148,63,24,64,13858,65,8714,66,4593,61.5
2026-04-18 12:08:40 AM,KXATPMATCH-26APR18RUBMED-RUB,61,1662,60,8849,59,17709,58,6983,57,1357,62,148,63,24,64,13858,65,8714,66,4593,61.5
2026-04-18 12:08:40 AM,KXATPMATCH-26APR18RUBMED-RUB,61,1662,60,8849,59,17698,58,6983,57,1357,62,148,63,24,64,13858,65,8714,66,4593,61.5
2026-04-18 12:08:40 AM,KXATPMATCH-26APR18RUBMED-RUB,61,1662,60,8849,59,17695,58,6983,57,1357,62,148,63,24,64,13858,65,8714,66,4593,61.5
2026-04-18 12:08:40 AM,KXATPMATCH-26APR18RUBMED-RUB,61,1662,60,8849,59,17693,58,6983,57,1357,62,148,63,24,64,13858,65,8714,66,4593,61.5
2026-04-18 12:08:40 AM,KXATPMATCH-26APR18RUBMED-RUB,61,1662,60,8849,59,17688,58,6983,57,1357,62,148,63,24,64,13858,65,8714,66,4593,61.5
2026-04-18 12:08:40 AM,KXATPMATCH-26APR18RUBMED-RUB,61,1662,60,8849,59,17668,58,6983,57,1357,62,148,63,24,64,13858,65,8714,66,4593,61.5
2026-04-18 12:08:40 AM,KXATPMATCH-26APR18RUBMED-RUB,61,1662,60,8849,59,17590,58,6983,57,1357,62,148,63,24,64,13858,65,8714,66,4593,61.5
2026-04-18 12:08:40 AM,KXATPMATCH-26APR18RUBMED-RUB,61,1662,60,8849,59,17585,58,6983,57,1357,62,148,63,24,64,13858,65,8714,66,4593,61.5
2026-04-18 12:08:40 AM,KXATPMATCH-26APR18RUBMED-RUB,61,1662,60,8849,59,17584,58,6983,57,1357,62,148,63,24,64,13858,65,8714,66,4593,61.5
2026-04-18 12:08:40 AM,KXATPMATCH-26APR18RUBMED-RUB,61,1662,60,8849,59,17581,58,6983,57,1357,62,148,63,24,64,13858,65,8714,66,4593,61.5
2026-04-18 12:08:40 AM,KXATPMATCH-26APR18RUBMED-RUB,61,1662,60,8849,59,17343,58,6983,57,1357,62,148,63,24,64,13858,65,8714,66,4593,61.5
2026-04-18 12:08:40 AM,KXATPMATCH-26APR18RUBMED-RUB,61,1662,60,8849,59,17342,58,6983,57,1357,62,148,63,24,64,13858,65,8714,66,4593,61.5
2026-04-18 12:08:40 AM,KXATPMATCH-26APR18RUBMED-RUB,61,1662,60,8849,59,17340,58,6983,57,1357,62,148,63,24,64,13858,65,8714,66,4593,61.5
2026-04-18 12:08:40 AM,KXATPMATCH-26APR18RUBMED-RUB,61,1662,60,8849,59,17308,58,6983,57,1357,62,148,63,24,64,13858,65,8714,66,4593,61.5
2026-04-18 12:08:40 AM,KXATPMATCH-26APR18RUBMED-RUB,61,1662,60,8849,59,17293,58,6983,57,1357,62,148,63,24,64,13858,65,8714,66,4593,61.5
2026-04-18 12:08:40 AM,KXATPMATCH-26APR18RUBMED-RUB,61,1662,60,8849,59,17254,58,6983,57,1357,62,148,63,24,64,13858,65,8714,66,4593,61.5
2026-04-18 12:08:40 AM,KXATPMATCH-26APR18RUBMED-RUB,61,1662,60,8849,59,17251,58,6983,57,1357,62,148,63,24,64,13858,65,8714,66,4593,61.5
2026-04-18 12:08:40 AM,KXATPMATCH-26APR18RUBMED-RUB,61,1662,60,8849,59,17247,58,6983,57,1357,62,148,63,24,64,13858,65,8714,66,4593,61.5
2026-04-18 12:08:40 AM,KXATPMATCH-26APR18RUBMED-RUB,61,1662,60,8849,59,17244,58,6983,57,1357,62,148,63,24,64,13858,65,8714,66,4593,61.5
2026-04-18 12:08:40 AM,KXATPMATCH-26APR18RUBMED-RUB,61,1662,60,8849,59,17239,58,6983,57,1357,62,148,63,24,64,13858,65,8714,66,4593,61.5
2026-04-18 12:08:40 AM,KXATPMATCH-26APR18RUBMED-RUB,61,1662,60,8849,59,17213,58,6983,57,1357,62,148,63,24,64,13858,65,8714,66,4593,61.5
2026-04-18 12:08:40 AM,KXATPMATCH-26APR18RUBMED-RUB,61,1662,60,8849,59,17211,58,6983,57,1357,62,148,63,24,64,13858,65,8714,66,4593,61.5
2026-04-18 12:08:40 AM,KXATPMATCH-26APR18RUBMED-RUB,61,1662,60,8849,59,17199,58,6983,57,1357,62,148,63,24,64,13858,65,8714,66,4593,61.5
2026-04-18 12:08:40 AM,KXATPMATCH-26APR18RUBMED-RUB,61,1662,60,8849,59,16757,58,6983,57,1357,62,148,63,24,64,13858,65,8714,66,4593,61.5
2026-04-18 12:08:40 AM,KXATPMATCH-26APR18RUBMED-RUB,61,1662,60,8849,59,16738,58,6983,57,1357,62,148,63,24,64,13858,65,8714,66,4593,61.5
2026-04-18 12:08:40 AM,KXATPMATCH-26APR18RUBMED-RUB,61,1662,60,8849,59,16719,58,6983,57,1357,62,148,63,24,64,13858,65,8714,66,4593,61.5
2026-04-18 12:08:40 AM,KXATPMATCH-26APR18RUBMED-RUB,61,1662,60,8849,59,16692,58,6983,57,1357,62,148,63,24,64,13858,65,8714,66,4593,61.5
2026-04-18 12:08:40 AM,KXATPMATCH-26APR18RUBMED-RUB,61,1662,60,8849,59,15531,58,6983,57,1357,62,148,63,24,64,13858,65,8714,66,4593,61.5
2026-04-18 12:08:40 AM,KXATPMATCH-26APR18RUBMED-RUB,61,1662,60,8849,59,15231,58,6983,57,1357,62,148,63,24,64,13858,65,8714,66,4593,61.5
2026-04-18 12:08:40 AM,KXATPMATCH-26APR18RUBMED-RUB,61,1662,60,8849,59,15224,58,6983,57,1357,62,148,63,24,64,13858,65,8714,66,4593,61.5
2026-04-18 12:08:40 AM,KXATPMATCH-26APR18RUBMED-RUB,61,1662,60,8849,59,15107,58,6983,57,1357,62,148,63,24,64,13858,65,8714,66,4593,61.5
2026-04-18 12:08:40 AM,KXATPMATCH-26APR18RUBMED-RUB,61,1662,60,8849,59,14932,58,6983,57,1357,62,148,63,24,64,13858,65,8714,66,4593,61.5
2026-04-18 12:08:40 AM,KXATPMATCH-26APR18RUBMED-RUB,61,1662,60,8849,59,14927,58,6983,57,1357,62,148,63,24,64,13858,65,8714,66,4593,61.5
2026-04-18 12:08:40 AM,KXATPMATCH-26APR18RUBMED-RUB,61,1662,60,8849,59,14888,58,6983,57,1357,62,148,63,24,64,13858,65,8714,66,4593,61.5
2026-04-18 12:08:40 AM,KXATPMATCH-26APR18RUBMED-RUB,61,1662,60,8849,59,14216,58,6983,57,1357,62,148,63,24,64,13858,65,8714,66,4593,61.5
2026-04-18 12:08:40 AM,KXATPMATCH-26APR18RUBMED-RUB,61,1662,60,8849,59,12500,58,6983,57,1357,62,148,63,24,64,13858,65,8714,66,4593,61.5
2026-04-18 12:08:40 AM,KXATPMATCH-26APR18RUBMED-RUB,61,8062,60,8849,59,12500,58,6983,57,1357,62,148,63,24,64,13858,65,8714,66,4593,61.5
2026-04-18 12:08:41 AM,KXATPMATCH-26APR18RUBMED-RUB,61,8062,60,8849,59,12500,58,6983,57,1357,62,148,63,24,64,15017,65,8714,66,4593,61.5
2026-04-18 12:08:47 AM,KXATPMATCH-26APR18RUBMED-RUB,61,8062,60,8849,59,12500,58,6983,57,1357,62,148,63,24,64,18066,65,8714,66,4593,61.5
2026-04-18 12:09:18 AM,KXATPMATCH-26APR18RUBMED-RUB,61,8062,60,8849,59,12500,58,6983,57,1357,62,148,63,24,64,16907,65,8714,66,4593,61.5
2026-04-18 12:09:19 AM,KXATPMATCH-26APR18RUBMED-RUB,61,8062,60,8849,59,12500,58,6983,57,1357,62,148,63,24,64,18625,65,8714,66,4593,61.5
2026-04-18 12:09:32 AM,KXATPMATCH-26APR18RUBMED-RUB,61,8062,60,8849,59,12500,58,18933,57,1357,62,148,63,24,64,18625,65,8714,66,4593,61.5
2026-04-18 12:09:35 AM,KXATPMATCH-26APR18RUBMED-RUB,61,8062,60,8849,59,12500,58,18933,57,1357,62,148,63,59,64,18625,65,8714,66,4593,61.5
2026-04-18 12:10:05 AM,KXATPMATCH-26APR18RUBMED-RUB,61,8062,60,8849,59,12500,58,18933,57,1357,62,148,63,59,64,18626,65,8714,66,4593,61.5
2026-04-18 12:10:05 AM,KXATPMATCH-26APR18RUBMED-RUB,61,8062,60,8849,59,12500,58,18933,57,1357,62,148,63,59,64,18625,65,8714,66,4593,61.5
2026-04-18 12:10:10 AM,KXATPMATCH-26APR18RUBMED-RUB,61,8062,60,8849,59,12500,58,6983,57,1357,62,148,63,59,64,18625,65,8714,66,4593,61.5
2026-04-18 12:10:14 AM,KXATPMATCH-26APR18RUBMED-RUB,61,8062,60,8849,59,12500,58,18833,57,1357,62,148,63,59,64,18625,65,8714,66,4593,61.5
2026-04-18 12:10:20 AM,KXATPMATCH-26APR18RUBMED-RUB,61,8062,60,8849,59,12500,58,18833,57,1357,62,141,63,59,64,18625,65,8714,66,4593,61.5
2026-04-18 12:10:22 AM,KXATPMATCH-26APR18RUBMED-RUB,61,7733,60,8849,59,12500,58,18833,57,1357,62,141,63,59,64,18625,65,8714,66,4593,61.5
2026-04-18 12:10:22 AM,KXATPMATCH-26APR18RUBMED-RUB,61,8062,60,8849,59,12500,58,18833,57,1357,62,141,63,59,64,18625,65,8714,66,4593,61.5
2026-04-18 12:10:22 AM,KXATPMATCH-26APR18RUBMED-RUB,61,8097,60,8849,59,12500,58,18833,57,1357,62,141,63,59,64,18625,65,8714,66,4593,61.5
2026-04-18 12:10:25 AM,KXATPMATCH-26APR18RUBMED-RUB,61,8097,60,8849,59,12500,58,18833,57,1357,62,43,63,59,64,18625,65,8714,66,4593,61.5
2026-04-18 12:10:25 AM,KXATPMATCH-26APR18RUBMED-RUB,61,8097,60,8849,59,12500,58,18833,57,1357,62,23,63,59,64,18625,65,8714,66,4593,61.5
2026-04-18 12:10:25 AM,KXATPMATCH-26APR18RUBMED-RUB,61,8097,60,8849,59,12500,58,18833,57,1357,62,3,63,59,64,18625,65,8714,66,4593,61.5
2026-04-18 12:10:25 AM,KXATPMATCH-26APR18RUBMED-RUB,61,8097,60,8849,59,12500,58,18833,57,1357,62,3,63,44,64,18625,65,8714,66,4593,61.5
2026-04-18 12:10:25 AM,KXATPMATCH-26APR18RUBMED-RUB,61,8097,60,8849,59,12500,58,18833,57,1357,62,3,63,9,64,18625,65,8714,66,4593,61.5
2026-04-18 12:10:25 AM,KXATPMATCH-26APR18RUBMED-RUB,61,8097,60,8849,59,12500,58,18833,57,1357,62,3,63,9,64,14769,65,8714,66,4593,61.5
2026-04-18 12:10:25 AM,KXATPMATCH-26APR18RUBMED-RUB,61,8097,60,8849,59,12500,58,18833,57,1357,62,3,63,9,64,14760,65,8714,66,4593,61.5
2026-04-18 12:10:25 AM,KXATPMATCH-26APR18RUBMED-RUB,61,8097,60,8849,59,12500,58,18833,57,1357,62,3,63,9,64,14306,65,8714,66,4593,61.5
2026-04-18 12:10:25 AM,KXATPMATCH-26APR18RUBMED-RUB,61,8097,60,8849,59,12500,58,18833,57,1357,62,3,63,9,64,14300,65,8714,66,4593,61.5
2026-04-18 12:10:25 AM,KXATPMATCH-26APR18RUBMED-RUB,61,8097,60,8849,59,12500,58,18833,57,1357,62,3,63,9,64,14075,65,8714,66,4593,61.5
2026-04-18 12:10:25 AM,KXATPMATCH-26APR18RUBMED-RUB,61,8097,60,8849,59,12500,58,18833,57,1357,62,3,63,9,64,13094,65,8714,66,4593,61.5
2026-04-18 12:10:25 AM,KXATPMATCH-26APR18RUBMED-RUB,61,7848,60,8849,59,12500,58,18833,57,1357,62,3,63,9,64,13094,65,8714,66,4593,61.5
2026-04-18 12:10:25 AM,KXATPMATCH-26APR18RUBMED-RUB,61,7496,60,8849,59,12500,58,18833,57,1357,62,3,63,9,64,13094,65,8714,66,4593,61.5
2026-04-18 12:10:25 AM,KXATPMATCH-26APR18RUBMED-RUB,61,7297,60,8849,59,12500,58,18833,57,1357,62,3,63,9,64,13094,65,8714,66,4593,61.5
2026-04-18 12:10:25 AM,KXATPMATCH-26APR18RUBMED-RUB,61,7297,60,8849,59,12500,58,18833,57,1357,62,3,63,9,64,13094,65,7914,66,4593,61.5
2026-04-18 12:10:25 AM,KXATPMATCH-26APR18RUBMED-RUB,61,6968,60,8849,59,12500,58,18833,57,1357,62,3,63,9,64,13094,65,7914,66,4593,61.5
2026-04-18 12:10:25 AM,KXATPMATCH-26APR18RUBMED-RUB,61,6968,60,8849,59,12500,58,18883,57,1357,62,3,63,9,64,13094,65,7914,66,4593,61.5
2026-04-18 12:10:25 AM,KXATPMATCH-26APR18RUBMED-RUB,61,6968,60,8849,59,12500,58,18883,57,1357,62,3,63,9,64,13094,65,7914,66,7330,61.5
2026-04-18 12:10:25 AM,KXATPMATCH-26APR18RUBMED-RUB,61,6979,60,8849,59,12500,58,18883,57,1357,62,3,63,9,64,13094,65,7914,66,7330,61.5
2026-04-18 12:10:25 AM,KXATPMATCH-26APR18RUBMED-RUB,61,6979,60,8849,59,12490,58,18883,57,1357,62,3,63,9,64,13094,65,7914,66,7330,61.5
2026-04-18 12:10:25 AM,KXATPMATCH-26APR18RUBMED-RUB,61,6979,60,8849,59,12490,58,18883,57,1357,62,3,63,18,64,13094,65,7914,66,7330,61.5
2026-04-18 12:10:25 AM,KXATPMATCH-26APR18RUBMED-RUB,61,6979,60,13849,59,12490,58,18883,57,1357,62,3,63,18,64,13094,65,7914,66,7330,61.5
2026-04-18 12:10:25 AM,KXATPMATCH-26APR18RUBMED-RUB,61,6979,60,13849,59,12490,58,13883,57,1357,62,3,63,18,64,13094,65,7914,66,7330,61.5
2026-04-18 12:10:25 AM,KXATPMATCH-26APR18RUBMED-RUB,61,6979,60,13849,59,12490,58,13883,57,1357,62,3,63,18,64,13094,65,7914,66,4593,61.5
2026-04-18 12:10:25 AM,KXATPMATCH-26APR18RUBMED-RUB,61,6979,60,13849,59,12490,58,13883,57,1357,62,23,63,18,64,13094,65,7914,66,4593,61.5
2026-04-18 12:10:25 AM,KXATPMATCH-26APR18RUBMED-RUB,61,6979,60,13849,59,12490,58,13883,57,1357,62,43,63,18,64,13094,65,7914,66,4593,61.5
2026-04-18 12:10:25 AM,KXATPMATCH-26APR18RUBMED-RUB,61,6979,60,13849,59,12490,58,13883,57,1357,62,43,63,9,64,13094,65,7914,66,4593,61.5
2026-04-18 12:10:25 AM,KXATPMATCH-26APR18RUBMED-RUB,61,6985,60,13849,59,12490,58,13883,57,1357,62,43,63,9,64,13094,65,7914,66,4593,61.5
2026-04-18 12:10:25 AM,KXATPMATCH-26APR18RUBMED-RUB,61,6985,60,13849,59,12490,58,13883,57,1357,62,43,63,9,64,13107,65,7914,66,4593,61.5
2026-04-18 12:10:25 AM,KXATPMATCH-26APR18RUBMED-RUB,61,6985,60,13849,59,12490,58,13883,57,1357,62,43,63,9,64,13107,65,7925,66,4593,61.5
2026-04-18 12:10:25 AM,KXATPMATCH-26APR18RUBMED-RUB,61,6985,60,13849,59,12490,58,13883,57,1357,62,43,63,9,64,6707,65,7925,66,4593,61.5
2026-04-18 12:10:25 AM,KXATPMATCH-26APR18RUBMED-RUB,61,6985,60,13849,59,12236,58,13883,57,1357,62,43,63,9,64,6707,65,7925,66,4593,61.5
2026-04-18 12:10:25 AM,KXATPMATCH-26APR18RUBMED-RUB,61,6985,60,13849,59,12236,58,13883,57,1357,62,43,63,9,64,6707,65,7960,66,4593,61.5
2026-04-18 12:10:25 AM,KXATPMATCH-26APR18RUBMED-RUB,61,7230,60,13849,59,12236,58,13883,57,1357,62,43,63,9,64,6707,65,7960,66,4593,61.5
2026-04-18 12:10:25 AM,KXATPMATCH-26APR18RUBMED-RUB,61,7230,60,13849,59,12236,58,13883,57,1357,62,43,63,9,64,6707,65,14360,66,4593,61.5
2026-04-18 12:10:25 AM,KXATPMATCH-26APR18RUBMED-RUB,61,7230,60,13849,59,12236,58,13883,57,1357,62,43,63,9,64,6707,65,7960,66,4593,61.5
2026-04-18 12:10:26 AM,KXATPMATCH-26APR18RUBMED-RUB,61,7230,60,13849,59,12236,58,13883,57,1357,62,43,63,9,64,13107,65,7960,66,4593,61.5
2026-04-18 12:10:26 AM,KXATPMATCH-26APR18RUBMED-RUB,61,7230,60,13849,59,12236,58,13883,57,1357,62,43,63,9,64,12857,65,7960,66,4593,61.5
2026-04-18 12:10:26 AM,KXATPMATCH-26APR18RUBMED-RUB,61,7230,60,13849,59,12236,58,13883,57,1357,62,43,63,9,64,12857,65,8210,66,4593,61.5
2026-04-18 12:10:26 AM,KXATPMATCH-26APR18RUBMED-RUB,61,7230,60,13849,59,12236,58,13883,57,1357,62,43,63,9,64,12857,65,8175,66,4593,61.5
2026-04-18 12:10:26 AM,KXATPMATCH-26APR18RUBMED-RUB,61,7230,60,13849,59,12236,58,13883,57,1357,62,43,63,9,64,12857,65,7925,66,4593,61.5
2026-04-18 12:10:26 AM,KXATPMATCH-26APR18RUBMED-RUB,61,7230,60,13849,59,12236,58,13883,57,1357,62,43,63,9,64,13107,65,7925,66,4593,61.5
2026-04-18 12:10:26 AM,KXATPMATCH-26APR18RUBMED-RUB,61,7230,60,13849,59,12236,58,13883,57,1357,62,43,63,9,64,13142,65,7925,66,4593,61.5
2026-04-18 12:10:27 AM,KXATPMATCH-26APR18RUBMED-RUB,61,6985,60,13849,59,12236,58,13883,57,1357,62,43,63,9,64,13142,65,7925,66,4593,61.5
2026-04-18 12:10:27 AM,KXATPMATCH-26APR18RUBMED-RUB,61,6985,60,14099,59,12236,58,13883,57,1357,62,43,63,9,64,13142,65,7925,66,4593,61.5
2026-04-18 12:10:27 AM,KXATPMATCH-26APR18RUBMED-RUB,61,7785,60,14099,59,12236,58,13883,57,1357,62,43,63,9,64,13142,65,7925,66,4593,61.5
2026-04-18 12:10:27 AM,KXATPMATCH-26APR18RUBMED-RUB,61,7785,60,14099,59,12236,58,13883,57,1357,62,43,63,9,64,13142,65,8725,66,4593,61.5
2026-04-18 12:10:27 AM,KXATPMATCH-26APR18RUBMED-RUB,61,8568,60,14099,59,12236,58,13883,57,1357,62,43,63,9,64,13142,65,8725,66,4593,61.5
2026-04-18 12:10:28 AM,KXATPMATCH-26APR18RUBMED-RUB,61,8568,60,14099,59,12236,58,13883,57,1357,62,43,63,9,64,13107,65,8725,66,4593,61.5
2026-04-18 12:10:28 AM,KXATPMATCH-26APR18RUBMED-RUB,61,7785,60,14099,59,12236,58,13883,57,1357,62,43,63,9,64,13107,65,8725,66,4593,61.5
2026-04-18 12:10:28 AM,KXATPMATCH-26APR18RUBMED-RUB,61,8568,60,14099,59,12236,58,13883,57,1357,62,43,63,9,64,13107,65,8725,66,4593,61.5
2026-04-18 12:10:29 AM,KXATPMATCH-26APR18RUBMED-RUB,61,8568,60,14099,59,12236,58,13883,57,1357,62,43,63,44,64,13107,65,8725,66,4593,61.5
2026-04-18 12:10:39 AM,KXATPMATCH-26APR18RUBMED-RUB,61,8568,60,14099,59,12236,58,13798,57,1357,62,43,63,44,64,13107,65,8725,66,4593,61.5
2026-04-18 12:10:39 AM,KXATPMATCH-26APR18RUBMED-RUB,61,8568,60,14099,59,12236,58,13798,57,1357,62,43,63,44,64,13332,65,8725,66,4593,61.5
2026-04-18 12:10:39 AM,KXATPMATCH-26APR18RUBMED-RUB,61,8568,60,14099,59,12373,58,13798,57,1357,62,43,63,44,64,13332,65,8725,66,4593,61.5
2026-04-18 12:10:45 AM,KXATPMATCH-26APR18RUBMED-RUB,61,8568,60,14099,59,12373,58,1948,57,1357,62,43,63,44,64,13332,65,8725,66,4593,61.5
2026-04-18 12:10:45 AM,KXATPMATCH-26APR18RUBMED-RUB,61,8568,60,14099,59,12373,58,1948,57,1357,62,43,63,9,64,13332,65,8725,66,4593,61.5
2026-04-18 12:10:48 AM,KXATPMATCH-26APR18RUBMED-RUB,61,8568,60,14099,59,12373,58,11898,57,1357,62,43,63,9,64,13332,65,8725,66,4593,61.5
2026-04-18 12:10:48 AM,KXATPMATCH-26APR18RUBMED-RUB,61,8568,60,14099,59,12373,58,1948,57,1357,62,43,63,9,64,13332,65,8725,66,4593,61.5
2026-04-18 12:10:51 AM,KXATPMATCH-26APR18RUBMED-RUB,61,8568,60,14099,59,12373,58,1948,57,1357,62,43,63,9,64,13367,65,8725,66,4593,61.5
2026-04-18 12:10:52 AM,KXATPMATCH-26APR18RUBMED-RUB,61,8568,60,14099,59,12373,58,10898,57,1357,62,43,63,9,64,13367,65,8725,66,4593,61.5
2026-04-18 12:10:52 AM,KXATPMATCH-26APR18RUBMED-RUB,61,8568,60,14099,59,12373,58,10898,57,1357,62,43,63,9,64,13332,65,8725,66,4593,61.5
2026-04-18 12:10:54 AM,KXATPMATCH-26APR18RUBMED-RUB,61,8568,60,14099,59,12373,58,10898,57,1357,62,43,63,44,64,13332,65,8725,66,4593,61.5
2026-04-18 12:10:56 AM,KXATPMATCH-26APR18RUBMED-RUB,61,8568,60,14099,59,12373,58,1948,57,1357,62,43,63,44,64,13332,65,8725,66,4593,61.5
2026-04-18 12:10:56 AM,KXATPMATCH-26APR18RUBMED-RUB,61,8568,60,14099,59,12373,58,1948,57,1357,62,43,63,9,64,13332,65,8725,66,4593,61.5
2026-04-18 12:10:56 AM,KXATPMATCH-26APR18RUBMED-RUB,61,8568,60,14099,59,12373,58,1948,57,1357,62,43,63,9,64,13367,65,8725,66,4593,61.5
2026-04-18 12:10:56 AM,KXATPMATCH-26APR18RUBMED-RUB,61,8568,60,14099,59,12373,58,9898,57,1357,62,43,63,9,64,13367,65,8725,66,4593,61.5
2026-04-18 12:11:00 AM,KXATPMATCH-26APR18RUBMED-RUB,61,8568,60,14099,59,12373,58,10898,57,1357,62,43,63,9,64,13367,65,8725,66,4593,61.5
2026-04-18 12:11:00 AM,KXATPMATCH-26APR18RUBMED-RUB,61,8568,60,14099,59,12373,58,10898,57,1357,62,43,63,9,64,13332,65,8725,66,4593,61.5
2026-04-18 12:11:02 AM,KXATPMATCH-26APR18RUBMED-RUB,61,8568,60,14099,59,12373,58,10898,57,1357,62,43,63,44,64,13332,65,8725,66,4593,61.5
2026-04-18 12:11:44 AM,KXATPMATCH-26APR18RUBMED-RUB,61,8568,60,14099,59,12373,58,11898,57,1357,62,43,63,44,64,13332,65,8725,66,4593,61.5
2026-04-18 12:12:21 AM,KXATPMATCH-26APR18RUBMED-RUB,61,8568,60,14099,59,12373,58,3948,57,1357,62,43,63,44,64,13332,65,8725,66,4593,61.5
2026-04-18 12:12:21 AM,KXATPMATCH-26APR18RUBMED-RUB,61,8568,60,14099,59,12373,58,3948,57,1357,62,43,63,9,64,13332,65,8725,66,4593,61.5
2026-04-18 12:12:21 AM,KXATPMATCH-26APR18RUBMED-RUB,61,8568,60,14099,59,12373,58,10548,57,1357,62,43,63,9,64,13332,65,8725,66,4593,61.5
2026-04-18 12:12:23 AM,KXATPMATCH-26APR18RUBMED-RUB,61,8568,60,14099,59,12373,58,10548,57,1357,62,43,63,9,64,13367,65,8725,66,4593,61.5
2026-04-18 12:12:26 AM,KXATPMATCH-26APR18RUBMED-RUB,61,8568,60,14099,59,12373,58,11898,57,1357,62,43,63,9,64,13367,65,8725,66,4593,61.5
2026-04-18 12:12:26 AM,KXATPMATCH-26APR18RUBMED-RUB,61,8568,60,14099,59,12373,58,11898,57,1357,62,43,63,9,64,13332,65,8725,66,4593,61.5
2026-04-18 12:12:26 AM,KXATPMATCH-26APR18RUBMED-RUB,61,8568,60,14099,59,12373,58,11898,57,1357,62,43,63,44,64,13332,65,8725,66,4593,61.5
2026-04-18 12:12:32 AM,KXATPMATCH-26APR18RUBMED-RUB,61,8568,60,14099,59,12373,58,11898,57,1357,62,23,63,44,64,13332,65,8725,66,4593,61.5
2026-04-18 12:12:32 AM,KXATPMATCH-26APR18RUBMED-RUB,61,8568,60,14099,59,12373,58,11898,57,1357,62,3,63,44,64,13332,65,8725,66,4593,61.5
2026-04-18 12:12:32 AM,KXATPMATCH-26APR18RUBMED-RUB,61,8568,60,14099,59,12373,58,11898,57,1357,62,3,63,9,64,13332,65,8725,66,4593,61.5
2026-04-18 12:12:32 AM,KXATPMATCH-26APR18RUBMED-RUB,61,8568,60,14099,59,12373,58,11898,57,1357,62,3,63,9,64,13332,65,8725,66,7336,61.5
2026-04-18 12:12:32 AM,KXATPMATCH-26APR18RUBMED-RUB,61,8568,60,14099,59,12373,58,11898,57,1357,62,3,63,10,64,13332,65,8725,66,7336,61.5
2026-04-18 12:12:32 AM,KXATPMATCH-26APR18RUBMED-RUB,62,1,61,8568,60,14099,59,12373,58,11898,62,3,63,10,64,13332,65,8725,66,7336,62.0
2026-04-18 12:12:32 AM,KXATPMATCH-26APR18RUBMED-RUB,62,1,61,8568,60,14085,59,12373,58,11898,62,3,63,10,64,13332,65,8725,66,7336,62.0
2026-04-18 12:12:32 AM,KXATPMATCH-26APR18RUBMED-RUB,62,1,61,8557,60,14085,59,12373,58,11898,62,3,63,10,64,13332,65,8725,66,7336,62.0
2026-04-18 12:12:32 AM,KXATPMATCH-26APR18RUBMED-RUB,62,1,61,8551,60,14085,59,12373,58,11898,62,3,63,10,64,13332,65,8725,66,7336,62.0
2026-04-18 12:12:32 AM,KXATPMATCH-26APR18RUBMED-RUB,62,1,61,8551,60,14085,59,12373,58,11898,62,3,63,10,64,13319,65,8725,66,7336,62.0
2026-04-18 12:12:32 AM,KXATPMATCH-26APR18RUBMED-RUB,62,1,61,8551,60,14085,59,12373,58,11898,62,3,63,10,64,13319,65,8714,66,7336,62.0
2026-04-18 12:12:32 AM,KXATPMATCH-26APR18RUBMED-RUB,62,1,61,8516,60,14085,59,12373,58,11898,62,3,63,10,64,13319,65,8714,66,7336,62.0
2026-04-18 12:12:32 AM,KXATPMATCH-26APR18RUBMED-RUB,62,1,61,8516,60,14085,59,12373,58,11898,62,3,63,10,64,13319,65,8714,66,4593,62.0
2026-04-18 12:12:33 AM,KXATPMATCH-26APR18RUBMED-RUB,62,1,61,8516,60,14085,59,12373,58,11898,62,3,63,10,64,13354,65,8714,66,4593,62.0
2026-04-18 12:12:36 AM,KXATPMATCH-26APR18RUBMED-RUB,62,1,61,7733,60,14085,59,12373,58,11898,62,3,63,10,64,13354,65,8714,66,4593,62.0
2026-04-18 12:12:36 AM,KXATPMATCH-26APR18RUBMED-RUB,62,784,61,7733,60,14085,59,12373,58,11898,62,3,63,10,64,13354,65,8714,66,4593,62.0
2026-04-18 12:12:36 AM,KXATPMATCH-26APR18RUBMED-RUB,62,784,61,7733,60,14085,59,12373,58,11898,62,3,63,10,64,13319,65,8714,66,4593,62.0
2026-04-18 12:12:36 AM,KXATPMATCH-26APR18RUBMED-RUB,62,784,61,7483,60,14085,59,12373,58,11898,62,3,63,10,64,13319,65,8714,66,4593,62.0
2026-04-18 12:12:36 AM,KXATPMATCH-26APR18RUBMED-RUB,62,1034,61,7483,60,14085,59,12373,58,11898,62,3,63,10,64,13319,65,8714,66,4593,62.0
2026-04-18 12:12:36 AM,KXATPMATCH-26APR18RUBMED-RUB,62,1034,61,7483,60,14085,59,12373,58,11898,62,3,63,10,64,13069,65,8714,66,4593,62.0
2026-04-18 12:12:36 AM,KXATPMATCH-26APR18RUBMED-RUB,62,1034,61,7483,60,14085,59,12373,58,11898,62,3,63,10,64,13069,65,8964,66,4593,62.0
2026-04-18 12:12:44 AM,KXATPMATCH-26APR18RUBMED-RUB,62,1034,61,7483,60,14085,59,12373,58,11898,62,3,63,10,64,13104,65,8964,66,4593,62.0
2026-04-18 12:12:51 AM,KXATPMATCH-26APR18RUBMED-RUB,62,1034,61,7483,60,14085,59,12373,58,10898,62,3,63,10,64,13104,65,8964,66,4593,62.0
2026-04-18 12:13:00 AM,KXATPMATCH-26APR18RUBMED-RUB,62,1034,61,7483,60,14085,59,12373,58,9898,62,3,63,10,64,13104,65,8964,66,4593,62.0
2026-04-18 12:13:15 AM,KXATPMATCH-26APR18RUBMED-RUB,62,1034,61,7483,60,14085,59,12373,58,9848,62,3,63,10,64,13104,65,8964,66,4593,62.0
2026-04-18 12:13:16 AM,KXATPMATCH-26APR18RUBMED-RUB,62,1034,61,7483,60,14085,59,12373,58,10848,62,3,63,10,64,13104,65,8964,66,4593,62.0
2026-04-18 12:13:25 AM,KXATPMATCH-26APR18RUBMED-RUB,62,1033,61,7483,60,14085,59,12373,58,10848,62,3,63,10,64,13104,65,8964,66,4593,62.0
2026-04-18 12:13:25 AM,KXATPMATCH-26APR18RUBMED-RUB,62,1033,61,7483,60,14085,59,12373,58,10848,62,3,63,9,64,13104,65,8964,66,4593,62.0
2026-04-18 12:13:25 AM,KXATPMATCH-26APR18RUBMED-RUB,62,1033,61,7483,60,14085,59,12373,58,10848,62,3,63,9,64,13104,65,8964,66,7336,62.0
2026-04-18 12:13:27 AM,KXATPMATCH-26APR18RUBMED-RUB,62,1033,61,7483,60,14085,59,12373,58,10848,62,3,63,9,64,6704,65,8964,66,7336,62.0
2026-04-18 12:13:27 AM,KXATPMATCH-26APR18RUBMED-RUB,62,1033,61,7483,60,14085,59,12373,58,10848,62,3,63,9,64,6704,65,15364,66,7336,62.0
2026-04-18 12:13:31 AM,KXATPMATCH-26APR18RUBMED-RUB,62,1033,61,7483,60,14085,59,12373,58,11848,62,3,63,9,64,6704,65,15364,66,7336,62.0
2026-04-18 12:13:35 AM,KXATPMATCH-26APR18RUBMED-RUB,62,1033,61,7483,60,14085,59,12373,58,10848,62,3,63,9,64,6704,65,15364,66,7336,62.0
