ts_et,ticker,bid_1,bid_1_sz,bid_2,bid_2_sz,bid_3,bid_3_sz,bid_4,bid_4_sz,bid_5,bid_5_sz,ask_1,ask_1_sz,ask_2,ask_2_sz,ask_3,ask_3_sz,ask_4,ask_4_sz,ask_5,ask_5_sz,mid
2026-04-17 09:43:06 PM,KXATPMATCH-26APR18ZVECOB-COB,16,12427,15,5366,14,764,6,316,5,720,17,1,18,3158,19,8252,20,8598,21,6523,16.5
2026-04-17 09:43:13 PM,KXATPMATCH-26APR18ZVECOB-COB,16,12427,15,5366,14,764,6,316,5,720,17,2,18,3158,19,8252,20,8598,21,6523,16.5
2026-04-17 09:55:20 PM,KXATPMATCH-26APR18ZVECOB-COB,16,12427,15,5366,14,764,6,316,5,720,17,1,18,3158,19,8252,20,8598,21,6523,16.5
2026-04-17 09:55:20 PM,KXATPMATCH-26APR18ZVECOB-COB,16,12427,15,5366,14,764,6,316,5,720,18,3158,19,8252,20,8598,21,6523,22,5097,17.0
2026-04-17 09:55:20 PM,KXATPMATCH-26APR18ZVECOB-COB,16,12427,15,5366,14,764,6,316,5,720,18,2910,19,8252,20,8598,21,6523,22,5097,17.0
2026-04-17 09:55:23 PM,KXATPMATCH-26APR18ZVECOB-COB,16,12427,15,5366,14,764,6,316,5,720,18,3365,19,8252,20,8598,21,6523,22,5097,17.0
2026-04-17 09:56:00 PM,KXATPMATCH-26APR18ZVECOB-COB,16,12427,15,5366,14,764,6,316,5,720,18,3365,19,8252,20,9848,21,6523,22,5097,17.0
2026-04-17 09:56:57 PM,KXATPMATCH-26APR18ZVECOB-COB,16,12427,15,5366,14,764,6,316,5,720,18,2865,19,8252,20,9848,21,6523,22,5097,17.0
2026-04-17 09:56:57 PM,KXATPMATCH-26APR18ZVECOB-COB,16,12427,15,5366,14,764,6,316,5,720,17,1,18,2865,19,8252,20,9848,21,6523,16.5
2026-04-17 09:57:34 PM,KXATPMATCH-26APR18ZVECOB-COB,16,12427,15,5366,14,764,6,316,5,720,17,1,18,2865,19,8252,20,8598,21,6523,16.5
2026-04-17 09:59:01 PM,KXATPMATCH-26APR18ZVECOB-COB,16,8281,15,5366,14,764,6,316,5,720,17,1,18,2865,19,8252,20,8598,21,6523,16.5
2026-04-17 09:59:01 PM,KXATPMATCH-26APR18ZVECOB-COB,16,12427,15,5366,14,764,6,316,5,720,17,1,18,2865,19,8252,20,8598,21,6523,16.5
2026-04-17 10:00:20 PM,KXATPMATCH-26APR18ZVECOB-COB,16,12427,15,5366,14,764,6,316,5,720,18,2865,19,8252,20,8598,21,6523,22,5097,17.0
2026-04-17 10:00:34 PM,KXATPMATCH-26APR18ZVECOB-COB,16,12427,15,5366,14,764,6,316,5,720,18,2865,19,8252,20,9848,21,6523,22,5097,17.0
2026-04-17 10:01:03 PM,KXATPMATCH-26APR18ZVECOB-COB,16,12427,15,5366,14,764,6,316,5,720,18,12865,19,8252,20,9848,21,6523,22,5097,17.0
2026-04-17 10:01:30 PM,KXATPMATCH-26APR18ZVECOB-COB,16,12227,15,5366,14,764,6,316,5,720,18,12865,19,8252,20,9848,21,6523,22,5097,17.0
2026-04-17 10:01:30 PM,KXATPMATCH-26APR18ZVECOB-COB,16,11977,15,5366,14,764,6,316,5,720,18,12865,19,8252,20,9848,21,6523,22,5097,17.0
2026-04-17 10:01:30 PM,KXATPMATCH-26APR18ZVECOB-COB,16,11977,15,5366,14,764,6,316,5,720,17,1,18,12865,19,8252,20,9848,21,6523,16.5
2026-04-17 10:01:30 PM,KXATPMATCH-26APR18ZVECOB-COB,16,11977,15,5616,14,764,6,316,5,720,17,1,18,12865,19,8252,20,9848,21,6523,16.5
2026-04-17 10:01:30 PM,KXATPMATCH-26APR18ZVECOB-COB,16,11977,15,5616,14,764,6,316,5,720,17,1,18,12865,19,8002,20,9848,21,6523,16.5
2026-04-17 10:01:30 PM,KXATPMATCH-26APR18ZVECOB-COB,16,11977,15,5616,14,764,6,316,5,720,17,1,18,13115,19,8002,20,9848,21,6523,16.5
2026-04-17 10:02:04 PM,KXATPMATCH-26APR18ZVECOB-COB,16,11977,15,5616,14,764,6,316,5,720,17,1,18,13115,19,8002,20,8598,21,6523,16.5
2026-04-17 10:06:17 PM,KXATPMATCH-26APR18ZVECOB-COB,16,11964,15,5616,14,764,6,316,5,720,17,1,18,13115,19,8002,20,8598,21,6523,16.5
2026-04-17 10:06:17 PM,KXATPMATCH-26APR18ZVECOB-COB,16,11958,15,5616,14,764,6,316,5,720,17,1,18,13115,19,8002,20,8598,21,6523,16.5
2026-04-17 10:06:17 PM,KXATPMATCH-26APR18ZVECOB-COB,16,11958,15,5604,14,764,6,316,5,720,17,1,18,13115,19,8002,20,8598,21,6523,16.5
2026-04-17 10:06:17 PM,KXATPMATCH-26APR18ZVECOB-COB,16,11958,15,5604,14,764,6,316,5,720,17,1,18,13115,19,7989,20,8598,21,6523,16.5
2026-04-17 10:06:17 PM,KXATPMATCH-26APR18ZVECOB-COB,16,11958,15,5604,14,764,6,316,5,720,17,1,18,13109,19,7989,20,8598,21,6523,16.5
2026-04-17 10:06:19 PM,KXATPMATCH-26APR18ZVECOB-COB,16,11964,15,5604,14,764,6,316,5,720,17,1,18,13109,19,7989,20,8598,21,6523,16.5
2026-04-17 10:06:19 PM,KXATPMATCH-26APR18ZVECOB-COB,16,11964,15,5618,14,764,6,316,5,720,17,1,18,13109,19,7989,20,8598,21,6523,16.5
2026-04-17 10:06:19 PM,KXATPMATCH-26APR18ZVECOB-COB,16,11964,15,5618,14,764,6,316,5,720,17,7,18,13109,19,7989,20,8598,21,6523,16.5
2026-04-17 10:06:38 PM,KXATPMATCH-26APR18ZVECOB-COB,16,11964,15,5618,14,764,6,316,5,720,17,7,18,13123,19,7989,20,8598,21,6523,16.5
2026-04-17 10:07:56 PM,KXATPMATCH-26APR18ZVECOB-COB,16,11964,15,5618,14,764,6,316,5,720,17,2,18,13123,19,7989,20,8598,21,6523,16.5
2026-04-17 10:07:56 PM,KXATPMATCH-26APR18ZVECOB-COB,16,11964,15,5618,14,764,6,316,5,720,17,2,18,13129,19,7989,20,8598,21,6523,16.5
2026-04-17 10:07:56 PM,KXATPMATCH-26APR18ZVECOB-COB,16,11964,15,5618,14,764,6,316,5,720,17,2,18,13129,19,8003,20,8598,21,6523,16.5
2026-04-17 10:07:56 PM,KXATPMATCH-26APR18ZVECOB-COB,16,11964,15,5368,14,764,6,316,5,720,17,2,18,13129,19,8003,20,8598,21,6523,16.5
2026-04-17 10:07:56 PM,KXATPMATCH-26APR18ZVECOB-COB,16,12214,15,5368,14,764,6,316,5,720,17,2,18,13129,19,8003,20,8598,21,6523,16.5
2026-04-17 10:07:56 PM,KXATPMATCH-26APR18ZVECOB-COB,16,12214,15,5368,14,764,6,316,5,720,17,2,18,12879,19,8003,20,8598,21,6523,16.5
2026-04-17 10:07:56 PM,KXATPMATCH-26APR18ZVECOB-COB,16,12214,15,5368,14,764,6,316,5,720,17,2,18,12879,19,8253,20,8598,21,6523,16.5
2026-04-17 10:07:56 PM,KXATPMATCH-26APR18ZVECOB-COB,16,12217,15,5368,14,764,6,316,5,720,17,2,18,12879,19,8253,20,8598,21,6523,16.5
2026-04-17 10:08:04 PM,KXATPMATCH-26APR18ZVECOB-COB,16,12217,15,5368,14,764,6,316,5,720,17,2,18,12879,19,8253,20,9848,21,6523,16.5
2026-04-17 10:08:59 PM,KXATPMATCH-26APR18ZVECOB-COB,16,12217,15,5368,14,764,6,316,5,720,17,2,18,12854,19,8253,20,9848,21,6523,16.5
2026-04-17 10:08:59 PM,KXATPMATCH-26APR18ZVECOB-COB,16,12217,15,5368,14,764,6,316,5,720,17,3,18,12854,19,8253,20,9848,21,6523,16.5
2026-04-17 10:09:04 PM,KXATPMATCH-26APR18ZVECOB-COB,16,12217,15,5368,14,764,6,316,5,720,17,3,18,12854,19,8253,20,8598,21,6523,16.5
2026-04-17 10:12:13 PM,KXATPMATCH-26APR18ZVECOB-COB,16,12217,15,5368,14,764,6,316,5,720,17,3,18,12888,19,8253,20,8598,21,6523,16.5
2026-04-17 10:12:26 PM,KXATPMATCH-26APR18ZVECOB-COB,16,12217,15,5368,14,764,6,316,5,720,17,2,18,12888,19,8253,20,8598,21,6523,16.5
2026-04-17 10:12:26 PM,KXATPMATCH-26APR18ZVECOB-COB,16,12217,15,5368,14,764,6,316,5,720,17,2,18,12784,19,8253,20,8598,21,6523,16.5
2026-04-17 10:12:26 PM,KXATPMATCH-26APR18ZVECOB-COB,16,12217,15,5368,14,764,6,316,5,720,17,2,18,12770,19,8253,20,8598,21,6523,16.5
2026-04-17 10:12:26 PM,KXATPMATCH-26APR18ZVECOB-COB,16,12217,15,5368,14,764,6,316,5,720,17,2,18,12764,19,8253,20,8598,21,6523,16.5
2026-04-17 10:12:26 PM,KXATPMATCH-26APR18ZVECOB-COB,16,12217,15,5368,14,764,6,316,5,720,17,2,18,12764,19,8253,20,8612,21,6523,16.5
2026-04-17 10:12:26 PM,KXATPMATCH-26APR18ZVECOB-COB,16,12217,15,5368,14,764,6,316,5,720,17,2,18,13184,19,8253,20,8612,21,6523,16.5
2026-04-17 10:12:34 PM,KXATPMATCH-26APR18ZVECOB-COB,16,12217,15,5368,14,764,6,316,5,720,17,2,18,13184,19,8253,20,9862,21,6523,16.5
2026-04-17 10:12:39 PM,KXATPMATCH-26APR18ZVECOB-COB,16,12219,15,5368,14,764,6,316,5,720,17,2,18,13184,19,8253,20,9862,21,6523,16.5
2026-04-17 10:12:40 PM,KXATPMATCH-26APR18ZVECOB-COB,16,12230,15,5368,14,764,6,316,5,720,17,2,18,13184,19,8253,20,9862,21,6523,16.5
2026-04-17 10:14:33 PM,KXATPMATCH-26APR18ZVECOB-COB,16,12230,15,5368,14,764,6,316,5,720,17,2,18,13134,19,8253,20,9862,21,6523,16.5
2026-04-17 10:14:34 PM,KXATPMATCH-26APR18ZVECOB-COB,16,12230,15,5368,14,764,6,316,5,720,17,3,18,13134,19,8253,20,9862,21,6523,16.5
2026-04-17 10:14:34 PM,KXATPMATCH-26APR18ZVECOB-COB,16,12230,15,5368,14,764,6,316,5,720,17,3,18,13134,19,8253,20,8612,21,6523,16.5
2026-04-17 10:15:41 PM,KXATPMATCH-26APR18ZVECOB-COB,16,12230,15,5368,14,764,6,316,5,720,17,3,18,14357,19,8253,20,8612,21,6523,16.5
2026-04-17 10:15:41 PM,KXATPMATCH-26APR18ZVECOB-COB,16,12230,15,5368,14,764,6,316,5,720,17,3,18,14357,19,8253,20,8612,21,6404,16.5
2026-04-17 10:16:34 PM,KXATPMATCH-26APR18ZVECOB-COB,16,12007,15,5368,14,764,6,316,5,720,17,3,18,14357,19,8253,20,8612,21,6404,16.5
2026-04-17 10:16:54 PM,KXATPMATCH-26APR18ZVECOB-COB,16,7861,15,5368,14,764,6,316,5,720,17,3,18,14357,19,8253,20,8612,21,6404,16.5
2026-04-17 10:16:54 PM,KXATPMATCH-26APR18ZVECOB-COB,16,12007,15,5368,14,764,6,316,5,720,17,3,18,14357,19,8253,20,8612,21,6404,16.5
2026-04-17 10:16:55 PM,KXATPMATCH-26APR18ZVECOB-COB,16,7861,15,5368,14,764,6,316,5,720,17,3,18,14357,19,8253,20,8612,21,6404,16.5
2026-04-17 10:17:02 PM,KXATPMATCH-26APR18ZVECOB-COB,16,12007,15,5368,14,764,6,316,5,720,17,3,18,14357,19,8253,20,8612,21,6404,16.5
2026-04-17 10:17:21 PM,KXATPMATCH-26APR18ZVECOB-COB,16,11730,15,5368,14,764,6,316,5,720,17,3,18,14357,19,8253,20,8612,21,6404,16.5
2026-04-17 10:17:21 PM,KXATPMATCH-26APR18ZVECOB-COB,16,11834,15,5368,14,764,6,316,5,720,17,3,18,14357,19,8253,20,8612,21,6404,16.5
2026-04-17 10:27:58 PM,KXATPMATCH-26APR18ZVECOB-COB,16,11782,15,5368,14,764,6,316,5,720,17,3,18,14357,19,8253,20,8612,21,6404,16.5
2026-04-17 10:27:59 PM,KXATPMATCH-26APR18ZVECOB-COB,16,11532,15,5368,14,764,6,316,5,720,17,3,18,14357,19,8253,20,8612,21,6404,16.5
2026-04-17 10:27:59 PM,KXATPMATCH-26APR18ZVECOB-COB,16,11532,15,5618,14,764,6,316,5,720,17,3,18,14357,19,8253,20,8612,21,6404,16.5
2026-04-17 10:27:59 PM,KXATPMATCH-26APR18ZVECOB-COB,16,11532,15,5618,14,764,6,316,5,720,17,3,18,14357,19,8003,20,8612,21,6404,16.5
2026-04-17 10:27:59 PM,KXATPMATCH-26APR18ZVECOB-COB,16,11532,15,5618,14,764,6,316,5,720,17,3,18,14607,19,8003,20,8612,21,6404,16.5
2026-04-17 10:33:17 PM,KXATPMATCH-26APR18ZVECOB-COB,16,11532,15,5618,14,764,6,316,5,720,17,3,18,14607,19,8003,20,8612,21,15089,16.5
2026-04-17 10:33:19 PM,KXATPMATCH-26APR18ZVECOB-COB,16,11532,15,5618,14,764,6,316,5,720,17,3,18,14607,19,8003,20,8612,21,6404,16.5
2026-04-17 10:33:20 PM,KXATPMATCH-26APR18ZVECOB-COB,16,11532,15,5618,14,764,6,316,5,720,17,3,18,14607,19,8003,20,8612,21,14683,16.5
2026-04-17 10:34:02 PM,KXATPMATCH-26APR18ZVECOB-COB,16,11532,15,5618,14,764,6,316,5,720,17,3,18,14607,19,8003,20,8612,21,6404,16.5
2026-04-17 10:34:02 PM,KXATPMATCH-26APR18ZVECOB-COB,16,11532,15,5618,14,764,6,316,5,720,17,3,18,14607,19,8003,20,8612,21,14110,16.5
2026-04-17 10:37:39 PM,KXATPMATCH-26APR18ZVECOB-COB,16,11532,15,5618,14,764,6,316,5,720,17,3,18,14607,19,8003,20,8612,21,6404,16.5
2026-04-17 10:37:40 PM,KXATPMATCH-26APR18ZVECOB-COB,16,11532,15,5618,14,764,6,316,5,720,17,3,18,14607,19,8003,20,8612,21,14619,16.5
2026-04-17 10:38:14 PM,KXATPMATCH-26APR18ZVECOB-COB,16,11532,15,5618,14,764,6,316,5,720,17,3,18,14607,19,8003,20,8612,21,6404,16.5
2026-04-17 10:38:14 PM,KXATPMATCH-26APR18ZVECOB-COB,16,11532,15,5618,14,764,6,316,5,720,17,3,18,14607,19,8003,20,8612,21,14384,16.5
2026-04-17 10:39:45 PM,KXATPMATCH-26APR18ZVECOB-COB,16,11532,15,5618,14,764,6,316,5,720,17,2,18,14607,19,8003,20,8612,21,14384,16.5
2026-04-17 10:39:45 PM,KXATPMATCH-26APR18ZVECOB-COB,17,5,16,11532,15,5618,14,764,6,316,17,2,18,14607,19,8003,20,8612,21,14384,17.0
2026-04-17 10:39:45 PM,KXATPMATCH-26APR18ZVECOB-COB,17,5,16,11532,15,5604,14,764,6,316,17,2,18,14607,19,8003,20,8612,21,14384,17.0
2026-04-17 10:39:45 PM,KXATPMATCH-26APR18ZVECOB-COB,17,13,16,11532,15,5604,14,764,6,316,17,2,18,14607,19,8003,20,8612,21,14384,17.0
2026-04-17 10:39:45 PM,KXATPMATCH-26APR18ZVECOB-COB,17,13,16,11526,15,5604,14,764,6,316,17,2,18,14607,19,8003,20,8612,21,14384,17.0
2026-04-17 10:39:45 PM,KXATPMATCH-26APR18ZVECOB-COB,17,13,16,11526,15,5604,14,764,6,316,17,2,18,14145,19,8003,20,8612,21,14384,17.0
2026-04-17 10:39:45 PM,KXATPMATCH-26APR18ZVECOB-COB,17,13,16,11526,15,5604,14,764,6,316,17,2,18,14641,19,8003,20,8612,21,14384,17.0
2026-04-17 10:39:45 PM,KXATPMATCH-26APR18ZVECOB-COB,17,13,16,11526,15,5354,14,764,6,316,17,2,18,14641,19,8003,20,8612,21,14384,17.0
2026-04-17 10:39:45 PM,KXATPMATCH-26APR18ZVECOB-COB,17,13,16,11776,15,5354,14,764,6,316,17,2,18,14641,19,8003,20,8612,21,14384,17.0
2026-04-17 10:39:45 PM,KXATPMATCH-26APR18ZVECOB-COB,17,13,16,11776,15,5354,14,764,6,316,17,2,18,14391,19,8003,20,8612,21,14384,17.0
2026-04-17 10:39:45 PM,KXATPMATCH-26APR18ZVECOB-COB,17,13,16,11776,15,5354,14,764,6,316,17,2,18,14391,19,8253,20,8612,21,14384,17.0
2026-04-17 10:40:34 PM,KXATPMATCH-26APR18ZVECOB-COB,17,13,16,11776,15,5354,14,764,6,316,17,2,18,14391,19,8253,20,9862,21,14384,17.0
2026-04-17 10:41:10 PM,KXATPMATCH-26APR18ZVECOB-COB,17,13,16,11776,15,5354,14,764,6,316,17,2,18,14260,19,8253,20,9862,21,14384,17.0
2026-04-17 10:41:11 PM,KXATPMATCH-26APR18ZVECOB-COB,17,13,16,11776,15,5354,14,764,6,316,17,2,18,14288,19,8253,20,9862,21,14384,17.0
2026-04-17 10:41:11 PM,KXATPMATCH-26APR18ZVECOB-COB,17,13,16,11776,15,5354,14,764,6,316,17,2,18,14408,19,8253,20,9862,21,14384,17.0
2026-04-17 10:45:29 PM,KXATPMATCH-26APR18ZVECOB-COB,17,13,16,11776,15,5354,14,764,6,316,17,2,18,14408,19,8253,20,9862,21,6404,17.0
2026-04-17 10:45:29 PM,KXATPMATCH-26APR18ZVECOB-COB,17,13,16,11776,15,5354,14,764,6,316,17,2,18,14408,19,8253,20,9862,21,14216,17.0
2026-04-17 10:45:39 PM,KXATPMATCH-26APR18ZVECOB-COB,17,13,16,11776,15,5354,14,764,6,316,17,2,18,14408,19,8253,20,9862,21,6404,17.0
2026-04-17 10:45:39 PM,KXATPMATCH-26APR18ZVECOB-COB,17,13,16,11776,15,5354,14,764,6,316,17,2,18,14408,19,8253,20,9862,21,14013,17.0
2026-04-17 10:46:53 PM,KXATPMATCH-26APR18ZVECOB-COB,17,13,16,11776,15,5354,14,764,6,316,17,2,18,14403,19,8253,20,9862,21,14013,17.0
2026-04-17 10:47:38 PM,KXATPMATCH-26APR18ZVECOB-COB,17,13,16,11776,15,5354,14,764,6,316,17,2,18,14403,19,8253,20,9862,21,13911,17.0
2026-04-17 10:47:38 PM,KXATPMATCH-26APR18ZVECOB-COB,17,13,16,11776,15,5354,14,764,6,316,17,2,18,14403,19,8253,20,9963,21,13911,17.0
2026-04-17 10:48:20 PM,KXATPMATCH-26APR18ZVECOB-COB,17,13,16,11776,15,5354,14,764,6,316,17,2,18,14398,19,8253,20,9963,21,13911,17.0
2026-04-17 10:49:33 PM,KXATPMATCH-26APR18ZVECOB-COB,17,13,16,11776,15,5354,14,764,6,316,17,2,18,14390,19,8253,20,9963,21,13911,17.0
2026-04-17 10:49:34 PM,KXATPMATCH-26APR18ZVECOB-COB,17,13,16,11776,15,5354,14,764,6,316,17,2,18,14410,19,8253,20,9963,21,13911,17.0
2026-04-17 10:50:40 PM,KXATPMATCH-26APR18ZVECOB-COB,17,13,16,11776,15,5354,14,764,6,316,17,2,18,14453,19,8253,20,9963,21,13911,17.0
2026-04-17 10:51:09 PM,KXATPMATCH-26APR18ZVECOB-COB,17,13,16,11776,15,5354,14,764,6,316,17,2,18,14453,19,8253,20,9963,21,6302,17.0
2026-04-17 10:51:10 PM,KXATPMATCH-26APR18ZVECOB-COB,17,13,16,11776,15,5354,14,764,6,316,17,2,18,14453,19,8253,20,9963,21,14599,17.0
2026-04-17 10:52:29 PM,KXATPMATCH-26APR18ZVECOB-COB,17,13,16,11776,15,5354,14,764,6,316,17,2,18,14453,19,8253,20,9862,21,14599,17.0
2026-04-17 10:52:29 PM,KXATPMATCH-26APR18ZVECOB-COB,17,13,16,11776,15,5354,14,764,6,316,17,2,18,14453,19,8253,20,9862,21,14701,17.0
2026-04-17 10:53:31 PM,KXATPMATCH-26APR18ZVECOB-COB,17,13,16,11776,15,5354,14,764,6,316,17,2,18,14476,19,8253,20,9862,21,14701,17.0
2026-04-17 10:54:56 PM,KXATPMATCH-26APR18ZVECOB-COB,17,13,16,11776,15,5354,14,764,6,316,17,2,18,14443,19,8253,20,9862,21,14701,17.0
2026-04-17 10:54:56 PM,KXATPMATCH-26APR18ZVECOB-COB,17,13,16,11776,15,5354,14,764,6,316,17,2,18,14412,19,8253,20,9862,21,14701,17.0
2026-04-17 10:54:56 PM,KXATPMATCH-26APR18ZVECOB-COB,17,13,16,11776,15,5354,14,764,6,316,17,2,18,14322,19,8253,20,9862,21,14701,17.0
2026-04-17 10:54:56 PM,KXATPMATCH-26APR18ZVECOB-COB,17,13,16,11776,15,5354,14,764,6,316,17,2,18,13832,19,8253,20,9862,21,14701,17.0
2026-04-17 10:54:56 PM,KXATPMATCH-26APR18ZVECOB-COB,17,13,16,11776,15,5354,14,764,6,316,17,2,18,13760,19,8253,20,9862,21,14701,17.0
2026-04-17 10:54:56 PM,KXATPMATCH-26APR18ZVECOB-COB,17,13,16,11776,15,5354,14,764,6,316,17,2,18,13538,19,8253,20,9862,21,14701,17.0
2026-04-17 10:54:56 PM,KXATPMATCH-26APR18ZVECOB-COB,17,13,16,11776,15,5354,14,764,6,316,17,2,18,13319,19,8253,20,9862,21,14701,17.0
2026-04-17 10:54:56 PM,KXATPMATCH-26APR18ZVECOB-COB,17,13,16,11776,15,5354,14,764,6,316,17,2,18,12863,19,8253,20,9862,21,14701,17.0
2026-04-17 10:54:56 PM,KXATPMATCH-26APR18ZVECOB-COB,17,13,16,11776,15,5354,14,764,6,316,17,2,18,12638,19,8253,20,9862,21,14701,17.0
2026-04-17 10:54:56 PM,KXATPMATCH-26APR18ZVECOB-COB,17,13,16,11776,15,5354,14,764,6,589,17,2,18,12638,19,8253,20,9862,21,14701,17.0
2026-04-17 10:54:56 PM,KXATPMATCH-26APR18ZVECOB-COB,17,13,16,11776,15,5354,14,764,6,589,17,2,18,12638,19,8253,20,9862,21,14702,17.0
2026-04-17 10:54:57 PM,KXATPMATCH-26APR18ZVECOB-COB,17,13,16,11776,15,5354,14,764,6,589,17,2,18,12638,19,8253,20,9862,21,14701,17.0
2026-04-17 10:54:57 PM,KXATPMATCH-26APR18ZVECOB-COB,17,13,16,11776,15,5354,14,764,6,589,17,2,18,12638,19,8217,20,9862,21,14701,17.0
2026-04-17 10:54:57 PM,KXATPMATCH-26APR18ZVECOB-COB,17,13,16,11776,15,5354,14,764,6,589,17,2,18,12638,19,8211,20,9862,21,14701,17.0
2026-04-17 10:54:57 PM,KXATPMATCH-26APR18ZVECOB-COB,17,13,16,11776,15,5354,14,764,6,589,17,2,18,12638,19,8186,20,9862,21,14701,17.0
2026-04-17 10:54:57 PM,KXATPMATCH-26APR18ZVECOB-COB,17,13,16,11899,15,5354,14,764,6,589,17,2,18,12638,19,8186,20,9862,21,14701,17.0
2026-04-17 10:54:57 PM,KXATPMATCH-26APR18ZVECOB-COB,17,13,16,11899,15,5526,14,764,6,589,17,2,18,12638,19,8186,20,9862,21,14701,17.0
2026-04-17 10:54:57 PM,KXATPMATCH-26APR18ZVECOB-COB,17,13,16,11899,15,5526,14,944,6,589,17,2,18,12638,19,8186,20,9862,21,14701,17.0
2026-04-17 10:54:57 PM,KXATPMATCH-26APR18ZVECOB-COB,17,13,16,11899,15,5526,14,944,6,589,17,2,18,12950,19,8186,20,9862,21,14701,17.0
2026-04-17 10:55:27 PM,KXATPMATCH-26APR18ZVECOB-COB,17,13,16,11899,15,5526,14,944,6,589,17,2,18,12950,19,8165,20,9862,21,14701,17.0
2026-04-17 10:55:27 PM,KXATPMATCH-26APR18ZVECOB-COB,17,13,16,11899,15,5526,14,944,6,589,17,2,18,12950,19,8144,20,9862,21,14701,17.0
2026-04-17 10:55:29 PM,KXATPMATCH-26APR18ZVECOB-COB,17,13,16,11899,15,5526,14,944,6,589,17,2,18,12950,19,8144,20,9963,21,14701,17.0
2026-04-17 10:55:29 PM,KXATPMATCH-26APR18ZVECOB-COB,17,13,16,11899,15,5526,14,944,6,589,17,2,18,12950,19,8144,20,9963,21,14599,17.0
2026-04-17 10:56:27 PM,KXATPMATCH-26APR18ZVECOB-COB,17,13,16,11899,15,5526,14,944,6,589,17,2,18,12950,19,8144,20,9963,21,14600,17.0
2026-04-17 10:56:28 PM,KXATPMATCH-26APR18ZVECOB-COB,17,13,16,11899,15,5526,14,944,6,589,17,2,18,12950,19,8144,20,9963,21,14599,17.0
2026-04-17 10:56:39 PM,KXATPMATCH-26APR18ZVECOB-COB,17,13,16,11899,15,5526,14,944,6,589,17,2,18,12950,19,8144,20,9963,21,6302,17.0
2026-04-17 10:56:39 PM,KXATPMATCH-26APR18ZVECOB-COB,17,13,16,11899,15,5526,14,944,6,589,17,2,18,12950,19,8144,20,9963,21,14529,17.0
2026-04-17 10:56:44 PM,KXATPMATCH-26APR18ZVECOB-COB,17,13,16,11899,15,5526,14,944,6,589,17,2,18,12950,19,8144,20,9963,21,6302,17.0
2026-04-17 10:56:44 PM,KXATPMATCH-26APR18ZVECOB-COB,17,13,16,11899,15,5526,14,944,6,589,17,2,18,12950,19,8144,20,9963,21,14116,17.0
2026-04-17 11:00:03 PM,KXATPMATCH-26APR18ZVECOB-COB,17,13,16,11899,15,5526,14,944,6,589,17,2,18,12950,19,8144,20,9963,21,6302,17.0
2026-04-17 11:00:04 PM,KXATPMATCH-26APR18ZVECOB-COB,17,13,16,11899,15,5526,14,944,6,589,17,2,18,12950,19,8144,20,9963,21,14321,17.0
2026-04-17 11:00:07 PM,KXATPMATCH-26APR18ZVECOB-COB,17,13,16,11899,15,5526,14,944,6,589,17,2,18,12950,19,8144,20,9963,21,6302,17.0
2026-04-17 11:00:08 PM,KXATPMATCH-26APR18ZVECOB-COB,17,13,16,11899,15,5526,14,944,6,589,17,2,18,12950,19,8144,20,9963,21,14118,17.0
2026-04-17 11:00:15 PM,KXATPMATCH-26APR18ZVECOB-COB,17,13,16,11899,15,5526,14,944,6,589,17,2,18,12921,19,8144,20,9963,21,14118,17.0
2026-04-17 11:01:33 PM,KXATPMATCH-26APR18ZVECOB-COB,17,13,16,11899,15,5526,14,944,6,589,17,2,18,12921,19,8144,20,9963,21,6302,17.0
2026-04-17 11:03:02 PM,KXATPMATCH-26APR18ZVECOB-COB,17,13,16,11899,15,5526,14,944,6,589,17,2,18,12921,19,8144,20,9963,21,14627,17.0
2026-04-17 11:03:03 PM,KXATPMATCH-26APR18ZVECOB-COB,17,13,16,11899,15,5526,14,944,6,589,17,2,18,12921,19,8144,20,9963,21,14628,17.0
2026-04-17 11:03:04 PM,KXATPMATCH-26APR18ZVECOB-COB,17,13,16,11899,15,5526,14,944,6,589,17,2,18,12921,19,8144,20,9963,21,14627,17.0
2026-04-17 11:05:07 PM,KXATPMATCH-26APR18ZVECOB-COB,17,13,16,11899,15,5526,14,944,6,589,17,2,18,12921,19,8144,20,9963,21,6302,17.0
2026-04-17 11:05:08 PM,KXATPMATCH-26APR18ZVECOB-COB,17,13,16,11899,15,5526,14,944,6,589,17,2,18,12921,19,8144,20,9963,21,15017,17.0
2026-04-17 11:05:41 PM,KXATPMATCH-26APR18ZVECOB-COB,17,13,16,11899,15,5526,14,944,6,589,17,2,18,12871,19,8144,20,9963,21,15017,17.0
2026-04-17 11:05:45 PM,KXATPMATCH-26APR18ZVECOB-COB,17,13,16,11899,15,5526,14,944,6,589,17,2,18,12871,19,8144,20,9963,21,6302,17.0
2026-04-17 11:05:45 PM,KXATPMATCH-26APR18ZVECOB-COB,17,13,16,11899,15,5526,14,944,6,589,17,2,18,12871,19,8144,20,9963,21,14745,17.0
2026-04-17 11:05:53 PM,KXATPMATCH-26APR18ZVECOB-COB,17,13,16,11899,15,5526,14,944,6,589,17,2,18,12871,19,8144,20,9963,21,6302,17.0
2026-04-17 11:05:54 PM,KXATPMATCH-26APR18ZVECOB-COB,17,13,16,11899,15,5526,14,944,6,589,17,2,18,12871,19,8144,20,9963,21,14379,17.0
2026-04-17 11:13:29 PM,KXATPMATCH-26APR18ZVECOB-COB,17,13,16,11899,15,5526,14,944,6,589,17,2,18,12871,19,8144,20,9963,21,6302,17.0
2026-04-17 11:13:30 PM,KXATPMATCH-26APR18ZVECOB-COB,17,13,16,11899,15,5526,14,944,6,589,17,2,18,12871,19,8144,20,9963,21,14274,17.0
2026-04-17 11:20:28 PM,KXATPMATCH-26APR18ZVECOB-COB,17,13,16,11899,15,5526,14,944,6,589,17,2,18,12871,19,8144,20,9963,21,6302,17.0
2026-04-17 11:20:29 PM,KXATPMATCH-26APR18ZVECOB-COB,17,13,16,11899,15,5526,14,944,6,589,17,2,18,12871,19,8144,20,9963,21,15266,17.0
2026-04-17 11:21:16 PM,KXATPMATCH-26APR18ZVECOB-COB,17,13,16,11899,15,5526,14,944,6,589,17,2,18,12871,19,8144,20,9963,21,6302,17.0
2026-04-17 11:21:16 PM,KXATPMATCH-26APR18ZVECOB-COB,17,13,16,11899,15,5526,14,944,6,589,17,2,18,12871,19,8144,20,9963,21,15063,17.0
2026-04-17 11:25:18 PM,KXATPMATCH-26APR18ZVECOB-COB,17,13,16,11899,15,5526,14,944,6,589,17,2,18,12871,19,8144,20,9963,21,6302,17.0
2026-04-17 11:25:19 PM,KXATPMATCH-26APR18ZVECOB-COB,17,13,16,11899,15,5526,14,944,6,589,17,2,18,12871,19,8144,20,9963,21,14901,17.0
2026-04-17 11:25:53 PM,KXATPMATCH-26APR18ZVECOB-COB,17,13,16,11899,15,5526,14,944,6,589,17,2,18,12871,19,8144,20,9963,21,6302,17.0
2026-04-17 11:25:54 PM,KXATPMATCH-26APR18ZVECOB-COB,17,13,16,11899,15,5526,14,944,6,589,17,2,18,12871,19,8144,20,9963,21,14698,17.0
2026-04-17 11:27:11 PM,KXATPMATCH-26APR18ZVECOB-COB,17,13,16,11899,15,5526,14,944,6,589,17,2,18,12871,19,8144,20,9963,21,6302,17.0
2026-04-17 11:27:12 PM,KXATPMATCH-26APR18ZVECOB-COB,17,13,16,11899,15,5526,14,944,6,589,17,2,18,12871,19,8144,20,9963,21,14163,17.0
2026-04-17 11:27:13 PM,KXATPMATCH-26APR18ZVECOB-COB,17,13,16,11899,15,5526,14,944,6,589,17,2,18,12871,19,8144,20,9963,21,6302,17.0
2026-04-17 11:27:13 PM,KXATPMATCH-26APR18ZVECOB-COB,17,13,16,11899,15,5526,14,944,6,589,17,2,18,12871,19,8144,20,9963,21,13960,17.0
2026-04-17 11:30:56 PM,KXATPMATCH-26APR18ZVECOB-COB,17,13,16,11899,15,5526,14,944,6,589,17,2,18,12850,19,8144,20,9963,21,13960,17.0
2026-04-17 11:30:57 PM,KXATPMATCH-26APR18ZVECOB-COB,17,13,16,11899,15,5526,14,944,6,589,17,2,18,12850,19,8144,20,9963,21,13961,17.0
2026-04-17 11:30:57 PM,KXATPMATCH-26APR18ZVECOB-COB,17,13,16,11899,15,5526,14,944,6,589,17,2,18,12850,19,8144,20,9963,21,13960,17.0
2026-04-17 11:31:02 PM,KXATPMATCH-26APR18ZVECOB-COB,17,13,16,11909,15,5526,14,944,6,589,17,2,18,12850,19,8144,20,9963,21,13960,17.0
2026-04-17 11:31:02 PM,KXATPMATCH-26APR18ZVECOB-COB,17,13,16,11919,15,5526,14,944,6,589,17,2,18,12850,19,8144,20,9963,21,13960,17.0
2026-04-17 11:31:03 PM,KXATPMATCH-26APR18ZVECOB-COB,17,13,16,11919,15,5526,14,944,6,589,17,2,18,12850,19,8144,20,9973,21,13960,17.0
2026-04-17 11:31:03 PM,KXATPMATCH-26APR18ZVECOB-COB,17,13,16,11919,15,5526,14,944,6,589,17,2,18,12850,19,8144,20,9983,21,13960,17.0
2026-04-17 11:31:03 PM,KXATPMATCH-26APR18ZVECOB-COB,17,13,16,11919,15,5526,14,944,6,589,17,2,18,12850,19,8144,20,9993,21,13960,17.0
2026-04-17 11:32:41 PM,KXATPMATCH-26APR18ZVECOB-COB,17,13,16,11919,15,5526,14,944,6,589,17,2,18,12840,19,8144,20,9993,21,13960,17.0
2026-04-17 11:33:14 PM,KXATPMATCH-26APR18ZVECOB-COB,17,13,16,11919,15,5526,14,944,6,589,17,2,18,12840,19,8144,20,9993,21,6302,17.0
2026-04-17 11:33:15 PM,KXATPMATCH-26APR18ZVECOB-COB,17,13,16,11919,15,5526,14,944,6,589,17,2,18,12840,19,8144,20,9993,21,14450,17.0
2026-04-17 11:33:43 PM,KXATPMATCH-26APR18ZVECOB-COB,17,13,16,11919,15,5526,14,944,6,589,17,2,18,12829,19,8144,20,9993,21,14450,17.0
2026-04-17 11:34:38 PM,KXATPMATCH-26APR18ZVECOB-COB,17,13,16,11919,15,5526,14,944,6,589,17,2,18,12829,19,7344,20,9993,21,14450,17.0
2026-04-17 11:34:38 PM,KXATPMATCH-26APR18ZVECOB-COB,17,13,16,11919,15,5526,14,944,6,589,17,2,18,12786,19,7344,20,9993,21,14450,17.0
2026-04-17 11:34:38 PM,KXATPMATCH-26APR18ZVECOB-COB,17,13,16,11919,15,5526,14,944,6,589,17,2,18,12763,19,7344,20,9993,21,14450,17.0
2026-04-17 11:34:38 PM,KXATPMATCH-26APR18ZVECOB-COB,17,13,16,11796,15,5526,14,944,6,589,17,2,18,12763,19,7344,20,9993,21,14450,17.0
2026-04-17 11:34:38 PM,KXATPMATCH-26APR18ZVECOB-COB,17,13,16,11796,15,5354,14,944,6,589,17,2,18,12763,19,7344,20,9993,21,14450,17.0
2026-04-17 11:34:38 PM,KXATPMATCH-26APR18ZVECOB-COB,17,13,16,11796,15,5354,14,764,6,589,17,2,18,12763,19,7344,20,9993,21,14450,17.0
2026-04-17 11:34:38 PM,KXATPMATCH-26APR18ZVECOB-COB,17,13,16,11796,15,5354,14,764,11,139,17,2,18,12763,19,7344,20,9993,21,14450,17.0
2026-04-17 11:34:38 PM,KXATPMATCH-26APR18ZVECOB-COB,17,13,16,11796,15,5354,14,764,11,139,17,2,18,13353,19,7344,20,9993,21,14450,17.0
2026-04-17 11:34:38 PM,KXATPMATCH-26APR18ZVECOB-COB,17,13,16,11796,15,5354,14,764,11,139,17,2,18,13353,19,7392,20,9993,21,14450,17.0
2026-04-17 11:34:38 PM,KXATPMATCH-26APR18ZVECOB-COB,17,13,16,11796,15,5354,14,764,11,139,17,2,18,13774,19,7392,20,9993,21,14450,17.0
2026-04-17 11:34:38 PM,KXATPMATCH-26APR18ZVECOB-COB,17,13,16,11796,15,5354,14,764,11,139,17,2,18,13774,19,7392,20,9892,21,14450,17.0
2026-04-17 11:34:38 PM,KXATPMATCH-26APR18ZVECOB-COB,17,13,16,11796,15,5354,14,764,11,139,17,2,18,13774,19,7392,20,9892,21,14552,17.0
2026-04-17 11:34:40 PM,KXATPMATCH-26APR18ZVECOB-COB,17,13,16,11796,15,5354,14,764,11,139,17,2,18,14556,19,7392,20,9892,21,14552,17.0
2026-04-17 11:34:40 PM,KXATPMATCH-26APR18ZVECOB-COB,17,13,16,11796,15,5354,14,764,11,139,17,2,18,14556,19,8192,20,9892,21,14552,17.0
2026-04-17 11:36:53 PM,KXATPMATCH-26APR18ZVECOB-COB,17,13,16,11796,15,5354,14,764,11,139,17,2,18,14546,19,8192,20,9892,21,14552,17.0
2026-04-17 11:39:38 PM,KXATPMATCH-26APR18ZVECOB-COB,17,13,16,11796,15,5354,14,764,11,139,17,2,18,14546,19,8192,20,9892,21,6404,17.0
2026-04-17 11:39:38 PM,KXATPMATCH-26APR18ZVECOB-COB,17,13,16,11796,15,5354,14,764,11,139,17,2,18,14546,19,8192,20,9892,21,14973,17.0
2026-04-17 11:43:20 PM,KXATPMATCH-26APR18ZVECOB-COB,17,27,16,11796,15,5354,14,764,11,139,17,2,18,14546,19,8192,20,9892,21,14973,17.0
2026-04-17 11:43:20 PM,KXATPMATCH-26APR18ZVECOB-COB,17,27,16,11796,15,5354,14,764,11,139,17,2,18,14546,19,8192,20,9892,21,14986,17.0
2026-04-17 11:43:20 PM,KXATPMATCH-26APR18ZVECOB-COB,17,27,16,11796,15,5354,14,764,11,139,17,2,18,14546,19,8178,20,9892,21,14986,17.0
2026-04-17 11:45:12 PM,KXATPMATCH-26APR18ZVECOB-COB,17,27,16,11796,15,5354,14,764,6,589,17,2,18,14546,19,8178,20,9892,21,14986,17.0
2026-04-17 11:45:12 PM,KXATPMATCH-26APR18ZVECOB-COB,17,27,16,11796,15,5354,14,764,6,589,17,2,18,14662,19,8178,20,9892,21,14986,17.0
2026-04-17 11:45:12 PM,KXATPMATCH-26APR18ZVECOB-COB,17,27,16,11796,15,5354,14,764,6,589,17,2,18,14662,19,8178,20,9892,21,14884,17.0
2026-04-17 11:45:12 PM,KXATPMATCH-26APR18ZVECOB-COB,17,27,16,11796,15,5354,14,764,6,589,17,2,18,14662,19,8178,20,9993,21,14884,17.0
2026-04-17 11:45:15 PM,KXATPMATCH-26APR18ZVECOB-COB,17,27,16,11796,15,5354,14,764,6,589,17,2,18,14662,19,8178,20,8148,21,14884,17.0
2026-04-17 11:45:15 PM,KXATPMATCH-26APR18ZVECOB-COB,17,27,16,11796,15,5354,14,764,6,589,17,2,18,14662,19,8178,20,5848,21,14884,17.0
2026-04-17 11:45:17 PM,KXATPMATCH-26APR18ZVECOB-COB,17,27,16,11796,15,5354,14,764,6,589,17,2,18,14662,19,8178,20,9994,21,14884,17.0
2026-04-17 11:46:59 PM,KXATPMATCH-26APR18ZVECOB-COB,17,27,16,11796,15,5354,14,764,6,589,17,2,18,14662,19,8178,20,9994,21,6315,17.0
2026-04-17 11:47:00 PM,KXATPMATCH-26APR18ZVECOB-COB,17,27,16,11796,15,5354,14,764,6,589,17,2,18,14662,19,8178,20,9994,21,14463,17.0
2026-04-17 11:49:40 PM,KXATPMATCH-26APR18ZVECOB-COB,17,27,16,11796,15,5354,14,764,6,589,17,2,18,14662,19,8178,20,9994,21,6315,17.0
2026-04-17 11:49:40 PM,KXATPMATCH-26APR18ZVECOB-COB,17,27,16,11796,15,5354,14,764,6,589,17,2,18,14662,19,8178,20,9994,21,14264,17.0
2026-04-17 11:50:20 PM,KXATPMATCH-26APR18ZVECOB-COB,17,27,16,11796,15,5354,14,764,6,589,17,2,18,14662,19,8178,20,9994,21,14366,17.0
2026-04-17 11:50:20 PM,KXATPMATCH-26APR18ZVECOB-COB,17,27,16,11796,15,5354,14,764,6,589,17,2,18,14662,19,8178,20,9893,21,14366,17.0
2026-04-17 11:51:59 PM,KXATPMATCH-26APR18ZVECOB-COB,17,27,16,11796,15,5354,14,764,6,589,17,2,18,14662,19,8178,20,9893,21,6417,17.0
2026-04-17 11:52:00 PM,KXATPMATCH-26APR18ZVECOB-COB,17,27,16,11796,15,5354,14,764,6,589,17,2,18,14662,19,8178,20,9893,21,14772,17.0
2026-04-17 11:53:40 PM,KXATPMATCH-26APR18ZVECOB-COB,17,27,16,11796,15,5354,14,764,6,589,17,2,18,14662,19,8178,20,9893,21,6417,17.0
2026-04-17 11:53:41 PM,KXATPMATCH-26APR18ZVECOB-COB,17,27,16,11796,15,5354,14,764,6,589,17,2,18,14662,19,8178,20,9893,21,14569,17.0
2026-04-17 11:53:43 PM,KXATPMATCH-26APR18ZVECOB-COB,17,27,16,11796,15,5354,14,764,6,589,17,2,18,14662,19,8178,20,9893,21,6417,17.0
2026-04-17 11:53:44 PM,KXATPMATCH-26APR18ZVECOB-COB,17,27,16,11796,15,5354,14,764,6,589,17,2,18,14662,19,8178,20,9893,21,14366,17.0
2026-04-17 11:53:55 PM,KXATPMATCH-26APR18ZVECOB-COB,17,27,16,11796,15,5354,14,764,6,589,17,2,18,14565,19,8178,20,9893,21,14366,17.0
2026-04-17 11:53:55 PM,KXATPMATCH-26APR18ZVECOB-COB,17,27,16,11796,15,5354,14,764,6,589,17,2,18,14563,19,8178,20,9893,21,14366,17.0
2026-04-17 11:54:13 PM,KXATPMATCH-26APR18ZVECOB-COB,17,22,16,11796,15,5354,14,764,6,589,17,2,18,14563,19,8178,20,9893,21,14366,17.0
2026-04-17 11:54:13 PM,KXATPMATCH-26APR18ZVECOB-COB,17,14,16,11796,15,5354,14,764,6,589,17,2,18,14563,19,8178,20,9893,21,14366,17.0
2026-04-17 11:54:13 PM,KXATPMATCH-26APR18ZVECOB-COB,16,11796,15,5354,14,764,6,589,5,820,17,2,18,14563,19,8178,20,9893,21,14366,16.5
2026-04-17 11:54:13 PM,KXATPMATCH-26APR18ZVECOB-COB,16,11816,15,5354,14,764,6,589,5,820,17,2,18,14563,19,8178,20,9893,21,14366,16.5
2026-04-17 11:54:13 PM,KXATPMATCH-26APR18ZVECOB-COB,16,11816,15,5368,14,764,6,589,5,820,17,2,18,14563,19,8178,20,9893,21,14366,16.5
2026-04-17 11:54:14 PM,KXATPMATCH-26APR18ZVECOB-COB,16,11816,15,5368,14,764,6,589,5,820,17,2,18,14563,19,8178,20,9893,21,14353,16.5
2026-04-17 11:54:14 PM,KXATPMATCH-26APR18ZVECOB-COB,16,11816,15,5368,14,764,6,589,5,820,17,2,18,14563,19,8191,20,9893,21,14353,16.5
2026-04-17 11:56:35 PM,KXATPMATCH-26APR18ZVECOB-COB,16,11816,15,5368,14,764,6,589,5,820,17,2,18,14563,19,8191,20,9893,21,6404,16.5
2026-04-17 11:56:36 PM,KXATPMATCH-26APR18ZVECOB-COB,16,11816,15,5368,14,764,6,589,5,820,17,2,18,14563,19,8191,20,9893,21,13845,16.5
2026-04-17 11:58:02 PM,KXATPMATCH-26APR18ZVECOB-COB,16,11816,15,5368,14,764,6,589,5,820,17,2,18,14563,19,8191,20,9913,21,13845,16.5
2026-04-17 11:59:18 PM,KXATPMATCH-26APR18ZVECOB-COB,16,11816,15,5368,14,764,6,589,5,820,17,2,18,14563,19,8191,20,9913,21,6404,16.5
2026-04-17 11:59:18 PM,KXATPMATCH-26APR18ZVECOB-COB,16,11816,15,5368,14,764,6,589,5,820,17,2,18,14563,19,8191,20,9913,21,9276,16.5
2026-04-17 11:59:18 PM,KXATPMATCH-26APR18ZVECOB-COB,16,11851,15,5368,14,764,6,589,5,820,17,2,18,14563,19,8191,20,9913,21,9276,16.5
2026-04-18 12:00:12 AM,KXATPMATCH-26APR18ZVECOB-COB,16,6851,15,5368,14,764,6,589,5,820,17,2,18,14563,19,8191,20,9913,21,9276,16.5
2026-04-18 12:00:12 AM,KXATPMATCH-26APR18ZVECOB-COB,16,6851,15,5368,14,5764,6,589,5,820,17,2,18,14563,19,8191,20,9913,21,9276,16.5
2026-04-18 12:00:12 AM,KXATPMATCH-26APR18ZVECOB-COB,16,6816,15,5368,14,5764,6,589,5,820,17,2,18,14563,19,8191,20,9913,21,9276,16.5
2026-04-18 12:00:12 AM,KXATPMATCH-26APR18ZVECOB-COB,16,6816,15,5368,14,5764,6,589,5,820,17,2,18,14563,19,12337,20,9913,21,9276,16.5
2026-04-18 12:00:12 AM,KXATPMATCH-26APR18ZVECOB-COB,16,6816,15,5368,14,5764,6,589,5,820,17,2,18,14563,19,12337,20,9913,21,9174,16.5
2026-04-18 12:00:12 AM,KXATPMATCH-26APR18ZVECOB-COB,16,6566,15,5368,14,5764,6,589,5,820,17,2,18,14563,19,12337,20,9913,21,9174,16.5
2026-04-18 12:00:13 AM,KXATPMATCH-26APR18ZVECOB-COB,16,6566,15,5618,14,5764,6,589,5,820,17,2,18,14563,19,12337,20,9913,21,9174,16.5
2026-04-18 12:00:13 AM,KXATPMATCH-26APR18ZVECOB-COB,16,6566,15,5618,14,5764,6,589,5,820,17,2,18,14563,19,12087,20,9913,21,9174,16.5
2026-04-18 12:00:13 AM,KXATPMATCH-26APR18ZVECOB-COB,16,6566,15,5618,14,5764,6,589,5,820,17,2,18,14813,19,12087,20,9913,21,9174,16.5
2026-04-18 12:00:13 AM,KXATPMATCH-26APR18ZVECOB-COB,16,6566,15,5618,14,5764,6,589,5,820,17,2,18,14813,19,12087,20,5767,21,9174,16.5
2026-04-18 12:00:13 AM,KXATPMATCH-26APR18ZVECOB-COB,16,6566,15,5618,14,5764,6,589,5,820,17,2,18,14813,19,12087,20,5868,21,9174,16.5
2026-04-18 12:00:18 AM,KXATPMATCH-26APR18ZVECOB-COB,16,6566,15,5618,14,5764,6,589,5,820,17,2,18,14813,19,7941,20,5868,21,9174,16.5
2026-04-18 12:00:18 AM,KXATPMATCH-26APR18ZVECOB-COB,16,6566,15,5653,14,5764,6,589,5,820,17,2,18,14813,19,7941,20,5868,21,9174,16.5
2026-04-18 12:00:19 AM,KXATPMATCH-26APR18ZVECOB-COB,16,6566,15,5653,14,764,6,589,5,820,17,2,18,14813,19,7941,20,5868,21,9174,16.5
2026-04-18 12:00:19 AM,KXATPMATCH-26APR18ZVECOB-COB,16,11566,15,5653,14,764,6,589,5,820,17,2,18,14813,19,7941,20,5868,21,9174,16.5
2026-04-18 12:00:19 AM,KXATPMATCH-26APR18ZVECOB-COB,16,11566,15,5618,14,764,6,589,5,820,17,2,18,14813,19,7941,20,5868,21,9174,16.5
2026-04-18 12:00:19 AM,KXATPMATCH-26APR18ZVECOB-COB,16,11566,15,5618,14,764,6,589,5,820,17,2,18,14813,19,7941,20,5767,21,9174,16.5
2026-04-18 12:00:19 AM,KXATPMATCH-26APR18ZVECOB-COB,16,11566,15,5368,14,764,6,589,5,820,17,2,18,14813,19,7941,20,5767,21,9174,16.5
2026-04-18 12:00:19 AM,KXATPMATCH-26APR18ZVECOB-COB,16,11816,15,5368,14,764,6,589,5,820,17,2,18,14813,19,7941,20,5767,21,9174,16.5
2026-04-18 12:00:19 AM,KXATPMATCH-26APR18ZVECOB-COB,16,11816,15,5368,14,764,6,589,5,820,17,2,18,14813,19,7941,20,5767,21,9276,16.5
2026-04-18 12:00:19 AM,KXATPMATCH-26APR18ZVECOB-COB,16,11816,15,5368,14,764,6,589,5,820,17,2,18,14563,19,7941,20,5767,21,9276,16.5
2026-04-18 12:00:19 AM,KXATPMATCH-26APR18ZVECOB-COB,16,11851,15,5368,14,764,6,589,5,820,17,2,18,14563,19,7941,20,5767,21,9276,16.5
2026-04-18 12:00:19 AM,KXATPMATCH-26APR18ZVECOB-COB,16,11851,15,5368,14,764,6,589,5,820,17,2,18,14563,19,8191,20,5767,21,9276,16.5
2026-04-18 12:00:22 AM,KXATPMATCH-26APR18ZVECOB-COB,16,11851,15,5368,14,764,6,589,5,820,17,2,18,14563,19,8191,20,9913,21,9276,16.5
2026-04-18 12:00:22 AM,KXATPMATCH-26APR18ZVECOB-COB,16,11851,15,5368,14,764,6,589,5,820,17,2,18,14598,19,8191,20,9913,21,9276,16.5
2026-04-18 12:00:30 AM,KXATPMATCH-26APR18ZVECOB-COB,16,11851,15,5368,14,764,6,589,5,820,17,2,18,14598,19,12337,20,9913,21,9276,16.5
2026-04-18 12:00:30 AM,KXATPMATCH-26APR18ZVECOB-COB,16,6851,15,5368,14,764,6,589,5,820,17,2,18,14598,19,12337,20,9913,21,9276,16.5
2026-04-18 12:00:30 AM,KXATPMATCH-26APR18ZVECOB-COB,16,6851,15,5368,14,5764,6,589,5,820,17,2,18,14598,19,12337,20,9913,21,9276,16.5
2026-04-18 12:00:30 AM,KXATPMATCH-26APR18ZVECOB-COB,16,6851,15,5368,14,5764,6,589,5,820,17,2,18,14598,19,12337,20,5767,21,9276,16.5
2026-04-18 12:00:30 AM,KXATPMATCH-26APR18ZVECOB-COB,16,6816,15,5368,14,5764,6,589,5,820,17,2,18,14598,19,12337,20,5767,21,9276,16.5
2026-04-18 12:00:30 AM,KXATPMATCH-26APR18ZVECOB-COB,16,6566,15,5368,14,5764,6,589,5,820,17,2,18,14598,19,12337,20,5767,21,9276,16.5
2026-04-18 12:00:30 AM,KXATPMATCH-26APR18ZVECOB-COB,16,6566,15,5618,14,5764,6,589,5,820,17,2,18,14598,19,12337,20,5767,21,9276,16.5
2026-04-18 12:00:30 AM,KXATPMATCH-26APR18ZVECOB-COB,16,6566,15,5618,14,5764,6,589,5,820,17,2,18,14598,19,12087,20,5767,21,9276,16.5
2026-04-18 12:00:30 AM,KXATPMATCH-26APR18ZVECOB-COB,16,6566,15,5618,14,5764,6,589,5,820,17,2,18,14848,19,12087,20,5767,21,9276,16.5
2026-04-18 12:00:33 AM,KXATPMATCH-26APR18ZVECOB-COB,16,6566,15,5618,14,5764,6,589,5,820,17,2,18,14848,19,12087,20,5767,21,9174,16.5
2026-04-18 12:00:33 AM,KXATPMATCH-26APR18ZVECOB-COB,16,6566,15,5618,14,5764,6,589,5,820,17,2,18,14848,19,12087,20,5868,21,9174,16.5
2026-04-18 12:00:33 AM,KXATPMATCH-26APR18ZVECOB-COB,16,6566,15,5653,14,5764,6,589,5,820,17,2,18,14848,19,12087,20,5868,21,9174,16.5
2026-04-18 12:00:42 AM,KXATPMATCH-26APR18ZVECOB-COB,16,6566,15,5653,14,5764,6,589,5,820,17,2,18,14848,19,12087,20,10014,21,9174,16.5
2026-04-18 12:00:42 AM,KXATPMATCH-26APR18ZVECOB-COB,16,6566,15,5653,14,5764,6,589,5,820,17,2,18,14848,19,7941,20,10014,21,9174,16.5
2026-04-18 12:00:42 AM,KXATPMATCH-26APR18ZVECOB-COB,16,6566,15,5653,14,5764,6,589,5,820,17,2,18,14848,19,7941,20,9913,21,9174,16.5
2026-04-18 12:00:42 AM,KXATPMATCH-26APR18ZVECOB-COB,16,6566,15,5653,14,5764,6,589,5,820,17,2,18,14848,19,7941,20,9913,21,9276,16.5
2026-04-18 12:00:42 AM,KXATPMATCH-26APR18ZVECOB-COB,16,6566,15,5653,14,764,6,589,5,820,17,2,18,14848,19,7941,20,9913,21,9276,16.5
2026-04-18 12:00:42 AM,KXATPMATCH-26APR18ZVECOB-COB,16,11566,15,5653,14,764,6,589,5,820,17,2,18,14848,19,7941,20,9913,21,9276,16.5
2026-04-18 12:00:42 AM,KXATPMATCH-26APR18ZVECOB-COB,16,11566,15,5618,14,764,6,589,5,820,17,2,18,14848,19,7941,20,9913,21,9276,16.5
2026-04-18 12:00:42 AM,KXATPMATCH-26APR18ZVECOB-COB,16,11566,15,5618,14,764,8,35,6,589,17,2,18,14848,19,7941,20,9913,21,9276,16.5
2026-04-18 12:00:43 AM,KXATPMATCH-26APR18ZVECOB-COB,16,11566,15,5618,14,764,6,589,5,820,17,2,18,14848,19,7941,20,9913,21,9276,16.5
2026-04-18 12:00:43 AM,KXATPMATCH-26APR18ZVECOB-COB,16,11566,15,5368,14,764,6,589,5,820,17,2,18,14848,19,7941,20,9913,21,9276,16.5
2026-04-18 12:00:43 AM,KXATPMATCH-26APR18ZVECOB-COB,16,11816,15,5368,14,764,6,589,5,820,17,2,18,14848,19,7941,20,9913,21,9276,16.5
2026-04-18 12:00:43 AM,KXATPMATCH-26APR18ZVECOB-COB,16,11816,15,5368,14,764,6,589,5,820,17,2,18,14598,19,7941,20,9913,21,9276,16.5
2026-04-18 12:00:43 AM,KXATPMATCH-26APR18ZVECOB-COB,16,11816,15,5368,14,764,6,589,5,820,17,2,18,14598,19,8191,20,9913,21,9276,16.5
2026-04-18 12:01:07 AM,KXATPMATCH-26APR18ZVECOB-COB,16,11816,15,5368,14,764,6,589,5,820,17,2,18,14598,19,8191,20,9933,21,9276,16.5
2026-04-18 12:01:14 AM,KXATPMATCH-26APR18ZVECOB-COB,16,11816,15,5368,14,764,6,589,5,820,17,2,18,14563,19,8191,20,9933,21,9276,16.5
2026-04-18 12:01:36 AM,KXATPMATCH-26APR18ZVECOB-COB,16,11816,15,5368,14,764,6,589,5,820,17,2,18,14563,19,8191,20,9933,21,6404,16.5
2026-04-18 12:01:38 AM,KXATPMATCH-26APR18ZVECOB-COB,16,11816,15,5368,14,764,6,589,5,820,17,2,18,15563,19,8191,20,9933,21,6404,16.5
2026-04-18 12:05:11 AM,KXATPMATCH-26APR18ZVECOB-COB,16,11816,15,5368,14,764,6,589,5,820,17,2,18,15263,19,8191,20,9933,21,6404,16.5
2026-04-18 12:05:23 AM,KXATPMATCH-26APR18ZVECOB-COB,16,11816,15,5368,14,764,6,589,5,820,17,2,18,15298,19,8191,20,9933,21,6404,16.5
2026-04-18 12:05:27 AM,KXATPMATCH-26APR18ZVECOB-COB,16,11851,15,5368,14,764,6,589,5,820,17,2,18,15298,19,8191,20,9933,21,6404,16.5
2026-04-18 12:06:13 AM,KXATPMATCH-26APR18ZVECOB-COB,16,11831,15,5368,14,764,6,589,5,820,17,2,18,15298,19,8191,20,9933,21,6404,16.5
2026-04-18 12:06:13 AM,KXATPMATCH-26APR18ZVECOB-COB,16,11820,15,5368,14,764,6,589,5,820,17,2,18,15298,19,8191,20,9933,21,6404,16.5
2026-04-18 12:06:13 AM,KXATPMATCH-26APR18ZVECOB-COB,16,11818,15,5368,14,764,6,589,5,820,17,2,18,15298,19,8191,20,9933,21,6404,16.5
2026-04-18 12:06:13 AM,KXATPMATCH-26APR18ZVECOB-COB,16,11815,15,5368,14,764,6,589,5,820,17,2,18,15298,19,8191,20,9933,21,6404,16.5
2026-04-18 12:06:13 AM,KXATPMATCH-26APR18ZVECOB-COB,16,11815,15,5368,14,764,6,589,5,820,17,2,18,15298,19,8191,20,9919,21,6404,16.5
2026-04-18 12:06:16 AM,KXATPMATCH-26APR18ZVECOB-COB,16,11815,15,5368,14,764,7,93,6,589,17,2,18,15298,19,8191,20,9919,21,6404,16.5
2026-04-18 12:06:16 AM,KXATPMATCH-26APR18ZVECOB-COB,16,11815,15,5368,14,764,7,93,6,589,17,2,18,15301,19,8191,20,9919,21,6404,16.5
2026-04-18 12:06:17 AM,KXATPMATCH-26APR18ZVECOB-COB,16,11815,15,5368,14,764,7,93,6,589,17,2,18,15311,19,8191,20,9919,21,6404,16.5
2026-04-18 12:06:22 AM,KXATPMATCH-26APR18ZVECOB-COB,16,11815,15,5368,14,764,7,93,6,589,17,2,18,15311,19,8191,20,5773,21,6404,16.5
2026-04-18 12:06:22 AM,KXATPMATCH-26APR18ZVECOB-COB,16,11815,15,5368,14,764,7,93,6,589,17,2,18,15311,19,8191,20,9919,21,6404,16.5
2026-04-18 12:06:22 AM,KXATPMATCH-26APR18ZVECOB-COB,16,11815,15,5368,14,764,7,93,6,589,17,2,18,15311,19,8191,20,5773,21,6404,16.5
2026-04-18 12:06:25 AM,KXATPMATCH-26APR18ZVECOB-COB,16,11815,15,5368,14,764,7,93,6,589,17,2,18,15311,19,12337,20,5773,21,6404,16.5
2026-04-18 12:06:26 AM,KXATPMATCH-26APR18ZVECOB-COB,16,11815,15,5368,14,764,7,93,6,589,17,2,18,15311,19,12337,20,5773,21,6302,16.5
2026-04-18 12:06:26 AM,KXATPMATCH-26APR18ZVECOB-COB,16,11815,15,5368,14,764,7,93,6,589,17,2,18,15311,19,12337,20,5874,21,6302,16.5
2026-04-18 12:06:30 AM,KXATPMATCH-26APR18ZVECOB-COB,16,11815,15,5368,14,764,7,93,6,589,17,2,18,15311,19,8191,20,5874,21,6302,16.5
2026-04-18 12:06:33 AM,KXATPMATCH-26APR18ZVECOB-COB,16,11815,15,5368,14,764,7,93,6,589,17,2,18,15311,19,8191,20,10020,21,6302,16.5
2026-04-18 12:07:29 AM,KXATPMATCH-26APR18ZVECOB-COB,16,11815,15,5368,14,764,7,93,6,589,17,2,18,15311,19,8191,20,10020,21,6404,16.5
2026-04-18 12:07:29 AM,KXATPMATCH-26APR18ZVECOB-COB,16,11815,15,5368,14,764,7,93,6,589,17,2,18,15311,19,8191,20,9919,21,6404,16.5
2026-04-18 12:09:10 AM,KXATPMATCH-26APR18ZVECOB-COB,16,11815,15,5368,14,764,7,93,6,589,17,2,18,15308,19,8191,20,9919,21,6404,16.5
2026-04-18 12:09:10 AM,KXATPMATCH-26APR18ZVECOB-COB,16,11815,15,5368,14,764,7,93,6,589,17,2,18,15298,19,8191,20,9919,21,6404,16.5
2026-04-18 12:09:10 AM,KXATPMATCH-26APR18ZVECOB-COB,16,11815,15,5368,14,764,6,589,5,820,17,2,18,15298,19,8191,20,9919,21,6404,16.5
2026-04-18 12:09:10 AM,KXATPMATCH-26APR18ZVECOB-COB,16,11842,15,5368,14,764,6,589,5,820,17,2,18,15298,19,8191,20,9919,21,6404,16.5
2026-04-18 12:09:10 AM,KXATPMATCH-26APR18ZVECOB-COB,16,11842,15,5368,14,764,6,589,5,820,17,2,18,15298,19,8191,20,9933,21,6404,16.5
2026-04-18 12:10:38 AM,KXATPMATCH-26APR18ZVECOB-COB,16,11842,15,5368,14,764,6,589,5,820,17,2,18,15141,19,8191,20,9933,21,6404,16.5
2026-04-18 12:10:38 AM,KXATPMATCH-26APR18ZVECOB-COB,16,11842,15,5368,14,764,6,589,5,820,17,2,18,15106,19,8191,20,9933,21,6404,16.5
2026-04-18 12:10:39 AM,KXATPMATCH-26APR18ZVECOB-COB,16,11842,15,5368,14,764,6,589,5,820,17,2,18,15141,19,8191,20,9933,21,6404,16.5
2026-04-18 12:17:33 AM,KXATPMATCH-26APR18ZVECOB-COB,16,11807,15,5368,14,764,6,589,5,820,17,2,18,15141,19,8191,20,9933,21,6404,16.5
2026-04-18 12:17:33 AM,KXATPMATCH-26APR18ZVECOB-COB,16,11807,15,5368,14,764,6,589,5,820,17,2,18,15106,19,8191,20,9933,21,6404,16.5
2026-04-18 12:23:52 AM,KXATPMATCH-26APR18ZVECOB-COB,16,11807,15,5368,14,764,6,589,5,820,17,2,18,14356,19,8191,20,9933,21,6404,16.5
2026-04-18 12:24:17 AM,KXATPMATCH-26APR18ZVECOB-COB,16,11807,15,5368,14,764,6,589,5,820,17,2,18,13107,19,8191,20,9933,21,6404,16.5
2026-04-18 12:25:43 AM,KXATPMATCH-26APR18ZVECOB-COB,16,11807,15,5368,14,764,6,589,5,820,17,2,18,13107,19,8191,20,9933,21,6302,16.5
2026-04-18 12:25:43 AM,KXATPMATCH-26APR18ZVECOB-COB,16,11807,15,5368,14,764,6,589,5,820,17,2,18,13107,19,8191,20,10034,21,6302,16.5
2026-04-18 12:25:48 AM,KXATPMATCH-26APR18ZVECOB-COB,16,11807,15,5368,14,764,6,589,5,820,17,2,18,13142,19,8191,20,10034,21,6302,16.5
2026-04-18 12:25:52 AM,KXATPMATCH-26APR18ZVECOB-COB,16,11807,15,5368,14,764,6,589,5,820,17,2,18,13142,19,8191,20,9933,21,6302,16.5
2026-04-18 12:25:52 AM,KXATPMATCH-26APR18ZVECOB-COB,16,11807,15,5368,14,764,6,589,5,820,17,2,18,13142,19,8191,20,9933,21,6404,16.5
2026-04-18 12:26:00 AM,KXATPMATCH-26APR18ZVECOB-COB,16,11842,15,5368,14,764,6,589,5,820,17,2,18,13142,19,8191,20,9933,21,6404,16.5
2026-04-18 12:26:30 AM,KXATPMATCH-26APR18ZVECOB-COB,16,11842,15,5368,14,764,6,589,5,820,17,2,18,13753,19,8191,20,9933,21,6404,16.5
2026-04-18 12:26:30 AM,KXATPMATCH-26APR18ZVECOB-COB,16,11842,15,5368,14,764,6,589,5,820,17,2,18,13753,19,8260,20,9933,21,6404,16.5
2026-04-18 12:26:32 AM,KXATPMATCH-26APR18ZVECOB-COB,16,11842,15,5368,14,764,6,589,5,820,17,2,18,13754,19,8260,20,9933,21,6404,16.5
2026-04-18 12:28:49 AM,KXATPMATCH-26APR18ZVECOB-COB,16,11842,15,5368,14,764,6,589,5,820,17,2,18,13225,19,8260,20,9933,21,6404,16.5
2026-04-18 12:28:49 AM,KXATPMATCH-26APR18ZVECOB-COB,16,11842,15,5368,14,764,6,589,5,820,17,2,18,13190,19,8260,20,9933,21,6404,16.5
2026-04-18 12:28:50 AM,KXATPMATCH-26APR18ZVECOB-COB,16,11842,15,5368,14,764,6,589,5,820,17,2,18,13225,19,8260,20,9933,21,6404,16.5
2026-04-18 12:29:58 AM,KXATPMATCH-26APR18ZVECOB-COB,16,11704,15,5368,14,764,6,589,5,820,17,2,18,13225,19,8260,20,9933,21,6404,16.5
2026-04-18 12:29:58 AM,KXATPMATCH-26APR18ZVECOB-COB,16,11704,15,5368,14,764,6,589,5,820,17,2,18,13190,19,8260,20,9933,21,6404,16.5
2026-04-18 12:30:07 AM,KXATPMATCH-26APR18ZVECOB-COB,16,11704,15,5368,14,764,6,589,5,820,17,2,18,13225,19,8260,20,9933,21,6404,16.5
2026-04-18 12:33:51 AM,KXATPMATCH-26APR18ZVECOB-COB,16,11704,15,5368,14,764,6,589,5,820,17,2,18,12951,19,8260,20,9933,21,6404,16.5
2026-04-18 12:33:51 AM,KXATPMATCH-26APR18ZVECOB-COB,16,11704,15,5368,14,764,6,589,5,820,17,2,18,12916,19,8260,20,9933,21,6404,16.5
2026-04-18 12:33:58 AM,KXATPMATCH-26APR18ZVECOB-COB,16,11704,15,5368,14,764,6,589,5,820,17,2,18,12951,19,8260,20,9933,21,6404,16.5
2026-04-18 12:38:17 AM,KXATPMATCH-26APR18ZVECOB-COB,16,11704,15,5368,14,764,6,589,5,820,17,2,18,14475,19,8260,20,9933,21,6404,16.5
2026-04-18 12:38:18 AM,KXATPMATCH-26APR18ZVECOB-COB,16,11704,15,5368,14,764,6,589,5,820,17,2,18,14475,19,11191,20,9933,21,6404,16.5
2026-04-18 12:38:46 AM,KXATPMATCH-26APR18ZVECOB-COB,16,10469,15,5368,14,764,6,589,5,820,17,2,18,14475,19,11191,20,9933,21,6404,16.5
2026-04-18 12:38:46 AM,KXATPMATCH-26APR18ZVECOB-COB,16,10469,15,5368,14,764,6,589,5,820,17,2,18,14475,19,11191,20,5787,21,6404,16.5
2026-04-18 12:39:13 AM,KXATPMATCH-26APR18ZVECOB-COB,16,10469,15,5368,14,764,6,589,5,820,17,2,18,14475,19,11191,20,9933,21,6404,16.5
2026-04-18 12:39:13 AM,KXATPMATCH-26APR18ZVECOB-COB,16,10469,15,5368,14,764,6,589,5,820,17,2,18,14475,19,11191,20,9933,21,6302,16.5
2026-04-18 12:39:13 AM,KXATPMATCH-26APR18ZVECOB-COB,16,10469,15,5368,14,764,6,589,5,820,17,2,18,14475,19,11191,20,10034,21,6302,16.5
2026-04-18 12:39:14 AM,KXATPMATCH-26APR18ZVECOB-COB,16,10469,15,5368,14,764,6,589,5,820,17,2,18,14475,19,11191,20,9933,21,6302,16.5
2026-04-18 12:39:14 AM,KXATPMATCH-26APR18ZVECOB-COB,16,10469,15,5368,14,764,6,589,5,820,17,2,18,14475,19,11191,20,9933,21,6404,16.5
2026-04-18 12:39:16 AM,KXATPMATCH-26APR18ZVECOB-COB,16,10469,15,5368,14,764,6,589,5,820,17,2,18,14475,19,11191,20,9933,21,6302,16.5
2026-04-18 12:40:09 AM,KXATPMATCH-26APR18ZVECOB-COB,16,10435,15,5368,14,764,6,589,5,820,17,2,18,14475,19,11191,20,9933,21,6302,16.5
2026-04-18 12:40:48 AM,KXATPMATCH-26APR18ZVECOB-COB,16,10435,15,5368,14,764,6,589,5,820,17,2,18,12951,19,11191,20,9933,21,6302,16.5
2026-04-18 12:40:48 AM,KXATPMATCH-26APR18ZVECOB-COB,16,10435,15,5368,14,764,6,589,5,820,17,2,18,12951,19,8260,20,9933,21,6302,16.5
2026-04-18 12:41:49 AM,KXATPMATCH-26APR18ZVECOB-COB,16,10435,15,5368,14,764,6,589,5,820,17,2,18,12951,19,8260,20,9933,21,6404,16.5
2026-04-18 12:41:52 AM,KXATPMATCH-26APR18ZVECOB-COB,16,10400,15,5368,14,764,6,589,5,820,17,2,18,12951,19,8260,20,9933,21,6404,16.5
2026-04-18 12:41:52 AM,KXATPMATCH-26APR18ZVECOB-COB,16,10400,15,5368,14,764,6,589,5,820,17,2,18,12916,19,8260,20,9933,21,6404,16.5
2026-04-18 12:43:03 AM,KXATPMATCH-26APR18ZVECOB-COB,16,10400,15,5368,14,764,6,589,5,820,17,2,18,12661,19,8260,20,9933,21,6404,16.5
2026-04-18 12:45:36 AM,KXATPMATCH-26APR18ZVECOB-COB,16,10400,15,5368,14,764,6,589,5,820,17,2,18,12655,19,8260,20,9933,21,6404,16.5
2026-04-18 12:45:36 AM,KXATPMATCH-26APR18ZVECOB-COB,16,10400,15,5368,14,764,6,589,5,820,17,2,18,12648,19,8260,20,9933,21,6404,16.5
2026-04-18 12:45:37 AM,KXATPMATCH-26APR18ZVECOB-COB,16,10400,15,5368,14,764,6,589,5,820,17,2,18,12640,19,8260,20,9933,21,6404,16.5
2026-04-18 12:45:37 AM,KXATPMATCH-26APR18ZVECOB-COB,16,10415,15,5368,14,764,6,589,5,820,17,2,18,12640,19,8260,20,9933,21,6404,16.5
2026-04-18 12:45:37 AM,KXATPMATCH-26APR18ZVECOB-COB,16,10415,15,5368,14,764,12,17,6,589,17,2,18,12640,19,8260,20,9933,21,6404,16.5
2026-04-18 12:45:37 AM,KXATPMATCH-26APR18ZVECOB-COB,16,10415,15,5368,14,764,12,17,9,16,17,2,18,12640,19,8260,20,9933,21,6404,16.5
2026-04-18 12:46:09 AM,KXATPMATCH-26APR18ZVECOB-COB,16,10415,15,5368,14,764,12,17,9,16,17,2,18,12675,19,8260,20,9933,21,6404,16.5
2026-04-18 12:46:09 AM,KXATPMATCH-26APR18ZVECOB-COB,16,10450,15,5368,14,764,12,17,9,16,17,2,18,12675,19,8260,20,9933,21,6404,16.5
2026-04-18 12:50:08 AM,KXATPMATCH-26APR18ZVECOB-COB,16,10450,15,5368,14,764,12,17,9,16,17,2,18,12640,19,8260,20,9933,21,6404,16.5
2026-04-18 12:50:08 AM,KXATPMATCH-26APR18ZVECOB-COB,16,10415,15,5368,14,764,12,17,9,16,17,2,18,12640,19,8260,20,9933,21,6404,16.5
2026-04-18 12:50:28 AM,KXATPMATCH-26APR18ZVECOB-COB,16,10415,15,5368,14,764,12,17,9,16,17,2,18,12640,19,8260,20,9933,21,9109,16.5
2026-04-18 12:50:35 AM,KXATPMATCH-26APR18ZVECOB-COB,16,10415,15,5368,14,764,12,17,9,16,17,2,18,12640,19,8260,20,9933,21,6404,16.5
2026-04-18 12:50:35 AM,KXATPMATCH-26APR18ZVECOB-COB,16,10415,15,5368,14,764,12,17,9,16,17,2,18,12640,19,8260,20,9933,21,9043,16.5
2026-04-18 12:52:43 AM,KXATPMATCH-26APR18ZVECOB-COB,16,10415,15,5368,14,764,12,17,9,16,17,2,18,12265,19,8260,20,9933,21,9043,16.5
2026-04-18 12:52:51 AM,KXATPMATCH-26APR18ZVECOB-COB,16,10415,15,5368,14,764,12,17,9,16,17,2,18,12265,19,12406,20,9933,21,9043,16.5
2026-04-18 12:52:52 AM,KXATPMATCH-26APR18ZVECOB-COB,16,10415,15,5368,14,764,12,17,9,16,17,2,18,12265,19,12406,20,5787,21,9043,16.5
2026-04-18 12:52:55 AM,KXATPMATCH-26APR18ZVECOB-COB,16,10415,15,5368,14,764,12,17,9,16,17,2,18,12140,19,12406,20,5787,21,9043,16.5
2026-04-18 12:53:03 AM,KXATPMATCH-26APR18ZVECOB-COB,16,10415,15,5368,14,764,12,17,9,16,17,2,18,12140,19,12406,20,5787,21,8941,16.5
2026-04-18 12:53:03 AM,KXATPMATCH-26APR18ZVECOB-COB,16,10415,15,5368,14,764,12,17,9,16,17,2,18,12140,19,12406,20,5888,21,8941,16.5
2026-04-18 12:54:19 AM,KXATPMATCH-26APR18ZVECOB-COB,16,10415,15,5368,14,764,12,17,9,16,17,2,18,12175,19,12406,20,5888,21,8941,16.5
2026-04-18 12:54:19 AM,KXATPMATCH-26APR18ZVECOB-COB,16,10450,15,5368,14,764,12,17,9,16,17,2,18,12175,19,12406,20,5888,21,8941,16.5
2026-04-18 12:56:29 AM,KXATPMATCH-26APR18ZVECOB-COB,16,10450,15,5368,14,764,12,17,9,16,17,2,18,12175,19,12406,20,5888,21,6302,16.5
2026-04-18 12:56:41 AM,KXATPMATCH-26APR18ZVECOB-COB,16,10450,15,5368,14,764,12,17,9,16,17,2,18,12175,19,8260,20,5888,21,6302,16.5
2026-04-18 12:56:41 AM,KXATPMATCH-26APR18ZVECOB-COB,16,10450,15,5368,14,764,12,17,9,16,17,2,18,12175,19,12406,20,5888,21,6302,16.5
2026-04-18 12:56:41 AM,KXATPMATCH-26APR18ZVECOB-COB,16,9562,15,5368,14,764,12,17,9,16,17,2,18,12175,19,12406,20,5888,21,6302,16.5
2026-04-18 12:56:42 AM,KXATPMATCH-26APR18ZVECOB-COB,16,9527,15,5368,14,764,12,17,9,16,17,2,18,12175,19,12406,20,5888,21,6302,16.5
2026-04-18 12:56:42 AM,KXATPMATCH-26APR18ZVECOB-COB,16,9527,15,5368,14,799,12,17,9,16,17,2,18,12175,19,12406,20,5888,21,6302,16.5
2026-04-18 12:56:43 AM,KXATPMATCH-26APR18ZVECOB-COB,16,9423,15,5368,14,799,12,17,9,16,17,2,18,12175,19,12406,20,5888,21,6302,16.5
2026-04-18 12:56:43 AM,KXATPMATCH-26APR18ZVECOB-COB,16,9480,15,5368,14,799,12,17,9,16,17,2,18,12175,19,12406,20,5888,21,6302,16.5
2026-04-18 12:56:51 AM,KXATPMATCH-26APR18ZVECOB-COB,16,9480,15,5368,14,799,12,17,9,16,17,2,18,12175,19,12406,20,5888,21,6404,16.5
2026-04-18 12:56:51 AM,KXATPMATCH-26APR18ZVECOB-COB,16,9480,15,5368,14,799,12,17,9,16,17,2,18,12175,19,12406,20,5787,21,6404,16.5
2026-04-18 12:57:51 AM,KXATPMATCH-26APR18ZVECOB-COB,16,9480,15,5368,14,799,12,17,9,16,17,2,18,12128,19,12406,20,5787,21,6404,16.5
2026-04-18 12:57:52 AM,KXATPMATCH-26APR18ZVECOB-COB,16,9480,15,5368,14,799,12,17,9,16,17,2,18,12093,19,12406,20,5787,21,6404,16.5
2026-04-18 12:57:53 AM,KXATPMATCH-26APR18ZVECOB-COB,16,9480,15,5368,14,799,12,17,9,16,17,2,18,12128,19,12406,20,5787,21,6404,16.5
2026-04-18 12:58:20 AM,KXATPMATCH-26APR18ZVECOB-COB,16,9480,15,5368,14,764,12,17,9,16,17,2,18,12128,19,12406,20,5787,21,6404,16.5
2026-04-18 12:58:20 AM,KXATPMATCH-26APR18ZVECOB-COB,16,9480,15,5368,14,764,12,17,9,16,17,2,18,12093,19,12406,20,5787,21,6404,16.5
2026-04-18 12:58:27 AM,KXATPMATCH-26APR18ZVECOB-COB,16,9480,15,5368,14,764,12,17,9,16,17,2,18,12093,19,12406,20,5888,21,6404,16.5
2026-04-18 12:58:27 AM,KXATPMATCH-26APR18ZVECOB-COB,16,9480,15,5368,14,764,12,17,9,16,17,2,18,12093,19,12406,20,5888,21,6302,16.5
2026-04-18 12:58:48 AM,KXATPMATCH-26APR18ZVECOB-COB,16,9509,15,5368,14,764,12,17,9,16,17,2,18,12093,19,12406,20,5888,21,6302,16.5
2026-04-18 12:58:48 AM,KXATPMATCH-26APR18ZVECOB-COB,16,9452,15,5368,14,764,12,17,9,16,17,2,18,12093,19,12406,20,5888,21,6302,16.5
2026-04-18 01:00:07 AM,KXATPMATCH-26APR18ZVECOB-COB,16,9469,15,5368,14,764,12,17,9,16,17,2,18,12093,19,12406,20,5888,21,6302,16.5
2026-04-18 01:00:15 AM,KXATPMATCH-26APR18ZVECOB-COB,16,9440,15,5368,14,764,12,17,9,16,17,2,18,12093,19,12406,20,5888,21,6302,16.5
2026-04-18 01:00:15 AM,KXATPMATCH-26APR18ZVECOB-COB,16,9300,15,5368,14,764,12,17,9,16,17,2,18,12093,19,12406,20,5888,21,6302,16.5
2026-04-18 01:00:15 AM,KXATPMATCH-26APR18ZVECOB-COB,16,4300,15,5368,14,764,12,17,9,16,17,2,18,12093,19,12406,20,5888,21,6302,16.5
2026-04-18 01:00:15 AM,KXATPMATCH-26APR18ZVECOB-COB,16,4300,15,5368,14,5764,12,17,9,16,17,2,18,12093,19,12406,20,5888,21,6302,16.5
2026-04-18 01:00:15 AM,KXATPMATCH-26APR18ZVECOB-COB,16,4283,15,5368,14,5764,12,17,9,16,17,2,18,12093,19,12406,20,5888,21,6302,16.5
2026-04-18 01:00:15 AM,KXATPMATCH-26APR18ZVECOB-COB,16,4177,15,5368,14,5764,12,17,9,16,17,2,18,12093,19,12406,20,5888,21,6302,16.5
2026-04-18 01:00:15 AM,KXATPMATCH-26APR18ZVECOB-COB,16,4120,15,5368,14,5764,12,17,9,16,17,2,18,12093,19,12406,20,5888,21,6302,16.5
2026-04-18 01:00:16 AM,KXATPMATCH-26APR18ZVECOB-COB,16,4594,15,5368,14,5764,12,17,9,16,17,2,18,12093,19,12406,20,5888,21,6302,16.5
2026-04-18 01:00:41 AM,KXATPMATCH-26APR18ZVECOB-COB,16,4594,15,5368,14,5764,12,17,9,16,17,2,18,12093,19,12406,20,5787,21,6302,16.5
2026-04-18 01:00:41 AM,KXATPMATCH-26APR18ZVECOB-COB,16,4684,15,5368,14,5764,12,17,9,16,17,2,18,12093,19,12406,20,5787,21,6302,16.5
2026-04-18 01:00:41 AM,KXATPMATCH-26APR18ZVECOB-COB,16,4684,15,5368,14,5764,12,17,9,16,17,2,18,12093,19,12406,20,5787,21,6404,16.5
2026-04-18 01:00:41 AM,KXATPMATCH-26APR18ZVECOB-COB,16,4684,15,5368,14,5764,12,17,9,16,17,2,18,12093,19,12406,20,9933,21,6404,16.5
2026-04-18 01:00:41 AM,KXATPMATCH-26APR18ZVECOB-COB,16,4684,15,5368,14,5764,12,17,9,16,17,2,18,12093,19,8260,20,9933,21,6404,16.5
2026-04-18 01:00:41 AM,KXATPMATCH-26APR18ZVECOB-COB,16,4210,15,5368,14,5764,12,17,9,16,17,2,18,12093,19,8260,20,9933,21,6404,16.5
2026-04-18 01:00:49 AM,KXATPMATCH-26APR18ZVECOB-COB,16,4210,15,5368,14,5764,12,17,9,16,17,2,18,12093,19,12406,20,9933,21,6404,16.5
2026-04-18 01:00:50 AM,KXATPMATCH-26APR18ZVECOB-COB,16,4210,15,5368,14,5764,12,17,9,16,17,2,18,12093,19,12406,20,5787,21,6404,16.5
2026-04-18 01:01:02 AM,KXATPMATCH-26APR18ZVECOB-COB,16,5460,15,5368,14,5764,12,17,9,16,17,2,18,12093,19,12406,20,5787,21,6404,16.5
2026-04-18 01:02:13 AM,KXATPMATCH-26APR18ZVECOB-COB,16,5567,15,5368,14,5764,12,17,9,16,17,2,18,12093,19,12406,20,5787,21,6404,16.5
2026-04-18 01:02:14 AM,KXATPMATCH-26APR18ZVECOB-COB,16,5843,15,5368,14,5764,12,17,9,16,17,2,18,12093,19,12406,20,5787,21,6404,16.5
2026-04-18 01:02:44 AM,KXATPMATCH-26APR18ZVECOB-COB,16,5950,15,5368,14,5764,12,17,9,16,17,2,18,12093,19,12406,20,5787,21,6404,16.5
2026-04-18 01:03:16 AM,KXATPMATCH-26APR18ZVECOB-COB,16,5843,15,5368,14,5764,12,17,9,16,17,2,18,12093,19,12406,20,5787,21,6404,16.5
2026-04-18 01:03:17 AM,KXATPMATCH-26APR18ZVECOB-COB,16,5916,15,5368,14,5764,12,17,9,16,17,2,18,12093,19,12406,20,5787,21,6404,16.5
2026-04-18 01:04:27 AM,KXATPMATCH-26APR18ZVECOB-COB,16,5916,15,5368,14,5764,12,17,9,16,17,2,18,6181,19,12406,20,5787,21,6404,16.5
2026-04-18 01:04:27 AM,KXATPMATCH-26APR18ZVECOB-COB,16,5916,15,5368,14,5764,12,17,9,16,17,2,18,6147,19,12406,20,5787,21,6404,16.5
2026-04-18 01:04:27 AM,KXATPMATCH-26APR18ZVECOB-COB,16,5916,15,5368,14,5764,12,17,9,16,17,2,18,5727,19,12406,20,5787,21,6404,16.5
2026-04-18 01:04:27 AM,KXATPMATCH-26APR18ZVECOB-COB,16,5916,15,5368,14,5764,12,17,9,16,17,2,18,4504,19,12406,20,5787,21,6404,16.5
2026-04-18 01:04:27 AM,KXATPMATCH-26APR18ZVECOB-COB,16,5916,15,5368,14,5764,12,17,9,16,17,2,18,4008,19,12406,20,5787,21,6404,16.5
2026-04-18 01:04:27 AM,KXATPMATCH-26APR18ZVECOB-COB,16,5916,15,5368,14,5764,12,17,9,16,17,2,18,3980,19,12406,20,5787,21,6404,16.5
2026-04-18 01:04:27 AM,KXATPMATCH-26APR18ZVECOB-COB,16,5916,15,5368,14,5764,12,17,9,16,17,2,18,3860,19,12406,20,5787,21,6404,16.5
2026-04-18 01:04:27 AM,KXATPMATCH-26APR18ZVECOB-COB,16,5916,15,5368,14,5764,12,17,9,16,17,2,18,3840,19,12406,20,5787,21,6404,16.5
2026-04-18 01:04:27 AM,KXATPMATCH-26APR18ZVECOB-COB,16,5916,15,5368,14,5764,12,17,9,16,17,2,18,3528,19,12406,20,5787,21,6404,16.5
2026-04-18 01:04:27 AM,KXATPMATCH-26APR18ZVECOB-COB,16,5916,15,5368,14,5764,12,17,9,16,17,2,18,2938,19,12406,20,5787,21,6404,16.5
2026-04-18 01:04:27 AM,KXATPMATCH-26APR18ZVECOB-COB,16,5916,15,5368,14,5764,12,17,9,16,17,2,18,2517,19,12406,20,5787,21,6404,16.5
2026-04-18 01:04:27 AM,KXATPMATCH-26APR18ZVECOB-COB,16,5916,15,5368,14,5764,12,17,9,16,17,2,18,1735,19,12406,20,5787,21,6404,16.5
2026-04-18 01:04:27 AM,KXATPMATCH-26APR18ZVECOB-COB,16,5916,15,5368,14,5764,12,17,9,16,17,2,18,1619,19,12406,20,5787,21,6404,16.5
2026-04-18 01:04:27 AM,KXATPMATCH-26APR18ZVECOB-COB,16,5916,15,5368,14,5764,12,17,9,16,17,2,18,619,19,12406,20,5787,21,6404,16.5
2026-04-18 01:04:27 AM,KXATPMATCH-26APR18ZVECOB-COB,16,5916,15,5368,14,5764,12,17,9,16,17,2,18,8,19,12406,20,5787,21,6404,16.5
2026-04-18 01:04:27 AM,KXATPMATCH-26APR18ZVECOB-COB,16,5916,15,5368,14,5764,12,17,9,16,17,2,18,7,19,12406,20,5787,21,6404,16.5
2026-04-18 01:04:27 AM,KXATPMATCH-26APR18ZVECOB-COB,16,5916,15,5368,14,5764,12,17,9,16,17,2,18,7,19,11606,20,5787,21,6404,16.5
2026-04-18 01:04:27 AM,KXATPMATCH-26APR18ZVECOB-COB,16,5916,15,5368,14,5764,12,17,9,16,17,2,18,7,19,11602,20,5787,21,6404,16.5
2026-04-18 01:04:27 AM,KXATPMATCH-26APR18ZVECOB-COB,16,5916,15,5368,14,5764,12,17,9,16,17,2,18,7,19,11571,20,5787,21,6404,16.5
2026-04-18 01:04:27 AM,KXATPMATCH-26APR18ZVECOB-COB,16,5916,15,5368,14,5764,12,17,9,16,17,2,18,7,19,11519,20,5787,21,6404,16.5
2026-04-18 01:04:27 AM,KXATPMATCH-26APR18ZVECOB-COB,17,139,16,5916,15,5368,14,5764,12,17,17,2,18,7,19,11519,20,5787,21,6404,17.0
2026-04-18 01:04:27 AM,KXATPMATCH-26APR18ZVECOB-COB,17,139,16,6081,15,5368,14,5764,12,17,17,2,18,7,19,11519,20,5787,21,6404,17.0
2026-04-18 01:04:27 AM,KXATPMATCH-26APR18ZVECOB-COB,17,139,16,6081,15,5540,14,5764,12,17,17,2,18,7,19,11519,20,5787,21,6404,17.0
2026-04-18 01:04:27 AM,KXATPMATCH-26APR18ZVECOB-COB,17,139,16,6081,15,5540,14,5764,12,17,17,2,18,385,19,11519,20,5787,21,6404,17.0
2026-04-18 01:04:27 AM,KXATPMATCH-26APR18ZVECOB-COB,17,139,16,6081,15,5540,14,5764,12,17,17,2,18,1221,19,11519,20,5787,21,6404,17.0
2026-04-18 01:04:27 AM,KXATPMATCH-26APR18ZVECOB-COB,17,139,16,6081,15,5526,14,5764,12,17,17,2,18,1221,19,11519,20,5787,21,6404,17.0
2026-04-18 01:04:27 AM,KXATPMATCH-26APR18ZVECOB-COB,17,139,16,6054,15,5526,14,5764,12,17,17,2,18,1221,19,11519,20,5787,21,6404,17.0
2026-04-18 01:04:27 AM,KXATPMATCH-26APR18ZVECOB-COB,17,153,16,6054,15,5526,14,5764,12,17,17,2,18,1221,19,11519,20,5787,21,6404,17.0
2026-04-18 01:04:27 AM,KXATPMATCH-26APR18ZVECOB-COB,17,153,16,6054,15,5526,14,5764,12,17,17,2,18,2100,19,11519,20,5787,21,6404,17.0
2026-04-18 01:04:27 AM,KXATPMATCH-26APR18ZVECOB-COB,17,153,16,6054,15,5526,14,5764,12,17,17,2,18,2100,19,11519,20,5237,21,6404,17.0
2026-04-18 01:04:27 AM,KXATPMATCH-26APR18ZVECOB-COB,17,153,16,6054,15,5526,14,5764,12,17,17,2,18,2100,19,11519,20,5237,21,6302,17.0
2026-04-18 01:04:27 AM,KXATPMATCH-26APR18ZVECOB-COB,17,153,16,6054,15,5526,14,5764,12,17,17,2,18,2100,19,11519,20,5338,21,6302,17.0
2026-04-18 01:04:27 AM,KXATPMATCH-26APR18ZVECOB-COB,17,153,16,5981,15,5526,14,5764,12,17,17,2,18,2100,19,11519,20,5338,21,6302,17.0
2026-04-18 01:04:27 AM,KXATPMATCH-26APR18ZVECOB-COB,17,153,16,5874,15,5526,14,5764,12,17,17,2,18,2100,19,11519,20,5338,21,6302,17.0
2026-04-18 01:04:27 AM,KXATPMATCH-26APR18ZVECOB-COB,17,153,16,5931,15,5526,14,5764,12,17,17,2,18,2100,19,11519,20,5338,21,6302,17.0
2026-04-18 01:04:27 AM,KXATPMATCH-26APR18ZVECOB-COB,17,153,16,5931,15,5526,14,5764,12,17,17,2,18,2100,19,10737,20,5338,21,6302,17.0
2026-04-18 01:04:27 AM,KXATPMATCH-26APR18ZVECOB-COB,17,153,16,5944,15,5526,14,5764,12,17,17,2,18,2100,19,10737,20,5338,21,6302,17.0
2026-04-18 01:04:27 AM,KXATPMATCH-26APR18ZVECOB-COB,17,153,16,5668,15,5526,14,5764,12,17,17,2,18,2100,19,10737,20,5338,21,6302,17.0
2026-04-18 01:04:27 AM,KXATPMATCH-26APR18ZVECOB-COB,17,153,16,5578,15,5526,14,5764,12,17,17,2,18,2100,19,10737,20,5338,21,6302,17.0
2026-04-18 01:04:28 AM,KXATPMATCH-26APR18ZVECOB-COB,17,153,16,5578,15,5526,14,5764,12,17,17,2,18,2100,19,9867,20,5338,21,6302,17.0
2026-04-18 01:04:29 AM,KXATPMATCH-26APR18ZVECOB-COB,17,153,16,5578,15,5526,14,5764,12,17,17,2,18,2100,19,10667,20,5338,21,6302,17.0
2026-04-18 01:04:30 AM,KXATPMATCH-26APR18ZVECOB-COB,17,153,16,5904,15,5526,14,5764,12,17,17,2,18,2100,19,10667,20,5338,21,6302,17.0
2026-04-18 01:04:30 AM,KXATPMATCH-26APR18ZVECOB-COB,17,153,16,5994,15,5526,14,5764,12,17,17,2,18,2100,19,10667,20,5338,21,6302,17.0
2026-04-18 01:04:46 AM,KXATPMATCH-26APR18ZVECOB-COB,17,153,16,5994,15,5526,14,5764,12,17,17,2,18,1722,19,10667,20,5338,21,6302,17.0
2026-04-18 01:04:46 AM,KXATPMATCH-26APR18ZVECOB-COB,17,153,16,5994,15,5526,14,5764,12,17,17,2,18,886,19,10667,20,5338,21,6302,17.0
2026-04-18 01:04:46 AM,KXATPMATCH-26APR18ZVECOB-COB,17,153,16,5994,15,5526,14,5764,12,17,17,2,18,7,19,10667,20,5338,21,6302,17.0
2026-04-18 01:04:46 AM,KXATPMATCH-26APR18ZVECOB-COB,17,153,16,5994,15,5526,14,5764,12,17,17,2,18,7,19,10650,20,5338,21,6302,17.0
2026-04-18 01:04:46 AM,KXATPMATCH-26APR18ZVECOB-COB,17,153,16,5994,15,5526,14,5764,12,17,17,2,18,7,19,10633,20,5338,21,6302,17.0
2026-04-18 01:04:46 AM,KXATPMATCH-26APR18ZVECOB-COB,17,153,16,5994,15,5526,14,5764,12,17,17,2,18,7,19,10616,20,5338,21,6302,17.0
2026-04-18 01:04:46 AM,KXATPMATCH-26APR18ZVECOB-COB,17,153,16,5994,15,5526,14,5764,12,17,17,2,18,7,19,10599,20,5338,21,6302,17.0
2026-04-18 01:04:46 AM,KXATPMATCH-26APR18ZVECOB-COB,17,184,16,5994,15,5526,14,5764,12,17,17,2,18,7,19,10599,20,5338,21,6302,17.0
2026-04-18 01:05:04 AM,KXATPMATCH-26APR18ZVECOB-COB,17,184,16,5994,15,5526,14,5764,12,17,17,2,18,7,19,10598,20,5338,21,6302,17.0
2026-04-18 01:05:04 AM,KXATPMATCH-26APR18ZVECOB-COB,17,184,16,5994,15,5526,14,5764,12,17,17,2,18,7,19,10576,20,5338,21,6302,17.0
2026-04-18 01:05:04 AM,KXATPMATCH-26APR18ZVECOB-COB,17,184,16,6005,15,5526,14,5764,12,17,17,2,18,7,19,10576,20,5338,21,6302,17.0
2026-04-18 01:05:04 AM,KXATPMATCH-26APR18ZVECOB-COB,17,184,16,6005,15,5537,14,5764,12,17,17,2,18,7,19,10576,20,5338,21,6302,17.0
2026-04-18 01:05:25 AM,KXATPMATCH-26APR18ZVECOB-COB,17,184,16,5915,15,5537,14,5764,12,17,17,2,18,7,19,10576,20,5338,21,6302,17.0
2026-04-18 01:05:25 AM,KXATPMATCH-26APR18ZVECOB-COB,17,184,16,5589,15,5537,14,5764,12,17,17,2,18,7,19,10576,20,5338,21,6302,17.0
2026-04-18 01:05:59 AM,KXATPMATCH-26APR18ZVECOB-COB,17,184,16,5589,15,5537,14,5764,12,17,17,2,18,34,19,10576,20,5338,21,6302,17.0
2026-04-18 01:06:00 AM,KXATPMATCH-26APR18ZVECOB-COB,17,184,16,5589,15,5537,14,5764,12,17,17,2,18,64,19,10576,20,5338,21,6302,17.0
2026-04-18 01:06:01 AM,KXATPMATCH-26APR18ZVECOB-COB,17,184,16,5589,15,5537,14,5764,12,17,17,2,18,396,19,10576,20,5338,21,6302,17.0
2026-04-18 01:06:34 AM,KXATPMATCH-26APR18ZVECOB-COB,17,184,16,5589,15,5537,14,5764,12,17,17,2,18,396,19,10576,20,5373,21,6302,17.0
2026-04-18 01:06:34 AM,KXATPMATCH-26APR18ZVECOB-COB,17,184,16,5589,15,5572,14,5764,12,17,17,2,18,396,19,10576,20,5373,21,6302,17.0
2026-04-18 01:07:11 AM,KXATPMATCH-26APR18ZVECOB-COB,17,184,16,5589,15,5572,14,5764,12,17,17,2,18,423,19,10576,20,5373,21,6302,17.0
2026-04-18 01:07:32 AM,KXATPMATCH-26APR18ZVECOB-COB,17,184,16,5589,15,5572,14,5764,12,17,17,2,18,396,19,10576,20,5373,21,6302,17.0
2026-04-18 01:07:32 AM,KXATPMATCH-26APR18ZVECOB-COB,17,184,16,5589,15,5572,14,5764,12,17,17,2,18,366,19,10576,20,5373,21,6302,17.0
2026-04-18 01:07:32 AM,KXATPMATCH-26APR18ZVECOB-COB,17,184,16,5589,15,5572,14,5764,12,17,17,2,18,34,19,10576,20,5373,21,6302,17.0
2026-04-18 01:07:32 AM,KXATPMATCH-26APR18ZVECOB-COB,17,184,16,5589,15,5572,14,5764,12,17,17,2,18,7,19,10576,20,5373,21,6302,17.0
2026-04-18 01:07:32 AM,KXATPMATCH-26APR18ZVECOB-COB,17,184,16,5589,15,5537,14,5764,12,17,17,2,18,7,19,10576,20,5373,21,6302,17.0
2026-04-18 01:07:32 AM,KXATPMATCH-26APR18ZVECOB-COB,17,219,16,5589,15,5537,14,5764,12,17,17,2,18,7,19,10576,20,5373,21,6302,17.0
2026-04-18 01:07:32 AM,KXATPMATCH-26APR18ZVECOB-COB,17,219,16,5589,15,5537,14,5764,12,17,17,2,18,8,19,10576,20,5373,21,6302,17.0
2026-04-18 01:07:33 AM,KXATPMATCH-26APR18ZVECOB-COB,17,184,16,5589,15,5537,14,5764,12,17,17,2,18,8,19,10576,20,5373,21,6302,17.0
2026-04-18 01:07:33 AM,KXATPMATCH-26APR18ZVECOB-COB,17,184,16,5589,15,5572,14,5764,12,17,17,2,18,8,19,10576,20,5373,21,6302,17.0
2026-04-18 01:07:34 AM,KXATPMATCH-26APR18ZVECOB-COB,17,184,16,5589,15,5572,14,5764,12,17,17,2,18,38,19,10576,20,5373,21,6302,17.0
2026-04-18 01:07:43 AM,KXATPMATCH-26APR18ZVECOB-COB,17,184,16,5589,15,5572,14,5764,12,17,17,2,18,37,19,10576,20,5373,21,6302,17.0
2026-04-18 01:07:43 AM,KXATPMATCH-26APR18ZVECOB-COB,17,184,16,5589,15,5572,14,5764,12,17,17,2,18,7,19,10576,20,5373,21,6302,17.0
2026-04-18 01:07:43 AM,KXATPMATCH-26APR18ZVECOB-COB,17,184,16,5589,15,5537,14,5764,12,17,17,2,18,7,19,10576,20,5373,21,6302,17.0
2026-04-18 01:07:43 AM,KXATPMATCH-26APR18ZVECOB-COB,17,219,16,5589,15,5537,14,5764,12,17,17,2,18,7,19,10576,20,5373,21,6302,17.0
2026-04-18 01:07:45 AM,KXATPMATCH-26APR18ZVECOB-COB,17,184,16,5589,15,5537,14,5764,12,17,17,2,18,7,19,10576,20,5373,21,6302,17.0
2026-04-18 01:07:45 AM,KXATPMATCH-26APR18ZVECOB-COB,17,184,16,5589,15,5572,14,5764,12,17,17,2,18,7,19,10576,20,5373,21,6302,17.0
2026-04-18 01:08:35 AM,KXATPMATCH-26APR18ZVECOB-COB,17,184,16,2678,15,5572,14,5764,12,17,17,2,18,7,19,10576,20,5373,21,6302,17.0
2026-04-18 01:08:35 AM,KXATPMATCH-26APR18ZVECOB-COB,17,184,16,2678,15,5537,14,5764,12,17,17,2,18,7,19,10576,20,5373,21,6302,17.0
2026-04-18 01:08:35 AM,KXATPMATCH-26APR18ZVECOB-COB,17,184,16,2713,15,5537,14,5764,12,17,17,2,18,7,19,10576,20,5373,21,6302,17.0
2026-04-18 01:08:36 AM,KXATPMATCH-26APR18ZVECOB-COB,17,184,16,2713,15,7874,14,5764,12,17,17,2,18,7,19,10576,20,5373,21,6302,17.0
2026-04-18 01:08:44 AM,KXATPMATCH-26APR18ZVECOB-COB,17,184,16,5010,15,7874,14,5764,12,17,17,2,18,7,19,10576,20,5373,21,6302,17.0
2026-04-18 01:08:44 AM,KXATPMATCH-26APR18ZVECOB-COB,17,184,16,5010,15,5537,14,5764,12,17,17,2,18,7,19,10576,20,5373,21,6302,17.0
2026-04-18 01:09:27 AM,KXATPMATCH-26APR18ZVECOB-COB,17,184,16,5010,15,5537,14,5764,12,17,17,2,18,7,19,11443,20,5373,21,6302,17.0
2026-04-18 01:09:27 AM,KXATPMATCH-26APR18ZVECOB-COB,17,184,16,5010,15,5537,14,5764,12,17,17,2,18,7,19,11443,20,5951,21,6302,17.0
2026-04-18 01:09:27 AM,KXATPMATCH-26APR18ZVECOB-COB,17,184,16,5010,15,5537,14,5764,12,17,17,2,18,7,19,11443,20,5951,21,6591,17.0
2026-04-18 01:10:50 AM,KXATPMATCH-26APR18ZVECOB-COB,17,184,16,5010,15,5537,14,5764,12,17,17,2,18,7,19,11348,20,5951,21,6591,17.0
2026-04-18 01:10:50 AM,KXATPMATCH-26APR18ZVECOB-COB,17,184,16,4975,15,5537,14,5764,12,17,17,2,18,7,19,11348,20,5951,21,6591,17.0
2026-04-18 01:10:50 AM,KXATPMATCH-26APR18ZVECOB-COB,17,219,16,4975,15,5537,14,5764,12,17,17,2,18,7,19,11348,20,5951,21,6591,17.0
2026-04-18 01:10:50 AM,KXATPMATCH-26APR18ZVECOB-COB,17,219,16,4975,15,5537,14,5764,12,17,17,2,18,8,19,11348,20,5951,21,6591,17.0
2026-04-18 01:10:50 AM,KXATPMATCH-26APR18ZVECOB-COB,17,219,16,5022,15,5537,14,5764,12,17,17,2,18,8,19,11348,20,5951,21,6591,17.0
2026-04-18 01:10:50 AM,KXATPMATCH-26APR18ZVECOB-COB,17,219,16,5022,15,5584,14,5764,12,17,17,2,18,8,19,11348,20,5951,21,6591,17.0
2026-04-18 01:10:52 AM,KXATPMATCH-26APR18ZVECOB-COB,17,184,16,5022,15,5584,14,5764,12,17,17,2,18,8,19,11348,20,5951,21,6591,17.0
2026-04-18 01:10:52 AM,KXATPMATCH-26APR18ZVECOB-COB,17,184,16,5022,15,5619,14,5764,12,17,17,2,18,8,19,11348,20,5951,21,6591,17.0
2026-04-18 01:10:52 AM,KXATPMATCH-26APR18ZVECOB-COB,17,184,16,5022,15,5619,14,5764,12,17,17,2,18,38,19,11348,20,5951,21,6591,17.0
2026-04-18 01:10:56 AM,KXATPMATCH-26APR18ZVECOB-COB,17,184,16,5022,15,5619,14,5764,12,17,17,2,18,37,19,11348,20,5951,21,6591,17.0
2026-04-18 01:10:56 AM,KXATPMATCH-26APR18ZVECOB-COB,17,184,16,5022,15,5619,14,5764,12,17,17,2,18,7,19,11348,20,5951,21,6591,17.0
2026-04-18 01:10:56 AM,KXATPMATCH-26APR18ZVECOB-COB,17,184,16,5022,15,5584,14,5764,12,17,17,2,18,7,19,11348,20,5951,21,6591,17.0
2026-04-18 01:10:56 AM,KXATPMATCH-26APR18ZVECOB-COB,17,219,16,5022,15,5584,14,5764,12,17,17,2,18,7,19,11348,20,5951,21,6591,17.0
2026-04-18 01:10:57 AM,KXATPMATCH-26APR18ZVECOB-COB,17,184,16,5022,15,5584,14,5764,12,17,17,2,18,7,19,11348,20,5951,21,6591,17.0
2026-04-18 01:10:57 AM,KXATPMATCH-26APR18ZVECOB-COB,17,184,16,5022,15,5619,14,5764,12,17,17,2,18,7,19,11348,20,5951,21,6591,17.0
2026-04-18 01:11:05 AM,KXATPMATCH-26APR18ZVECOB-COB,17,184,16,5022,15,5619,14,5764,12,17,17,2,18,7,19,8577,20,5951,21,6591,17.0
2026-04-18 01:11:05 AM,KXATPMATCH-26APR18ZVECOB-COB,17,184,16,5022,15,5584,14,5764,12,17,17,2,18,7,19,8577,20,5951,21,6591,17.0
2026-04-18 01:11:05 AM,KXATPMATCH-26APR18ZVECOB-COB,17,219,16,5022,15,5584,14,5764,12,17,17,2,18,7,19,8577,20,5951,21,6591,17.0
2026-04-18 01:11:06 AM,KXATPMATCH-26APR18ZVECOB-COB,17,219,16,5119,15,5584,14,5764,12,17,17,2,18,7,19,8577,20,5951,21,6591,17.0
2026-04-18 01:11:07 AM,KXATPMATCH-26APR18ZVECOB-COB,17,219,16,5119,15,5584,14,5764,12,17,17,2,18,7,19,7086,20,5951,21,6591,17.0
2026-04-18 01:11:07 AM,KXATPMATCH-26APR18ZVECOB-COB,17,219,16,5119,15,5584,14,5764,12,17,17,2,18,7,19,6666,20,5951,21,6591,17.0
2026-04-18 01:11:08 AM,KXATPMATCH-26APR18ZVECOB-COB,17,219,16,5119,15,5584,14,5764,12,17,17,2,18,7,19,6666,20,5600,21,6591,17.0
2026-04-18 01:11:08 AM,KXATPMATCH-26APR18ZVECOB-COB,17,184,16,5119,15,5584,14,5764,12,17,17,2,18,7,19,6666,20,5600,21,6591,17.0
2026-04-18 01:11:08 AM,KXATPMATCH-26APR18ZVECOB-COB,17,184,16,5119,15,5619,14,5764,12,17,17,2,18,7,19,6666,20,5600,21,6591,17.0
2026-04-18 01:11:08 AM,KXATPMATCH-26APR18ZVECOB-COB,17,184,16,5119,15,5619,14,5764,12,17,17,2,18,7,19,6666,20,5542,21,6591,17.0
2026-04-18 01:11:08 AM,KXATPMATCH-26APR18ZVECOB-COB,17,184,16,5119,15,5619,14,5764,12,17,17,2,18,7,19,6666,20,5532,21,6591,17.0
2026-04-18 01:11:09 AM,KXATPMATCH-26APR18ZVECOB-COB,17,184,16,5119,15,5619,14,5764,12,17,17,2,18,7,19,6666,20,5502,21,6591,17.0
2026-04-18 01:11:09 AM,KXATPMATCH-26APR18ZVECOB-COB,17,184,16,5119,15,5619,14,5764,12,17,17,2,18,7,19,6666,20,5501,21,6591,17.0
2026-04-18 01:11:09 AM,KXATPMATCH-26APR18ZVECOB-COB,17,184,16,5119,15,5619,14,5764,12,17,17,2,18,7,19,6666,20,5500,21,6591,17.0
2026-04-18 01:11:09 AM,KXATPMATCH-26APR18ZVECOB-COB,17,184,16,5119,15,5619,14,5764,12,17,17,2,18,7,19,6666,20,5464,21,6591,17.0
2026-04-18 01:11:09 AM,KXATPMATCH-26APR18ZVECOB-COB,17,184,16,5119,15,5619,14,5764,12,17,17,2,18,7,19,6666,20,5464,21,8991,17.0
2026-04-18 01:11:09 AM,KXATPMATCH-26APR18ZVECOB-COB,17,184,16,5119,15,5608,14,5764,12,17,17,2,18,7,19,6666,20,5464,21,8991,17.0
2026-04-18 01:11:09 AM,KXATPMATCH-26APR18ZVECOB-COB,17,184,16,5119,15,5561,14,5764,12,17,17,2,18,7,19,6666,20,5464,21,8991,17.0
2026-04-18 01:11:09 AM,KXATPMATCH-26APR18ZVECOB-COB,17,1628,16,5119,15,5561,14,5764,12,17,17,2,18,7,19,6666,20,5464,21,8991,17.0
2026-04-18 01:11:09 AM,KXATPMATCH-26APR18ZVECOB-COB,17,1628,16,5119,15,5526,14,5764,12,17,17,2,18,7,19,6666,20,5464,21,8991,17.0
2026-04-18 01:11:09 AM,KXATPMATCH-26APR18ZVECOB-COB,17,1663,16,5119,15,5526,14,5764,12,17,17,2,18,7,19,6666,20,5464,21,8991,17.0
2026-04-18 01:11:09 AM,KXATPMATCH-26APR18ZVECOB-COB,17,1663,16,6504,15,5526,14,5764,12,17,17,2,18,7,19,6666,20,5464,21,8991,17.0
2026-04-18 01:11:09 AM,KXATPMATCH-26APR18ZVECOB-COB,17,219,16,6504,15,5526,14,5764,12,17,17,2,18,7,19,6666,20,5464,21,8991,17.0
2026-04-18 01:11:09 AM,KXATPMATCH-26APR18ZVECOB-COB,17,219,16,6504,15,6970,14,5764,12,17,17,2,18,7,19,6666,20,5464,21,8991,17.0
2026-04-18 01:11:09 AM,KXATPMATCH-26APR18ZVECOB-COB,17,219,16,6254,15,6970,14,5764,12,17,17,2,18,7,19,6666,20,5464,21,8991,17.0
2026-04-18 01:11:09 AM,KXATPMATCH-26APR18ZVECOB-COB,17,219,16,6254,15,5526,14,5764,12,17,17,2,18,7,19,6666,20,5464,21,8991,17.0
2026-04-18 01:11:09 AM,KXATPMATCH-26APR18ZVECOB-COB,17,469,16,6254,15,5526,14,5764,12,17,17,2,18,7,19,6666,20,5464,21,8991,17.0
2026-04-18 01:11:09 AM,KXATPMATCH-26APR18ZVECOB-COB,17,469,16,6254,15,5526,14,5764,12,17,17,2,18,7,19,6416,20,5464,21,8991,17.0
2026-04-18 01:11:09 AM,KXATPMATCH-26APR18ZVECOB-COB,17,1913,16,6254,15,5526,14,5764,12,17,17,2,18,7,19,6416,20,5464,21,8991,17.0
2026-04-18 01:11:09 AM,KXATPMATCH-26APR18ZVECOB-COB,17,1913,16,6254,15,5526,14,5764,12,17,17,2,18,7,19,6416,20,5714,21,8991,17.0
2026-04-18 01:11:09 AM,KXATPMATCH-26APR18ZVECOB-COB,17,469,16,6254,15,5526,14,5764,12,17,17,2,18,7,19,6416,20,5714,21,8991,17.0
2026-04-18 01:11:09 AM,KXATPMATCH-26APR18ZVECOB-COB,17,469,16,6254,15,6970,14,5764,12,17,17,2,18,7,19,6416,20,5714,21,8991,17.0
2026-04-18 01:11:09 AM,KXATPMATCH-26APR18ZVECOB-COB,17,469,16,6254,15,5526,14,5764,12,17,17,2,18,7,19,6416,20,5714,21,8991,17.0
2026-04-18 01:11:09 AM,KXATPMATCH-26APR18ZVECOB-COB,17,1913,16,6254,15,5526,14,5764,12,17,17,2,18,7,19,6416,20,5714,21,8991,17.0
2026-04-18 01:11:09 AM,KXATPMATCH-26APR18ZVECOB-COB,17,469,16,6254,15,5526,14,5764,12,17,17,2,18,7,19,6416,20,5714,21,8991,17.0
2026-04-18 01:11:10 AM,KXATPMATCH-26APR18ZVECOB-COB,17,469,16,6254,15,6970,14,5764,12,17,17,2,18,7,19,6416,20,5714,21,8991,17.0
2026-04-18 01:11:10 AM,KXATPMATCH-26APR18ZVECOB-COB,17,469,16,6254,15,5526,14,5764,12,17,17,2,18,7,19,6416,20,5714,21,8991,17.0
2026-04-18 01:11:10 AM,KXATPMATCH-26APR18ZVECOB-COB,17,1913,16,6254,15,5526,14,5764,12,17,17,2,18,7,19,6416,20,5714,21,8991,17.0
2026-04-18 01:11:10 AM,KXATPMATCH-26APR18ZVECOB-COB,17,469,16,6254,15,5526,14,5764,12,17,17,2,18,7,19,6416,20,5714,21,8991,17.0
2026-04-18 01:11:10 AM,KXATPMATCH-26APR18ZVECOB-COB,17,469,16,6254,15,6970,14,5764,12,17,17,2,18,7,19,6416,20,5714,21,8991,17.0
2026-04-18 01:11:10 AM,KXATPMATCH-26APR18ZVECOB-COB,17,469,16,6254,15,5526,14,5764,12,17,17,2,18,7,19,6416,20,5714,21,8991,17.0
2026-04-18 01:11:10 AM,KXATPMATCH-26APR18ZVECOB-COB,17,1913,16,6254,15,5526,14,5764,12,17,17,2,18,7,19,6416,20,5714,21,8991,17.0
2026-04-18 01:11:10 AM,KXATPMATCH-26APR18ZVECOB-COB,17,469,16,6254,15,5526,14,5764,12,17,17,2,18,7,19,6416,20,5714,21,8991,17.0
2026-04-18 01:11:10 AM,KXATPMATCH-26APR18ZVECOB-COB,17,469,16,6254,15,6970,14,5764,12,17,17,2,18,7,19,6416,20,5714,21,8991,17.0
2026-04-18 01:11:10 AM,KXATPMATCH-26APR18ZVECOB-COB,17,469,16,6254,15,5526,14,5764,12,17,17,2,18,7,19,6416,20,5714,21,8991,17.0
2026-04-18 01:11:10 AM,KXATPMATCH-26APR18ZVECOB-COB,17,1913,16,6254,15,5526,14,5764,12,17,17,2,18,7,19,6416,20,5714,21,8991,17.0
2026-04-18 01:11:10 AM,KXATPMATCH-26APR18ZVECOB-COB,17,469,16,6254,15,5526,14,5764,12,17,17,2,18,7,19,6416,20,5714,21,8991,17.0
2026-04-18 01:11:10 AM,KXATPMATCH-26APR18ZVECOB-COB,17,469,16,6254,15,6970,14,5764,12,17,17,2,18,7,19,6416,20,5714,21,8991,17.0
2026-04-18 01:11:10 AM,KXATPMATCH-26APR18ZVECOB-COB,17,469,16,6254,15,5526,14,5764,12,17,17,2,18,7,19,6416,20,5714,21,8991,17.0
2026-04-18 01:11:10 AM,KXATPMATCH-26APR18ZVECOB-COB,17,1913,16,6254,15,5526,14,5764,12,17,17,2,18,7,19,6416,20,5714,21,8991,17.0
2026-04-18 01:11:10 AM,KXATPMATCH-26APR18ZVECOB-COB,17,469,16,6254,15,5526,14,5764,12,17,17,2,18,7,19,6416,20,5714,21,8991,17.0
2026-04-18 01:11:10 AM,KXATPMATCH-26APR18ZVECOB-COB,17,469,16,6254,15,6970,14,5764,12,17,17,2,18,7,19,6416,20,5714,21,8991,17.0
2026-04-18 01:11:10 AM,KXATPMATCH-26APR18ZVECOB-COB,17,469,16,6254,15,5526,14,5764,12,17,17,2,18,7,19,6416,20,5714,21,8991,17.0
2026-04-18 01:11:11 AM,KXATPMATCH-26APR18ZVECOB-COB,17,1913,16,6254,15,5526,14,5764,12,17,17,2,18,7,19,6416,20,5714,21,8991,17.0
2026-04-18 01:11:11 AM,KXATPMATCH-26APR18ZVECOB-COB,17,469,16,6254,15,5526,14,5764,12,17,17,2,18,7,19,6416,20,5714,21,8991,17.0
2026-04-18 01:11:11 AM,KXATPMATCH-26APR18ZVECOB-COB,17,469,16,6254,15,6970,14,5764,12,17,17,2,18,7,19,6416,20,5714,21,8991,17.0
2026-04-18 01:11:11 AM,KXATPMATCH-26APR18ZVECOB-COB,17,469,16,6254,15,5526,14,5764,12,17,17,2,18,7,19,6416,20,5714,21,8991,17.0
2026-04-18 01:11:11 AM,KXATPMATCH-26APR18ZVECOB-COB,17,1913,16,6254,15,5526,14,5764,12,17,17,2,18,7,19,6416,20,5714,21,8991,17.0
2026-04-18 01:11:11 AM,KXATPMATCH-26APR18ZVECOB-COB,17,469,16,6254,15,5526,14,5764,12,17,17,2,18,7,19,6416,20,5714,21,8991,17.0
2026-04-18 01:11:11 AM,KXATPMATCH-26APR18ZVECOB-COB,17,469,16,6254,15,5526,14,5764,12,17,17,2,18,7,19,6069,20,5714,21,8991,17.0
2026-04-18 01:11:11 AM,KXATPMATCH-26APR18ZVECOB-COB,17,469,16,6254,15,5526,14,5764,12,17,17,2,18,7,19,5827,20,5714,21,8991,17.0
2026-04-18 01:11:11 AM,KXATPMATCH-26APR18ZVECOB-COB,17,469,16,6254,15,5526,14,5764,12,17,17,2,18,7,19,5814,20,5714,21,8991,17.0
2026-04-18 01:11:11 AM,KXATPMATCH-26APR18ZVECOB-COB,17,469,16,6254,15,5526,14,5764,12,17,17,2,18,7,19,5188,20,5714,21,8991,17.0
2026-04-18 01:11:11 AM,KXATPMATCH-26APR18ZVECOB-COB,17,469,16,6254,15,6970,14,5764,12,17,17,2,18,7,19,5188,20,5714,21,8991,17.0
2026-04-18 01:11:11 AM,KXATPMATCH-26APR18ZVECOB-COB,17,474,16,6254,15,6970,14,5764,12,17,17,2,18,7,19,5188,20,5714,21,8991,17.0
2026-04-18 01:11:11 AM,KXATPMATCH-26APR18ZVECOB-COB,17,474,16,6254,15,6970,14,5764,12,17,17,2,18,7,19,5191,20,5714,21,8991,17.0
2026-04-18 01:11:11 AM,KXATPMATCH-26APR18ZVECOB-COB,17,474,16,6254,15,5526,14,5764,12,17,17,2,18,7,19,5191,20,5714,21,8991,17.0
2026-04-18 01:11:11 AM,KXATPMATCH-26APR18ZVECOB-COB,17,474,16,6254,15,5526,14,5764,12,17,17,2,18,7,19,6906,20,5714,21,8991,17.0
2026-04-18 01:11:11 AM,KXATPMATCH-26APR18ZVECOB-COB,17,474,16,6254,15,5526,14,5764,12,17,17,2,18,7,19,8042,20,5714,21,8991,17.0
2026-04-18 01:11:11 AM,KXATPMATCH-26APR18ZVECOB-COB,17,1918,16,6254,15,5526,14,5764,12,17,17,2,18,7,19,8042,20,5714,21,8991,17.0
2026-04-18 01:11:11 AM,KXATPMATCH-26APR18ZVECOB-COB,17,474,16,6254,15,5526,14,5764,12,17,17,2,18,7,19,8042,20,5714,21,8991,17.0
2026-04-18 01:11:11 AM,KXATPMATCH-26APR18ZVECOB-COB,17,474,16,6254,15,6970,14,5764,12,17,17,2,18,7,19,8042,20,5714,21,8991,17.0
2026-04-18 01:11:11 AM,KXATPMATCH-26APR18ZVECOB-COB,17,474,16,6254,15,5526,14,5764,12,17,17,2,18,7,19,8042,20,5714,21,8991,17.0
2026-04-18 01:11:11 AM,KXATPMATCH-26APR18ZVECOB-COB,17,1918,16,6254,15,5526,14,5764,12,17,17,2,18,7,19,8042,20,5714,21,8991,17.0
2026-04-18 01:11:11 AM,KXATPMATCH-26APR18ZVECOB-COB,17,474,16,6254,15,5526,14,5764,12,17,17,2,18,7,19,8042,20,5714,21,8991,17.0
2026-04-18 01:11:11 AM,KXATPMATCH-26APR18ZVECOB-COB,17,224,16,6254,15,5526,14,5764,12,17,17,2,18,7,19,8042,20,5714,21,8991,17.0
2026-04-18 01:11:11 AM,KXATPMATCH-26APR18ZVECOB-COB,17,224,16,6504,15,5526,14,5764,12,17,17,2,18,7,19,8042,20,5714,21,8991,17.0
2026-04-18 01:11:11 AM,KXATPMATCH-26APR18ZVECOB-COB,17,224,16,6504,15,6970,14,5764,12,17,17,2,18,7,19,8042,20,5714,21,8991,17.0
2026-04-18 01:11:11 AM,KXATPMATCH-26APR18ZVECOB-COB,17,224,16,6504,15,6970,14,5764,12,17,17,2,18,7,19,8042,20,5464,21,8991,17.0
2026-04-18 01:11:11 AM,KXATPMATCH-26APR18ZVECOB-COB,17,224,16,6504,15,6970,14,5764,12,17,17,2,18,7,19,8292,20,5464,21,8991,17.0
2026-04-18 01:11:11 AM,KXATPMATCH-26APR18ZVECOB-COB,17,224,16,6504,15,6970,14,5764,12,17,17,2,18,7,19,8297,20,5464,21,8991,17.0
2026-04-18 01:11:11 AM,KXATPMATCH-26APR18ZVECOB-COB,17,224,16,6504,15,5526,14,5764,12,17,17,2,18,7,19,8297,20,5464,21,8991,17.0
2026-04-18 01:11:11 AM,KXATPMATCH-26APR18ZVECOB-COB,17,1668,16,6504,15,5526,14,5764,12,17,17,2,18,7,19,8297,20,5464,21,8991,17.0
2026-04-18 01:11:12 AM,KXATPMATCH-26APR18ZVECOB-COB,17,224,16,6504,15,5526,14,5764,12,17,17,2,18,7,19,8297,20,5464,21,8991,17.0
2026-04-18 01:11:12 AM,KXATPMATCH-26APR18ZVECOB-COB,17,224,16,6504,15,6970,14,5764,12,17,17,2,18,7,19,8297,20,5464,21,8991,17.0
2026-04-18 01:11:12 AM,KXATPMATCH-26APR18ZVECOB-COB,17,224,16,6504,15,5526,14,5764,12,17,17,2,18,7,19,8297,20,5464,21,8991,17.0
2026-04-18 01:11:12 AM,KXATPMATCH-26APR18ZVECOB-COB,17,1668,16,6504,15,5526,14,5764,12,17,17,2,18,7,19,8297,20,5464,21,8991,17.0
2026-04-18 01:11:12 AM,KXATPMATCH-26APR18ZVECOB-COB,17,224,16,6504,15,5526,14,5764,12,17,17,2,18,7,19,8297,20,5464,21,8991,17.0
2026-04-18 01:11:12 AM,KXATPMATCH-26APR18ZVECOB-COB,17,224,16,6504,15,6970,14,5764,12,17,17,2,18,7,19,8297,20,5464,21,8991,17.0
2026-04-18 01:11:12 AM,KXATPMATCH-26APR18ZVECOB-COB,17,224,16,6504,15,5526,14,5764,12,17,17,2,18,7,19,8297,20,5464,21,8991,17.0
2026-04-18 01:11:12 AM,KXATPMATCH-26APR18ZVECOB-COB,17,1668,16,6504,15,5526,14,5764,12,17,17,2,18,7,19,8297,20,5464,21,8991,17.0
2026-04-18 01:11:12 AM,KXATPMATCH-26APR18ZVECOB-COB,17,224,16,6504,15,5526,14,5764,12,17,17,2,18,7,19,8297,20,5464,21,8991,17.0
2026-04-18 01:11:12 AM,KXATPMATCH-26APR18ZVECOB-COB,17,224,16,6504,15,6970,14,5764,12,17,17,2,18,7,19,8297,20,5464,21,8991,17.0
2026-04-18 01:11:12 AM,KXATPMATCH-26APR18ZVECOB-COB,17,224,16,6504,15,5526,14,5764,12,17,17,2,18,7,19,8297,20,5464,21,8991,17.0
2026-04-18 01:11:12 AM,KXATPMATCH-26APR18ZVECOB-COB,17,1668,16,6504,15,5526,14,5764,12,17,17,2,18,7,19,8297,20,5464,21,8991,17.0
2026-04-18 01:11:12 AM,KXATPMATCH-26APR18ZVECOB-COB,17,224,16,6504,15,5526,14,5764,12,17,17,2,18,7,19,8297,20,5464,21,8991,17.0
2026-04-18 01:11:12 AM,KXATPMATCH-26APR18ZVECOB-COB,17,224,16,6504,15,6970,14,5764,12,17,17,2,18,7,19,8297,20,5464,21,8991,17.0
2026-04-18 01:11:12 AM,KXATPMATCH-26APR18ZVECOB-COB,17,224,16,6504,15,5526,14,5764,12,17,17,2,18,7,19,8297,20,5464,21,8991,17.0
2026-04-18 01:11:12 AM,KXATPMATCH-26APR18ZVECOB-COB,17,1668,16,6504,15,5526,14,5764,12,17,17,2,18,7,19,8297,20,5464,21,8991,17.0
2026-04-18 01:11:12 AM,KXATPMATCH-26APR18ZVECOB-COB,17,224,16,6504,15,5526,14,5764,12,17,17,2,18,7,19,8297,20,5464,21,8991,17.0
2026-04-18 01:11:12 AM,KXATPMATCH-26APR18ZVECOB-COB,17,224,16,6504,15,6970,14,5764,12,17,17,2,18,7,19,8297,20,5464,21,8991,17.0
2026-04-18 01:11:13 AM,KXATPMATCH-26APR18ZVECOB-COB,17,224,16,6504,15,5526,14,5764,12,17,17,2,18,7,19,8297,20,5464,21,8991,17.0
2026-04-18 01:11:13 AM,KXATPMATCH-26APR18ZVECOB-COB,17,1668,16,6504,15,5526,14,5764,12,17,17,2,18,7,19,8297,20,5464,21,8991,17.0
2026-04-18 01:11:13 AM,KXATPMATCH-26APR18ZVECOB-COB,17,224,16,6504,15,5526,14,5764,12,17,17,2,18,7,19,8297,20,5464,21,8991,17.0
2026-04-18 01:11:13 AM,KXATPMATCH-26APR18ZVECOB-COB,17,224,16,6504,15,6970,14,5764,12,17,17,2,18,7,19,8297,20,5464,21,8991,17.0
2026-04-18 01:11:13 AM,KXATPMATCH-26APR18ZVECOB-COB,17,224,16,6504,15,5526,14,5764,12,17,17,2,18,7,19,8297,20,5464,21,8991,17.0
2026-04-18 01:11:13 AM,KXATPMATCH-26APR18ZVECOB-COB,17,1668,16,6504,15,5526,14,5764,12,17,17,2,18,7,19,8297,20,5464,21,8991,17.0
2026-04-18 01:11:13 AM,KXATPMATCH-26APR18ZVECOB-COB,17,224,16,6504,15,5526,14,5764,12,17,17,2,18,7,19,8297,20,5464,21,8991,17.0
2026-04-18 01:11:13 AM,KXATPMATCH-26APR18ZVECOB-COB,17,224,16,6504,15,6970,14,5764,12,17,17,2,18,7,19,8297,20,5464,21,8991,17.0
2026-04-18 01:11:13 AM,KXATPMATCH-26APR18ZVECOB-COB,17,224,16,6504,15,5526,14,5764,12,17,17,2,18,7,19,8297,20,5464,21,8991,17.0
2026-04-18 01:11:13 AM,KXATPMATCH-26APR18ZVECOB-COB,17,1668,16,6504,15,5526,14,5764,12,17,17,2,18,7,19,8297,20,5464,21,8991,17.0
2026-04-18 01:11:13 AM,KXATPMATCH-26APR18ZVECOB-COB,17,224,16,6504,15,5526,14,5764,12,17,17,2,18,7,19,8297,20,5464,21,8991,17.0
2026-04-18 01:11:13 AM,KXATPMATCH-26APR18ZVECOB-COB,17,224,16,6504,15,6970,14,5764,12,17,17,2,18,7,19,8297,20,5464,21,8991,17.0
2026-04-18 01:11:13 AM,KXATPMATCH-26APR18ZVECOB-COB,17,224,16,6504,15,5526,14,5764,12,17,17,2,18,7,19,8297,20,5464,21,8991,17.0
2026-04-18 01:11:13 AM,KXATPMATCH-26APR18ZVECOB-COB,17,1668,16,6504,15,5526,14,5764,12,17,17,2,18,7,19,8297,20,5464,21,8991,17.0
2026-04-18 01:11:13 AM,KXATPMATCH-26APR18ZVECOB-COB,17,224,16,6504,15,5526,14,5764,12,17,17,2,18,7,19,8297,20,5464,21,8991,17.0
2026-04-18 01:11:13 AM,KXATPMATCH-26APR18ZVECOB-COB,17,224,16,6504,15,6970,14,5764,12,17,17,2,18,7,19,8297,20,5464,21,8991,17.0
2026-04-18 01:11:13 AM,KXATPMATCH-26APR18ZVECOB-COB,17,224,16,6504,15,5526,14,5764,12,17,17,2,18,7,19,8297,20,5464,21,8991,17.0
2026-04-18 01:11:14 AM,KXATPMATCH-26APR18ZVECOB-COB,17,1668,16,6504,15,5526,14,5764,12,17,17,2,18,7,19,8297,20,5464,21,8991,17.0
2026-04-18 01:11:14 AM,KXATPMATCH-26APR18ZVECOB-COB,17,224,16,6504,15,5526,14,5764,12,17,17,2,18,7,19,8297,20,5464,21,8991,17.0
2026-04-18 01:11:14 AM,KXATPMATCH-26APR18ZVECOB-COB,17,224,16,6504,15,6970,14,5764,12,17,17,2,18,7,19,8297,20,5464,21,8991,17.0
2026-04-18 01:11:14 AM,KXATPMATCH-26APR18ZVECOB-COB,17,224,16,6504,15,5526,14,5764,12,17,17,2,18,7,19,8297,20,5464,21,8991,17.0
2026-04-18 01:11:14 AM,KXATPMATCH-26APR18ZVECOB-COB,17,1668,16,6504,15,5526,14,5764,12,17,17,2,18,7,19,8297,20,5464,21,8991,17.0
2026-04-18 01:11:14 AM,KXATPMATCH-26APR18ZVECOB-COB,17,224,16,6504,15,5526,14,5764,12,17,17,2,18,7,19,8297,20,5464,21,8991,17.0
2026-04-18 01:11:14 AM,KXATPMATCH-26APR18ZVECOB-COB,17,224,16,6504,15,6970,14,5764,12,17,17,2,18,7,19,8297,20,5464,21,8991,17.0
2026-04-18 01:11:14 AM,KXATPMATCH-26APR18ZVECOB-COB,17,224,16,6504,15,5526,14,5764,12,17,17,2,18,7,19,8297,20,5464,21,8991,17.0
2026-04-18 01:11:14 AM,KXATPMATCH-26APR18ZVECOB-COB,17,1668,16,6504,15,5526,14,5764,12,17,17,2,18,7,19,8297,20,5464,21,8991,17.0
2026-04-18 01:11:14 AM,KXATPMATCH-26APR18ZVECOB-COB,17,224,16,6504,15,5526,14,5764,12,17,17,2,18,7,19,8297,20,5464,21,8991,17.0
2026-04-18 01:11:14 AM,KXATPMATCH-26APR18ZVECOB-COB,17,224,16,6504,15,6970,14,5764,12,17,17,2,18,7,19,8297,20,5464,21,8991,17.0
2026-04-18 01:11:14 AM,KXATPMATCH-26APR18ZVECOB-COB,17,224,16,6504,15,5526,14,5764,12,17,17,2,18,7,19,8297,20,5464,21,8991,17.0
2026-04-18 01:11:14 AM,KXATPMATCH-26APR18ZVECOB-COB,17,1668,16,6504,15,5526,14,5764,12,17,17,2,18,7,19,8297,20,5464,21,8991,17.0
2026-04-18 01:11:14 AM,KXATPMATCH-26APR18ZVECOB-COB,17,224,16,6504,15,5526,14,5764,12,17,17,2,18,7,19,8297,20,5464,21,8991,17.0
2026-04-18 01:11:14 AM,KXATPMATCH-26APR18ZVECOB-COB,17,224,16,6504,15,6970,14,5764,12,17,17,2,18,7,19,8297,20,5464,21,8991,17.0
2026-04-18 01:11:14 AM,KXATPMATCH-26APR18ZVECOB-COB,17,224,16,6504,15,5526,14,5764,12,17,17,2,18,7,19,8297,20,5464,21,8991,17.0
2026-04-18 01:11:14 AM,KXATPMATCH-26APR18ZVECOB-COB,17,1668,16,6504,15,5526,14,5764,12,17,17,2,18,7,19,8297,20,5464,21,8991,17.0
2026-04-18 01:11:14 AM,KXATPMATCH-26APR18ZVECOB-COB,17,224,16,6504,15,5526,14,5764,12,17,17,2,18,7,19,8297,20,5464,21,8991,17.0
2026-04-18 01:11:15 AM,KXATPMATCH-26APR18ZVECOB-COB,17,224,16,6504,15,6970,14,5764,12,17,17,2,18,7,19,8297,20,5464,21,8991,17.0
2026-04-18 01:11:15 AM,KXATPMATCH-26APR18ZVECOB-COB,17,189,16,6504,15,6970,14,5764,12,17,17,2,18,7,19,8297,20,5464,21,8991,17.0
2026-04-18 01:11:15 AM,KXATPMATCH-26APR18ZVECOB-COB,17,189,16,6539,15,6970,14,5764,12,17,17,2,18,7,19,8297,20,5464,21,8991,17.0
2026-04-18 01:11:15 AM,KXATPMATCH-26APR18ZVECOB-COB,17,189,16,6539,15,5526,14,5764,12,17,17,2,18,7,19,8297,20,5464,21,8991,17.0
2026-04-18 01:11:15 AM,KXATPMATCH-26APR18ZVECOB-COB,17,189,16,6289,15,5526,14,5764,12,17,17,2,18,7,19,8297,20,5464,21,8991,17.0
2026-04-18 01:11:15 AM,KXATPMATCH-26APR18ZVECOB-COB,17,439,16,6289,15,5526,14,5764,12,17,17,2,18,7,19,8297,20,5464,21,8991,17.0
2026-04-18 01:11:15 AM,KXATPMATCH-26APR18ZVECOB-COB,17,439,16,6254,15,5526,14,5764,12,17,17,2,18,7,19,8297,20,5464,21,8991,17.0
2026-04-18 01:11:15 AM,KXATPMATCH-26APR18ZVECOB-COB,17,439,16,6254,15,5561,14,5764,12,17,17,2,18,7,19,8297,20,5464,21,8991,17.0
2026-04-18 01:11:15 AM,KXATPMATCH-26APR18ZVECOB-COB,17,1883,16,6254,15,5561,14,5764,12,17,17,2,18,7,19,8297,20,5464,21,8991,17.0
2026-04-18 01:11:15 AM,KXATPMATCH-26APR18ZVECOB-COB,17,1883,16,6254,15,5526,14,5764,12,17,17,2,18,7,19,8297,20,5464,21,8991,17.0
2026-04-18 01:11:15 AM,KXATPMATCH-26APR18ZVECOB-COB,17,1918,16,6254,15,5526,14,5764,12,17,17,2,18,7,19,8297,20,5464,21,8991,17.0
2026-04-18 01:11:15 AM,KXATPMATCH-26APR18ZVECOB-COB,17,1918,16,6254,15,5526,14,5764,12,17,17,2,18,7,19,8047,20,5464,21,8991,17.0
2026-04-18 01:11:15 AM,KXATPMATCH-26APR18ZVECOB-COB,17,474,16,6254,15,5526,14,5764,12,17,17,2,18,7,19,8047,20,5464,21,8991,17.0
2026-04-18 01:11:15 AM,KXATPMATCH-26APR18ZVECOB-COB,17,474,16,6254,15,6970,14,5764,12,17,17,2,18,7,19,8047,20,5464,21,8991,17.0
2026-04-18 01:11:15 AM,KXATPMATCH-26APR18ZVECOB-COB,17,474,16,6254,15,5526,14,5764,12,17,17,2,18,7,19,8047,20,5464,21,8991,17.0
2026-04-18 01:11:15 AM,KXATPMATCH-26APR18ZVECOB-COB,17,474,16,6254,15,5526,14,5764,12,17,17,2,18,7,19,8047,20,5714,21,8991,17.0
2026-04-18 01:11:15 AM,KXATPMATCH-26APR18ZVECOB-COB,17,1918,16,6254,15,5526,14,5764,12,17,17,2,18,7,19,8047,20,5714,21,8991,17.0
2026-04-18 01:11:15 AM,KXATPMATCH-26APR18ZVECOB-COB,17,474,16,6254,15,5526,14,5764,12,17,17,2,18,7,19,8047,20,5714,21,8991,17.0
2026-04-18 01:11:15 AM,KXATPMATCH-26APR18ZVECOB-COB,17,474,16,6254,15,6970,14,5764,12,17,17,2,18,7,19,8047,20,5714,21,8991,17.0
2026-04-18 01:11:15 AM,KXATPMATCH-26APR18ZVECOB-COB,17,224,16,6254,15,6970,14,5764,12,17,17,2,18,7,19,8047,20,5714,21,8991,17.0
2026-04-18 01:11:15 AM,KXATPMATCH-26APR18ZVECOB-COB,17,224,16,6254,15,5526,14,5764,12,17,17,2,18,7,19,8047,20,5714,21,8991,17.0
2026-04-18 01:11:15 AM,KXATPMATCH-26APR18ZVECOB-COB,17,224,16,6504,15,5526,14,5764,12,17,17,2,18,7,19,8047,20,5714,21,8991,17.0
2026-04-18 01:11:15 AM,KXATPMATCH-26APR18ZVECOB-COB,17,1668,16,6504,15,5526,14,5764,12,17,17,2,18,7,19,8047,20,5714,21,8991,17.0
2026-04-18 01:11:15 AM,KXATPMATCH-26APR18ZVECOB-COB,17,1668,16,6504,15,5526,14,5764,12,17,17,2,18,7,19,8047,20,5464,21,8991,17.0
2026-04-18 01:11:15 AM,KXATPMATCH-26APR18ZVECOB-COB,17,1668,16,6504,15,5526,14,5764,12,17,17,2,18,7,19,8297,20,5464,21,8991,17.0
2026-04-18 01:11:15 AM,KXATPMATCH-26APR18ZVECOB-COB,17,224,16,6504,15,5526,14,5764,12,17,17,2,18,7,19,8297,20,5464,21,8991,17.0
2026-04-18 01:11:15 AM,KXATPMATCH-26APR18ZVECOB-COB,17,224,16,6504,15,6970,14,5764,12,17,17,2,18,7,19,8297,20,5464,21,8991,17.0
2026-04-18 01:11:15 AM,KXATPMATCH-26APR18ZVECOB-COB,17,189,16,6504,15,6970,14,5764,12,17,17,2,18,7,19,8297,20,5464,21,8991,17.0
2026-04-18 01:11:15 AM,KXATPMATCH-26APR18ZVECOB-COB,17,189,16,6539,15,6970,14,5764,12,17,17,2,18,7,19,8297,20,5464,21,8991,17.0
2026-04-18 01:11:15 AM,KXATPMATCH-26APR18ZVECOB-COB,17,189,16,6539,15,5526,14,5764,12,17,17,2,18,7,19,8297,20,5464,21,8991,17.0
2026-04-18 01:11:15 AM,KXATPMATCH-26APR18ZVECOB-COB,17,189,16,6504,15,5526,14,5764,12,17,17,2,18,7,19,8297,20,5464,21,8991,17.0
2026-04-18 01:11:15 AM,KXATPMATCH-26APR18ZVECOB-COB,17,189,16,6504,15,5561,14,5764,12,17,17,2,18,7,19,8297,20,5464,21,8991,17.0
2026-04-18 01:11:15 AM,KXATPMATCH-26APR18ZVECOB-COB,17,1633,16,6504,15,5561,14,5764,12,17,17,2,18,7,19,8297,20,5464,21,8991,17.0
2026-04-18 01:11:15 AM,KXATPMATCH-26APR18ZVECOB-COB,17,1633,16,6504,15,5526,14,5764,12,17,17,2,18,7,19,8297,20,5464,21,8991,17.0
2026-04-18 01:11:15 AM,KXATPMATCH-26APR18ZVECOB-COB,17,1668,16,6504,15,5526,14,5764,12,17,17,2,18,7,19,8297,20,5464,21,8991,17.0
2026-04-18 01:11:15 AM,KXATPMATCH-26APR18ZVECOB-COB,17,224,16,6504,15,5526,14,5764,12,17,17,2,18,7,19,8297,20,5464,21,8991,17.0
2026-04-18 01:11:15 AM,KXATPMATCH-26APR18ZVECOB-COB,17,189,16,6504,15,5526,14,5764,12,17,17,2,18,7,19,8297,20,5464,21,8991,17.0
2026-04-18 01:11:15 AM,KXATPMATCH-26APR18ZVECOB-COB,17,189,16,6504,15,5561,14,5764,12,17,17,2,18,7,19,8297,20,5464,21,8991,17.0
2026-04-18 01:11:15 AM,KXATPMATCH-26APR18ZVECOB-COB,17,189,16,6504,15,7005,14,5764,12,17,17,2,18,7,19,8297,20,5464,21,8991,17.0
2026-04-18 01:11:15 AM,KXATPMATCH-26APR18ZVECOB-COB,17,189,16,6504,15,5561,14,5764,12,17,17,2,18,7,19,8297,20,5464,21,8991,17.0
2026-04-18 01:11:16 AM,KXATPMATCH-26APR18ZVECOB-COB,17,1633,16,6504,15,5561,14,5764,12,17,17,2,18,7,19,8297,20,5464,21,8991,17.0
2026-04-18 01:11:16 AM,KXATPMATCH-26APR18ZVECOB-COB,17,1633,16,6504,15,5526,14,5764,12,17,17,2,18,7,19,8297,20,5464,21,8991,17.0
2026-04-18 01:11:16 AM,KXATPMATCH-26APR18ZVECOB-COB,17,1668,16,6504,15,5526,14,5764,12,17,17,2,18,7,19,8297,20,5464,21,8991,17.0
2026-04-18 01:11:16 AM,KXATPMATCH-26APR18ZVECOB-COB,17,224,16,6504,15,5526,14,5764,12,17,17,2,18,7,19,8297,20,5464,21,8991,17.0
2026-04-18 01:11:16 AM,KXATPMATCH-26APR18ZVECOB-COB,17,224,16,6504,15,6970,14,5764,12,17,17,2,18,7,19,8297,20,5464,21,8991,17.0
2026-04-18 01:11:16 AM,KXATPMATCH-26APR18ZVECOB-COB,17,189,16,6504,15,6970,14,5764,12,17,17,2,18,7,19,8297,20,5464,21,8991,17.0
2026-04-18 01:11:16 AM,KXATPMATCH-26APR18ZVECOB-COB,17,189,16,6504,15,7005,14,5764,12,17,17,2,18,7,19,8297,20,5464,21,8991,17.0
2026-04-18 01:11:16 AM,KXATPMATCH-26APR18ZVECOB-COB,17,189,16,6504,15,5561,14,5764,12,17,17,2,18,7,19,8297,20,5464,21,8991,17.0
2026-04-18 01:11:16 AM,KXATPMATCH-26APR18ZVECOB-COB,17,1633,16,6504,15,5561,14,5764,12,17,17,2,18,7,19,8297,20,5464,21,8991,17.0
2026-04-18 01:11:16 AM,KXATPMATCH-26APR18ZVECOB-COB,17,1633,16,6504,15,5526,14,5764,12,17,17,2,18,7,19,8297,20,5464,21,8991,17.0
2026-04-18 01:11:16 AM,KXATPMATCH-26APR18ZVECOB-COB,17,1668,16,6504,15,5526,14,5764,12,17,17,2,18,7,19,8297,20,5464,21,8991,17.0
2026-04-18 01:11:16 AM,KXATPMATCH-26APR18ZVECOB-COB,17,224,16,6504,15,5526,14,5764,12,17,17,2,18,7,19,8297,20,5464,21,8991,17.0
2026-04-18 01:11:16 AM,KXATPMATCH-26APR18ZVECOB-COB,17,189,16,6504,15,5526,14,5764,12,17,17,2,18,7,19,8297,20,5464,21,8991,17.0
2026-04-18 01:11:16 AM,KXATPMATCH-26APR18ZVECOB-COB,17,189,16,6504,15,5561,14,5764,12,17,17,2,18,7,19,8297,20,5464,21,8991,17.0
2026-04-18 01:11:16 AM,KXATPMATCH-26APR18ZVECOB-COB,17,189,16,6504,15,7005,14,5764,12,17,17,2,18,7,19,8297,20,5464,21,8991,17.0
2026-04-18 01:11:16 AM,KXATPMATCH-26APR18ZVECOB-COB,17,189,16,6504,15,5561,14,5764,12,17,17,2,18,7,19,8297,20,5464,21,8991,17.0
2026-04-18 01:11:16 AM,KXATPMATCH-26APR18ZVECOB-COB,17,1633,16,6504,15,5561,14,5764,12,17,17,2,18,7,19,8297,20,5464,21,8991,17.0
2026-04-18 01:11:16 AM,KXATPMATCH-26APR18ZVECOB-COB,17,1633,16,6504,15,5526,14,5764,12,17,17,2,18,7,19,8297,20,5464,21,8991,17.0
2026-04-18 01:11:16 AM,KXATPMATCH-26APR18ZVECOB-COB,17,1668,16,6504,15,5526,14,5764,12,17,17,2,18,7,19,8297,20,5464,21,8991,17.0
2026-04-18 01:11:16 AM,KXATPMATCH-26APR18ZVECOB-COB,17,224,16,6504,15,5526,14,5764,12,17,17,2,18,7,19,8297,20,5464,21,8991,17.0
2026-04-18 01:11:16 AM,KXATPMATCH-26APR18ZVECOB-COB,17,224,16,6504,15,6970,14,5764,12,17,17,2,18,7,19,8297,20,5464,21,8991,17.0
2026-04-18 01:11:16 AM,KXATPMATCH-26APR18ZVECOB-COB,17,189,16,6504,15,6970,14,5764,12,17,17,2,18,7,19,8297,20,5464,21,8991,17.0
2026-04-18 01:11:16 AM,KXATPMATCH-26APR18ZVECOB-COB,17,189,16,6504,15,7005,14,5764,12,17,17,2,18,7,19,8297,20,5464,21,8991,17.0
2026-04-18 01:11:16 AM,KXATPMATCH-26APR18ZVECOB-COB,17,189,16,6504,15,5561,14,5764,12,17,17,2,18,7,19,8297,20,5464,21,8991,17.0
2026-04-18 01:11:16 AM,KXATPMATCH-26APR18ZVECOB-COB,17,1633,16,6504,15,5561,14,5764,12,17,17,2,18,7,19,8297,20,5464,21,8991,17.0
2026-04-18 01:11:16 AM,KXATPMATCH-26APR18ZVECOB-COB,17,1633,16,6504,15,5526,14,5764,12,17,17,2,18,7,19,8297,20,5464,21,8991,17.0
2026-04-18 01:11:16 AM,KXATPMATCH-26APR18ZVECOB-COB,17,1668,16,6504,15,5526,14,5764,12,17,17,2,18,7,19,8297,20,5464,21,8991,17.0
2026-04-18 01:11:16 AM,KXATPMATCH-26APR18ZVECOB-COB,17,224,16,6504,15,5526,14,5764,12,17,17,2,18,7,19,8297,20,5464,21,8991,17.0
2026-04-18 01:11:16 AM,KXATPMATCH-26APR18ZVECOB-COB,17,224,16,6504,15,6970,14,5764,12,17,17,2,18,7,19,8297,20,5464,21,8991,17.0
2026-04-18 01:11:16 AM,KXATPMATCH-26APR18ZVECOB-COB,17,189,16,6504,15,6970,14,5764,12,17,17,2,18,7,19,8297,20,5464,21,8991,17.0
2026-04-18 01:11:16 AM,KXATPMATCH-26APR18ZVECOB-COB,17,189,16,6504,15,7005,14,5764,12,17,17,2,18,7,19,8297,20,5464,21,8991,17.0
2026-04-18 01:11:16 AM,KXATPMATCH-26APR18ZVECOB-COB,17,189,16,6504,15,5561,14,5764,12,17,17,2,18,7,19,8297,20,5464,21,8991,17.0
2026-04-18 01:11:16 AM,KXATPMATCH-26APR18ZVECOB-COB,17,1633,16,6504,15,5561,14,5764,12,17,17,2,18,7,19,8297,20,5464,21,8991,17.0
2026-04-18 01:11:17 AM,KXATPMATCH-26APR18ZVECOB-COB,17,1633,16,6504,15,5526,14,5764,12,17,17,2,18,7,19,8297,20,5464,21,8991,17.0
2026-04-18 01:11:17 AM,KXATPMATCH-26APR18ZVECOB-COB,17,1668,16,6504,15,5526,14,5764,12,17,17,2,18,7,19,8297,20,5464,21,8991,17.0
2026-04-18 01:11:17 AM,KXATPMATCH-26APR18ZVECOB-COB,17,224,16,6504,15,5526,14,5764,12,17,17,2,18,7,19,8297,20,5464,21,8991,17.0
2026-04-18 01:11:17 AM,KXATPMATCH-26APR18ZVECOB-COB,17,189,16,6504,15,5526,14,5764,12,17,17,2,18,7,19,8297,20,5464,21,8991,17.0
2026-04-18 01:11:17 AM,KXATPMATCH-26APR18ZVECOB-COB,17,189,16,6504,15,5561,14,5764,12,17,17,2,18,7,19,8297,20,5464,21,8991,17.0
2026-04-18 01:11:17 AM,KXATPMATCH-26APR18ZVECOB-COB,17,189,16,6504,15,7005,14,5764,12,17,17,2,18,7,19,8297,20,5464,21,8991,17.0
2026-04-18 01:11:17 AM,KXATPMATCH-26APR18ZVECOB-COB,17,189,16,6254,15,7005,14,5764,12,17,17,2,18,7,19,8297,20,5464,21,8991,17.0
2026-04-18 01:11:17 AM,KXATPMATCH-26APR18ZVECOB-COB,17,439,16,6254,15,7005,14,5764,12,17,17,2,18,7,19,8297,20,5464,21,8991,17.0
2026-04-18 01:11:17 AM,KXATPMATCH-26APR18ZVECOB-COB,17,439,16,6254,15,5561,14,5764,12,17,17,2,18,7,19,8297,20,5464,21,8991,17.0
2026-04-18 01:11:17 AM,KXATPMATCH-26APR18ZVECOB-COB,17,439,16,6254,15,5561,14,5764,12,17,17,2,18,7,19,8047,20,5464,21,8991,17.0
2026-04-18 01:11:17 AM,KXATPMATCH-26APR18ZVECOB-COB,17,439,16,6254,15,5561,14,5764,12,17,17,2,18,7,19,8047,20,5714,21,8991,17.0
2026-04-18 01:11:17 AM,KXATPMATCH-26APR18ZVECOB-COB,17,1883,16,6254,15,5561,14,5764,12,17,17,2,18,7,19,8047,20,5714,21,8991,17.0
2026-04-18 01:11:17 AM,KXATPMATCH-26APR18ZVECOB-COB,17,1883,16,6254,15,5526,14,5764,12,17,17,2,18,7,19,8047,20,5714,21,8991,17.0
2026-04-18 01:11:17 AM,KXATPMATCH-26APR18ZVECOB-COB,17,1918,16,6254,15,5526,14,5764,12,17,17,2,18,7,19,8047,20,5714,21,8991,17.0
2026-04-18 01:11:17 AM,KXATPMATCH-26APR18ZVECOB-COB,17,474,16,6254,15,5526,14,5764,12,17,17,2,18,7,19,8047,20,5714,21,8991,17.0
2026-04-18 01:11:17 AM,KXATPMATCH-26APR18ZVECOB-COB,17,474,16,6254,15,6970,14,5764,12,17,17,2,18,7,19,8047,20,5714,21,8991,17.0
2026-04-18 01:11:17 AM,KXATPMATCH-26APR18ZVECOB-COB,17,439,16,6254,15,6970,14,5764,12,17,17,2,18,7,19,8047,20,5714,21,8991,17.0
2026-04-18 01:11:17 AM,KXATPMATCH-26APR18ZVECOB-COB,17,439,16,6289,15,6970,14,5764,12,17,17,2,18,7,19,8047,20,5714,21,8991,17.0
2026-04-18 01:11:17 AM,KXATPMATCH-26APR18ZVECOB-COB,17,439,16,6289,15,5526,14,5764,12,17,17,2,18,7,19,8047,20,5714,21,8991,17.0
2026-04-18 01:11:17 AM,KXATPMATCH-26APR18ZVECOB-COB,17,439,16,6254,15,5526,14,5764,12,17,17,2,18,7,19,8047,20,5714,21,8991,17.0
2026-04-18 01:11:17 AM,KXATPMATCH-26APR18ZVECOB-COB,17,474,16,6254,15,5526,14,5764,12,17,17,2,18,7,19,8047,20,5714,21,8991,17.0
2026-04-18 01:11:17 AM,KXATPMATCH-26APR18ZVECOB-COB,17,1918,16,6254,15,5526,14,5764,12,17,17,2,18,7,19,8047,20,5714,21,8991,17.0
2026-04-18 01:11:17 AM,KXATPMATCH-26APR18ZVECOB-COB,17,474,16,6254,15,5526,14,5764,12,17,17,2,18,7,19,8047,20,5714,21,8991,17.0
2026-04-18 01:11:17 AM,KXATPMATCH-26APR18ZVECOB-COB,17,474,16,6254,15,6970,14,5764,12,17,17,2,18,7,19,8047,20,5714,21,8991,17.0
2026-04-18 01:11:17 AM,KXATPMATCH-26APR18ZVECOB-COB,17,224,16,6254,15,6970,14,5764,12,17,17,2,18,7,19,8047,20,5714,21,8991,17.0
2026-04-18 01:11:17 AM,KXATPMATCH-26APR18ZVECOB-COB,17,224,16,6504,15,6970,14,5764,12,17,17,2,18,7,19,8047,20,5714,21,8991,17.0
2026-04-18 01:11:17 AM,KXATPMATCH-26APR18ZVECOB-COB,17,224,16,6504,15,5526,14,5764,12,17,17,2,18,7,19,8047,20,5714,21,8991,17.0
2026-04-18 01:11:17 AM,KXATPMATCH-26APR18ZVECOB-COB,17,224,16,6504,15,5526,14,5764,12,17,17,2,18,7,19,8047,20,5464,21,8991,17.0
2026-04-18 01:11:17 AM,KXATPMATCH-26APR18ZVECOB-COB,17,189,16,6504,15,5526,14,5764,12,17,17,2,18,7,19,8047,20,5464,21,8991,17.0
