ts_et,ticker,bid_1,bid_1_sz,bid_2,bid_2_sz,bid_3,bid_3_sz,bid_4,bid_4_sz,bid_5,bid_5_sz,ask_1,ask_1_sz,ask_2,ask_2_sz,ask_3,ask_3_sz,ask_4,ask_4_sz,ask_5,ask_5_sz,mid
2026-04-17 09:43:06 PM,KXATPCHALLENGERMATCH-26APR17TABZIN-TAB,91,8143,90,11244,89,7839,88,9132,87,6359,93,6109,94,5469,95,8521,96,3902,97,10083,92.0
2026-04-17 09:43:07 PM,KXATPCHALLENGERMATCH-26APR17TABZIN-TAB,91,8143,90,11244,89,7839,88,9132,87,6359,93,6109,94,5509,95,8521,96,3902,97,10083,92.0
2026-04-17 09:43:07 PM,KXATPCHALLENGERMATCH-26APR17TABZIN-TAB,91,8143,90,11244,89,7839,88,9132,87,6359,93,6509,94,5509,95,8521,96,3902,97,10083,92.0
2026-04-17 09:43:08 PM,KXATPCHALLENGERMATCH-26APR17TABZIN-TAB,91,8143,90,11244,89,7839,88,9132,87,6359,93,6609,94,5509,95,8521,96,3902,97,10083,92.0
2026-04-17 09:43:11 PM,KXATPCHALLENGERMATCH-26APR17TABZIN-TAB,91,8103,90,11244,89,7839,88,9132,87,6359,93,6609,94,5509,95,8521,96,3902,97,10083,92.0
2026-04-17 09:43:11 PM,KXATPCHALLENGERMATCH-26APR17TABZIN-TAB,91,8103,90,11244,89,7839,88,9132,87,6359,93,6609,94,5469,95,8521,96,3902,97,10083,92.0
2026-04-17 09:43:11 PM,KXATPCHALLENGERMATCH-26APR17TABZIN-TAB,91,8103,90,11244,89,7839,88,9132,87,6359,93,6609,94,5479,95,8521,96,3902,97,10083,92.0
2026-04-17 09:43:16 PM,KXATPCHALLENGERMATCH-26APR17TABZIN-TAB,91,8103,90,11244,89,7839,88,9132,87,6359,93,5776,94,5479,95,8521,96,3902,97,10083,92.0
2026-04-17 09:43:16 PM,KXATPCHALLENGERMATCH-26APR17TABZIN-TAB,91,8103,90,11244,89,7839,88,9132,87,6359,93,4470,94,5479,95,8521,96,3902,97,10083,92.0
2026-04-17 09:43:16 PM,KXATPCHALLENGERMATCH-26APR17TABZIN-TAB,91,8103,90,11244,89,7839,88,9132,87,6359,93,11114,94,5479,95,8521,96,3902,97,10083,92.0
2026-04-17 09:43:16 PM,KXATPCHALLENGERMATCH-26APR17TABZIN-TAB,91,8103,90,11244,89,7839,88,9132,87,6359,93,11026,94,5479,95,8521,96,3902,97,10083,92.0
2026-04-17 09:43:16 PM,KXATPCHALLENGERMATCH-26APR17TABZIN-TAB,91,8103,90,11244,89,7839,88,9132,87,6359,93,10626,94,5479,95,8521,96,3902,97,10083,92.0
2026-04-17 09:43:16 PM,KXATPCHALLENGERMATCH-26APR17TABZIN-TAB,91,8103,90,11244,89,7839,88,9132,87,6359,93,10226,94,5479,95,8521,96,3902,97,10083,92.0
2026-04-17 09:43:16 PM,KXATPCHALLENGERMATCH-26APR17TABZIN-TAB,91,8103,90,11244,89,7839,88,9132,87,6359,93,9226,94,5479,95,8521,96,3902,97,10083,92.0
2026-04-17 09:43:16 PM,KXATPCHALLENGERMATCH-26APR17TABZIN-TAB,91,8103,90,11244,89,7839,88,9132,87,6359,93,8226,94,5479,95,8521,96,3902,97,10083,92.0
2026-04-17 09:43:16 PM,KXATPCHALLENGERMATCH-26APR17TABZIN-TAB,91,8078,90,11244,89,7839,88,9132,87,6359,93,8226,94,5479,95,8521,96,3902,97,10083,92.0
2026-04-17 09:43:16 PM,KXATPCHALLENGERMATCH-26APR17TABZIN-TAB,91,8078,90,11244,89,7839,88,9132,87,6359,93,8189,94,5479,95,8521,96,3902,97,10083,92.0
2026-04-17 09:43:16 PM,KXATPCHALLENGERMATCH-26APR17TABZIN-TAB,91,8078,90,11244,89,7839,88,9132,87,6359,93,8589,94,5479,95,8521,96,3902,97,10083,92.0
2026-04-17 09:43:16 PM,KXATPCHALLENGERMATCH-26APR17TABZIN-TAB,91,8078,90,11244,89,7839,88,9132,87,6359,93,8989,94,5479,95,8521,96,3902,97,10083,92.0
2026-04-17 09:43:16 PM,KXATPCHALLENGERMATCH-26APR17TABZIN-TAB,91,8078,90,11244,89,7839,88,9132,87,6359,93,9389,94,5479,95,8521,96,3902,97,10083,92.0
2026-04-17 09:43:16 PM,KXATPCHALLENGERMATCH-26APR17TABZIN-TAB,91,8078,90,11244,89,7839,88,9132,87,6359,93,9789,94,5479,95,8521,96,3902,97,10083,92.0
2026-04-17 09:43:16 PM,KXATPCHALLENGERMATCH-26APR17TABZIN-TAB,91,8078,90,11244,89,7839,88,9132,87,6359,93,10789,94,5479,95,8521,96,3902,97,10083,92.0
2026-04-17 09:43:16 PM,KXATPCHALLENGERMATCH-26APR17TABZIN-TAB,91,8078,90,11244,89,7839,88,9132,87,6359,93,11789,94,5479,95,8521,96,3902,97,10083,92.0
2026-04-17 09:43:16 PM,KXATPCHALLENGERMATCH-26APR17TABZIN-TAB,91,8078,90,11244,89,7839,88,9132,87,6359,93,12789,94,5479,95,8521,96,3902,97,10083,92.0
2026-04-17 09:43:16 PM,KXATPCHALLENGERMATCH-26APR17TABZIN-TAB,91,8078,90,11244,89,7839,88,9132,87,6359,93,13189,94,5479,95,8521,96,3902,97,10083,92.0
2026-04-17 09:43:17 PM,KXATPCHALLENGERMATCH-26APR17TABZIN-TAB,91,8078,90,11244,89,7439,88,9132,87,6359,93,13189,94,5479,95,8521,96,3902,97,10083,92.0
2026-04-17 09:43:17 PM,KXATPCHALLENGERMATCH-26APR17TABZIN-TAB,92,400,91,8078,90,11244,89,7439,88,9132,93,13189,94,5479,95,8521,96,3902,97,10083,92.5
2026-04-17 09:43:17 PM,KXATPCHALLENGERMATCH-26APR17TABZIN-TAB,92,505,91,8078,90,11244,89,7439,88,9132,93,13189,94,5479,95,8521,96,3902,97,10083,92.5
2026-04-17 09:43:17 PM,KXATPCHALLENGERMATCH-26APR17TABZIN-TAB,92,545,91,8078,90,11244,89,7439,88,9132,93,13189,94,5479,95,8521,96,3902,97,10083,92.5
2026-04-17 09:43:17 PM,KXATPCHALLENGERMATCH-26APR17TABZIN-TAB,92,545,91,8078,90,11244,89,7439,88,9132,93,13189,94,5479,95,8521,96,3902,97,10812,92.5
2026-04-17 09:43:17 PM,KXATPCHALLENGERMATCH-26APR17TABZIN-TAB,92,545,91,8078,90,11244,89,7439,88,9132,93,12996,94,5479,95,8521,96,3902,97,10812,92.5
2026-04-17 09:43:17 PM,KXATPCHALLENGERMATCH-26APR17TABZIN-TAB,92,545,91,8078,90,11244,89,7439,88,9132,93,12946,94,5479,95,8521,96,3902,97,10812,92.5
2026-04-17 09:43:17 PM,KXATPCHALLENGERMATCH-26APR17TABZIN-TAB,92,545,91,8078,90,11244,89,7439,88,9132,93,12850,94,5479,95,8521,96,3902,97,10812,92.5
2026-04-17 09:43:17 PM,KXATPCHALLENGERMATCH-26APR17TABZIN-TAB,92,545,91,8078,90,11244,89,7439,88,9132,93,14350,94,5479,95,8521,96,3902,97,10812,92.5
2026-04-17 09:43:21 PM,KXATPCHALLENGERMATCH-26APR17TABZIN-TAB,92,541,91,8078,90,11244,89,7439,88,9132,93,14350,94,5479,95,8521,96,3902,97,10812,92.5
2026-04-17 09:43:21 PM,KXATPCHALLENGERMATCH-26APR17TABZIN-TAB,92,541,91,8078,90,11244,89,7439,88,7681,93,14350,94,5479,95,8521,96,3902,97,10812,92.5
2026-04-17 09:43:21 PM,KXATPCHALLENGERMATCH-26APR17TABZIN-TAB,92,541,91,7378,90,11244,89,7439,88,7681,93,14350,94,5479,95,8521,96,3902,97,10812,92.5
2026-04-17 09:43:21 PM,KXATPCHALLENGERMATCH-26APR17TABZIN-TAB,92,541,91,7378,90,11244,89,8139,88,7681,93,14350,94,5479,95,8521,96,3902,97,10812,92.5
2026-04-17 09:43:21 PM,KXATPCHALLENGERMATCH-26APR17TABZIN-TAB,92,541,91,7378,90,11244,89,8139,88,7681,93,14400,94,5479,95,8521,96,3902,97,10812,92.5
2026-04-17 09:43:26 PM,KXATPCHALLENGERMATCH-26APR17TABZIN-TAB,92,541,91,7378,90,11244,89,8139,88,7681,93,14350,94,5479,95,8521,96,3902,97,10812,92.5
2026-04-17 09:43:26 PM,KXATPCHALLENGERMATCH-26APR17TABZIN-TAB,92,541,91,7378,90,11244,89,8139,88,7681,93,14350,94,5529,95,8521,96,3902,97,10812,92.5
2026-04-17 09:43:27 PM,KXATPCHALLENGERMATCH-26APR17TABZIN-TAB,92,541,91,7378,90,11244,89,8139,88,7681,93,14344,94,5529,95,8521,96,3902,97,10812,92.5
2026-04-17 09:43:29 PM,KXATPCHALLENGERMATCH-26APR17TABZIN-TAB,92,541,91,7378,90,11244,89,8139,88,7681,93,14344,94,5479,95,8521,96,3902,97,10812,92.5
2026-04-17 09:43:29 PM,KXATPCHALLENGERMATCH-26APR17TABZIN-TAB,92,541,91,7378,90,11244,89,8139,88,7681,93,14394,94,5479,95,8521,96,3902,97,10812,92.5
2026-04-17 09:43:29 PM,KXATPCHALLENGERMATCH-26APR17TABZIN-TAB,92,541,91,7378,90,11244,89,8139,88,7681,93,14344,94,5479,95,8521,96,3902,97,10812,92.5
2026-04-17 09:43:29 PM,KXATPCHALLENGERMATCH-26APR17TABZIN-TAB,92,541,91,7378,90,11244,89,8139,88,7681,93,14344,94,5529,95,8521,96,3902,97,10812,92.5
2026-04-17 09:43:29 PM,KXATPCHALLENGERMATCH-26APR17TABZIN-TAB,92,541,91,7378,90,11244,89,8139,88,7681,93,14338,94,5529,95,8521,96,3902,97,10812,92.5
2026-04-17 09:43:29 PM,KXATPCHALLENGERMATCH-26APR17TABZIN-TAB,92,541,91,7378,90,11244,89,8139,88,7681,93,14375,94,5529,95,8521,96,3902,97,10812,92.5
2026-04-17 09:43:29 PM,KXATPCHALLENGERMATCH-26APR17TABZIN-TAB,92,541,91,7378,90,11244,89,8139,88,7681,93,14338,94,5529,95,8521,96,3902,97,10812,92.5
2026-04-17 09:43:38 PM,KXATPCHALLENGERMATCH-26APR17TABZIN-TAB,92,541,91,7378,90,11244,89,8139,88,7681,93,14338,94,5519,95,8521,96,3902,97,10812,92.5
2026-04-17 09:43:39 PM,KXATPCHALLENGERMATCH-26APR17TABZIN-TAB,92,541,91,7278,90,11244,89,8139,88,7681,93,14338,94,5519,95,8521,96,3902,97,10812,92.5
2026-04-17 09:43:39 PM,KXATPCHALLENGERMATCH-26APR17TABZIN-TAB,92,541,91,7278,90,11244,89,8139,88,7681,93,12838,94,5519,95,8521,96,3902,97,10812,92.5
2026-04-17 09:43:39 PM,KXATPCHALLENGERMATCH-26APR17TABZIN-TAB,92,541,91,7278,90,9304,89,8139,88,7681,93,12838,94,5519,95,8521,96,3902,97,10812,92.5
2026-04-17 09:43:39 PM,KXATPCHALLENGERMATCH-26APR17TABZIN-TAB,92,541,91,7278,90,9304,89,8139,88,7681,93,11838,94,5519,95,8521,96,3902,97,10812,92.5
2026-04-17 09:43:39 PM,KXATPCHALLENGERMATCH-26APR17TABZIN-TAB,92,541,91,7278,90,9304,89,8139,88,7681,93,11438,94,5519,95,8521,96,3902,97,10812,92.5
2026-04-17 09:43:39 PM,KXATPCHALLENGERMATCH-26APR17TABZIN-TAB,92,541,91,7278,90,9304,89,8139,88,7681,93,11038,94,5519,95,8521,96,3902,97,10812,92.5
2026-04-17 09:43:39 PM,KXATPCHALLENGERMATCH-26APR17TABZIN-TAB,92,541,91,7278,90,9304,89,8139,88,7681,93,10638,94,5519,95,8521,96,3902,97,10812,92.5
2026-04-17 09:43:39 PM,KXATPCHALLENGERMATCH-26APR17TABZIN-TAB,92,541,91,7278,90,9304,89,8139,88,7681,93,10238,94,5519,95,8521,96,3902,97,10812,92.5
2026-04-17 09:43:39 PM,KXATPCHALLENGERMATCH-26APR17TABZIN-TAB,92,541,91,7278,90,9304,89,8139,88,7681,93,9838,94,5519,95,8521,96,3902,97,10812,92.5
2026-04-17 09:43:39 PM,KXATPCHALLENGERMATCH-26APR17TABZIN-TAB,92,541,91,7228,90,9304,89,8139,88,7681,93,9838,94,5519,95,8521,96,3902,97,10812,92.5
2026-04-17 09:43:39 PM,KXATPCHALLENGERMATCH-26APR17TABZIN-TAB,92,541,91,7228,90,9304,89,8139,88,7681,93,8838,94,5519,95,8521,96,3902,97,10812,92.5
2026-04-17 09:43:39 PM,KXATPCHALLENGERMATCH-26APR17TABZIN-TAB,92,581,91,7228,90,9304,89,8139,88,7681,93,8838,94,5519,95,8521,96,3902,97,10812,92.5
2026-04-17 09:43:39 PM,KXATPCHALLENGERMATCH-26APR17TABZIN-TAB,92,581,91,7228,90,9304,89,8139,88,7681,93,7838,94,5519,95,8521,96,3902,97,10812,92.5
2026-04-17 09:43:39 PM,KXATPCHALLENGERMATCH-26APR17TABZIN-TAB,92,581,91,7228,90,9304,89,8139,88,7681,93,7838,94,6519,95,8521,96,3902,97,10812,92.5
2026-04-17 09:43:39 PM,KXATPCHALLENGERMATCH-26APR17TABZIN-TAB,92,631,91,7228,90,9304,89,8139,88,7681,93,7838,94,6519,95,8521,96,3902,97,10812,92.5
2026-04-17 09:43:39 PM,KXATPCHALLENGERMATCH-26APR17TABZIN-TAB,92,631,91,7228,90,9304,89,8139,88,7681,93,7838,94,7519,95,8521,96,3902,97,10812,92.5
2026-04-17 09:43:39 PM,KXATPCHALLENGERMATCH-26APR17TABZIN-TAB,92,631,91,7228,90,9304,89,8139,88,7681,93,7838,94,7519,95,9521,96,3902,97,10812,92.5
2026-04-17 09:43:39 PM,KXATPCHALLENGERMATCH-26APR17TABZIN-TAB,92,631,91,7228,90,9304,89,8139,88,7681,93,7838,94,7519,95,9521,96,3902,97,6294,92.5
2026-04-17 09:43:39 PM,KXATPCHALLENGERMATCH-26APR17TABZIN-TAB,92,631,91,7228,90,9304,89,8139,88,7681,93,7838,94,7519,95,6086,96,3902,97,6294,92.5
2026-04-17 09:43:39 PM,KXATPCHALLENGERMATCH-26APR17TABZIN-TAB,92,631,91,7228,90,9304,89,8139,88,7681,93,7838,94,7519,95,6086,96,467,97,6294,92.5
2026-04-17 09:43:39 PM,KXATPCHALLENGERMATCH-26APR17TABZIN-TAB,92,631,91,7228,90,9304,89,8139,88,1005,93,7838,94,7519,95,6086,96,467,97,6294,92.5
2026-04-17 09:43:39 PM,KXATPCHALLENGERMATCH-26APR17TABZIN-TAB,92,631,91,7228,90,2169,89,8139,88,1005,93,7838,94,7519,95,6086,96,467,97,6294,92.5
2026-04-17 09:43:39 PM,KXATPCHALLENGERMATCH-26APR17TABZIN-TAB,92,631,91,400,90,2169,89,8139,88,1005,93,7838,94,7519,95,6086,96,467,97,6294,92.5
2026-04-17 09:43:39 PM,KXATPCHALLENGERMATCH-26APR17TABZIN-TAB,92,631,91,400,90,2169,89,933,88,1005,93,7838,94,7519,95,6086,96,467,97,6294,92.5
2026-04-17 09:43:39 PM,KXATPCHALLENGERMATCH-26APR17TABZIN-TAB,92,631,91,400,90,2169,89,933,88,1005,93,1194,94,7519,95,6086,96,467,97,6294,92.5
2026-04-17 09:43:39 PM,KXATPCHALLENGERMATCH-26APR17TABZIN-TAB,92,631,91,400,90,2169,89,933,88,1005,93,1194,94,5555,95,6086,96,467,97,6294,92.5
2026-04-17 09:43:39 PM,KXATPCHALLENGERMATCH-26APR17TABZIN-TAB,92,631,91,400,90,1268,89,933,88,1005,93,1194,94,5555,95,6086,96,467,97,6294,92.5
2026-04-17 09:43:39 PM,KXATPCHALLENGERMATCH-26APR17TABZIN-TAB,92,236,91,400,90,1268,89,933,88,1005,93,1194,94,5555,95,6086,96,467,97,6294,92.5
2026-04-17 09:43:39 PM,KXATPCHALLENGERMATCH-26APR17TABZIN-TAB,92,236,91,400,90,1268,89,933,88,1005,93,1194,94,4555,95,6086,96,467,97,6294,92.5
2026-04-17 09:43:39 PM,KXATPCHALLENGERMATCH-26APR17TABZIN-TAB,92,236,91,400,90,1268,89,933,88,1005,93,1194,94,3555,95,6086,96,467,97,6294,92.5
2026-04-17 09:43:39 PM,KXATPCHALLENGERMATCH-26APR17TABZIN-TAB,92,236,91,400,90,1268,89,933,88,1005,93,794,94,3555,95,6086,96,467,97,6294,92.5
2026-04-17 09:43:39 PM,KXATPCHALLENGERMATCH-26APR17TABZIN-TAB,92,236,91,400,90,1268,89,933,88,1005,93,394,94,3555,95,6086,96,467,97,6294,92.5
2026-04-17 09:43:39 PM,KXATPCHALLENGERMATCH-26APR17TABZIN-TAB,92,236,91,400,90,1268,89,933,88,1005,93,394,94,2555,95,6086,96,467,97,6294,92.5
2026-04-17 09:43:39 PM,KXATPCHALLENGERMATCH-26APR17TABZIN-TAB,92,236,91,400,90,1268,89,933,88,1005,93,394,94,2555,95,7086,96,467,97,6294,92.5
2026-04-17 09:43:39 PM,KXATPCHALLENGERMATCH-26APR17TABZIN-TAB,92,236,91,400,90,1268,89,933,88,1005,93,394,94,2555,95,7086,96,1467,97,6294,92.5
2026-04-17 09:43:39 PM,KXATPCHALLENGERMATCH-26APR17TABZIN-TAB,92,236,91,400,90,1268,89,1333,88,1005,93,394,94,2555,95,7086,96,1467,97,6294,92.5
2026-04-17 09:43:39 PM,KXATPCHALLENGERMATCH-26APR17TABZIN-TAB,92,186,91,400,90,1268,89,1333,88,1005,93,394,94,2555,95,7086,96,1467,97,6294,92.5
2026-04-17 09:43:39 PM,KXATPCHALLENGERMATCH-26APR17TABZIN-TAB,92,186,91,400,90,1268,89,1333,88,1005,93,394,94,2155,95,7086,96,1467,97,6294,92.5
2026-04-17 09:43:39 PM,KXATPCHALLENGERMATCH-26APR17TABZIN-TAB,92,186,91,400,90,1268,89,1333,88,1005,93,394,94,1755,95,7086,96,1467,97,6294,92.5
2026-04-17 09:43:39 PM,KXATPCHALLENGERMATCH-26APR17TABZIN-TAB,92,186,91,400,90,1268,89,1333,88,1005,93,103,94,1755,95,7086,96,1467,97,6294,92.5
2026-04-17 09:43:39 PM,KXATPCHALLENGERMATCH-26APR17TABZIN-TAB,92,186,91,400,90,1268,89,1333,88,1005,93,103,94,1355,95,7086,96,1467,97,6294,92.5
2026-04-17 09:43:39 PM,KXATPCHALLENGERMATCH-26APR17TABZIN-TAB,92,186,91,400,90,1268,89,1333,88,1005,93,103,94,1305,95,7086,96,1467,97,6294,92.5
2026-04-17 09:43:39 PM,KXATPCHALLENGERMATCH-26APR17TABZIN-TAB,92,186,91,400,90,1268,89,1333,88,1005,93,103,94,1305,95,7086,96,1467,97,4843,92.5
2026-04-17 09:43:39 PM,KXATPCHALLENGERMATCH-26APR17TABZIN-TAB,92,186,91,400,90,1268,89,1333,88,1005,93,103,94,905,95,7086,96,1467,97,4843,92.5
2026-04-17 09:43:39 PM,KXATPCHALLENGERMATCH-26APR17TABZIN-TAB,92,186,91,400,90,1268,89,1333,88,1005,93,103,94,205,95,7086,96,1467,97,4843,92.5
2026-04-17 09:43:39 PM,KXATPCHALLENGERMATCH-26APR17TABZIN-TAB,92,186,91,400,90,568,89,1333,88,1005,93,103,94,205,95,7086,96,1467,97,4843,92.5
2026-04-17 09:43:39 PM,KXATPCHALLENGERMATCH-26APR17TABZIN-TAB,92,186,91,400,90,568,89,1333,88,1005,93,103,94,205,95,6386,96,1467,97,4843,92.5
2026-04-17 09:43:39 PM,KXATPCHALLENGERMATCH-26APR17TABZIN-TAB,92,186,91,400,90,568,89,633,88,1005,93,103,94,205,95,6386,96,1467,97,4843,92.5
2026-04-17 09:43:39 PM,KXATPCHALLENGERMATCH-26APR17TABZIN-TAB,92,186,91,400,90,568,89,633,88,1005,93,103,94,205,95,6386,96,1867,97,4843,92.5
2026-04-17 09:43:39 PM,KXATPCHALLENGERMATCH-26APR17TABZIN-TAB,92,186,91,400,90,568,89,633,88,1005,93,103,94,205,95,6786,96,1867,97,4843,92.5
2026-04-17 09:43:39 PM,KXATPCHALLENGERMATCH-26APR17TABZIN-TAB,92,186,91,400,90,568,89,633,88,1005,93,103,94,205,95,6786,96,1867,97,5243,92.5
2026-04-17 09:43:39 PM,KXATPCHALLENGERMATCH-26APR17TABZIN-TAB,92,186,91,400,90,568,89,633,88,1005,93,103,94,205,95,6836,96,1867,97,5243,92.5
2026-04-17 09:43:39 PM,KXATPCHALLENGERMATCH-26APR17TABZIN-TAB,92,186,91,450,90,568,89,633,88,1005,93,103,94,205,95,6836,96,1867,97,5243,92.5
2026-04-17 09:43:39 PM,KXATPCHALLENGERMATCH-26APR17TABZIN-TAB,92,186,91,450,90,568,89,633,88,1005,93,103,94,205,95,6836,96,2267,97,5243,92.5
2026-04-17 09:43:39 PM,KXATPCHALLENGERMATCH-26APR17TABZIN-TAB,92,186,91,450,90,568,89,633,88,1005,93,103,94,205,95,6836,96,2267,97,5643,92.5
2026-04-17 09:43:39 PM,KXATPCHALLENGERMATCH-26APR17TABZIN-TAB,92,186,91,450,90,568,89,633,88,1005,93,103,94,205,95,7236,96,2267,97,5643,92.5
2026-04-17 09:43:39 PM,KXATPCHALLENGERMATCH-26APR17TABZIN-TAB,92,186,91,450,90,568,89,633,88,1005,93,103,94,205,95,7236,96,2667,97,5643,92.5
2026-04-17 09:43:39 PM,KXATPCHALLENGERMATCH-26APR17TABZIN-TAB,92,186,91,450,90,168,89,633,88,1005,93,103,94,205,95,7236,96,2667,97,5643,92.5
2026-04-17 09:43:39 PM,KXATPCHALLENGERMATCH-26APR17TABZIN-TAB,92,186,91,50,90,168,89,633,88,1005,93,103,94,205,95,7236,96,2667,97,5643,92.5
2026-04-17 09:43:39 PM,KXATPCHALLENGERMATCH-26APR17TABZIN-TAB,92,186,91,50,90,168,89,633,88,1005,93,103,94,205,95,6836,96,2667,97,5643,92.5
2026-04-17 09:43:39 PM,KXATPCHALLENGERMATCH-26APR17TABZIN-TAB,92,81,91,50,90,168,89,633,88,1005,93,103,94,205,95,6836,96,2667,97,5643,92.5
2026-04-17 09:43:40 PM,KXATPCHALLENGERMATCH-26APR17TABZIN-TAB,92,81,91,50,90,168,89,633,88,1405,93,103,94,205,95,6836,96,2667,97,5643,92.5
2026-04-17 09:43:40 PM,KXATPCHALLENGERMATCH-26APR17TABZIN-TAB,92,81,91,50,90,168,89,833,88,1405,93,103,94,205,95,6836,96,2667,97,5643,92.5
2026-04-17 09:43:40 PM,KXATPCHALLENGERMATCH-26APR17TABZIN-TAB,92,81,91,50,90,168,89,833,88,1405,93,191,94,205,95,6836,96,2667,97,5643,92.5
2026-04-17 09:43:40 PM,KXATPCHALLENGERMATCH-26APR17TABZIN-TAB,92,81,91,50,90,168,89,833,88,1405,93,191,94,405,95,6836,96,2667,97,5643,92.5
2026-04-17 09:43:40 PM,KXATPCHALLENGERMATCH-26APR17TABZIN-TAB,92,81,91,50,90,168,89,633,88,1405,93,191,94,405,95,6836,96,2667,97,5643,92.5
2026-04-17 09:43:40 PM,KXATPCHALLENGERMATCH-26APR17TABZIN-TAB,92,81,91,50,90,568,89,633,88,1405,93,191,94,405,95,6836,96,2667,97,5643,92.5
2026-04-17 09:43:40 PM,KXATPCHALLENGERMATCH-26APR17TABZIN-TAB,92,81,91,50,90,768,89,633,88,1405,93,191,94,405,95,6836,96,2667,97,5643,92.5
2026-04-17 09:43:40 PM,KXATPCHALLENGERMATCH-26APR17TABZIN-TAB,92,81,91,50,90,368,89,633,88,1405,93,191,94,405,95,6836,96,2667,97,5643,92.5
2026-04-17 09:43:40 PM,KXATPCHALLENGERMATCH-26APR17TABZIN-TAB,92,81,91,50,90,368,89,633,88,1005,93,191,94,405,95,6836,96,2667,97,5643,92.5
2026-04-17 09:43:40 PM,KXATPCHALLENGERMATCH-26APR17TABZIN-TAB,92,81,91,50,90,168,89,633,88,1005,93,191,94,405,95,6836,96,2667,97,5643,92.5
2026-04-17 09:43:40 PM,KXATPCHALLENGERMATCH-26APR17TABZIN-TAB,92,81,91,50,90,168,89,633,88,1005,93,191,94,442,95,6836,96,2667,97,5643,92.5
2026-04-17 09:43:40 PM,KXATPCHALLENGERMATCH-26APR17TABZIN-TAB,92,81,91,50,90,168,89,833,88,1005,93,191,94,442,95,6836,96,2667,97,5643,92.5
2026-04-17 09:43:40 PM,KXATPCHALLENGERMATCH-26APR17TABZIN-TAB,92,81,91,450,90,168,89,833,88,1005,93,191,94,442,95,6836,96,2667,97,5643,92.5
2026-04-17 09:43:40 PM,KXATPCHALLENGERMATCH-26APR17TABZIN-TAB,92,81,91,450,90,568,89,833,88,1005,93,191,94,442,95,6836,96,2667,97,5643,92.5
2026-04-17 09:43:40 PM,KXATPCHALLENGERMATCH-26APR17TABZIN-TAB,92,81,91,50,90,568,89,833,88,1005,93,191,94,442,95,6836,96,2667,97,5643,92.5
2026-04-17 09:43:40 PM,KXATPCHALLENGERMATCH-26APR17TABZIN-TAB,92,81,91,50,90,568,89,633,88,1005,93,191,94,442,95,6836,96,2667,97,5643,92.5
2026-04-17 09:43:40 PM,KXATPCHALLENGERMATCH-26APR17TABZIN-TAB,92,81,91,50,90,568,89,633,88,1405,93,191,94,442,95,6836,96,2667,97,5643,92.5
2026-04-17 09:43:40 PM,KXATPCHALLENGERMATCH-26APR17TABZIN-TAB,92,81,91,50,90,568,89,633,88,1405,93,221,94,442,95,6836,96,2667,97,5643,92.5
2026-04-17 09:43:40 PM,KXATPCHALLENGERMATCH-26APR17TABZIN-TAB,92,81,91,50,90,768,89,633,88,1405,93,221,94,442,95,6836,96,2667,97,5643,92.5
2026-04-17 09:43:40 PM,KXATPCHALLENGERMATCH-26APR17TABZIN-TAB,92,81,91,50,90,368,89,633,88,1405,93,221,94,442,95,6836,96,2667,97,5643,92.5
2026-04-17 09:43:40 PM,KXATPCHALLENGERMATCH-26APR17TABZIN-TAB,92,81,91,50,90,368,89,633,88,1005,93,221,94,442,95,6836,96,2667,97,5643,92.5
2026-04-17 09:43:40 PM,KXATPCHALLENGERMATCH-26APR17TABZIN-TAB,92,81,91,50,90,168,89,633,88,1005,93,221,94,442,95,6836,96,2667,97,5643,92.5
2026-04-17 09:43:40 PM,KXATPCHALLENGERMATCH-26APR17TABZIN-TAB,92,81,91,50,90,568,89,633,88,1005,93,221,94,442,95,6836,96,2667,97,5643,92.5
2026-04-17 09:43:40 PM,KXATPCHALLENGERMATCH-26APR17TABZIN-TAB,92,81,91,450,90,568,89,633,88,1005,93,221,94,442,95,6836,96,2667,97,5643,92.5
2026-04-17 09:43:40 PM,KXATPCHALLENGERMATCH-26APR17TABZIN-TAB,92,81,91,450,90,568,89,833,88,1005,93,221,94,442,95,6836,96,2667,97,5643,92.5
2026-04-17 09:43:40 PM,KXATPCHALLENGERMATCH-26APR17TABZIN-TAB,92,81,91,450,90,168,89,833,88,1005,93,221,94,442,95,6836,96,2667,97,5643,92.5
2026-04-17 09:43:40 PM,KXATPCHALLENGERMATCH-26APR17TABZIN-TAB,92,81,91,50,90,168,89,833,88,1005,93,221,94,442,95,6836,96,2667,97,5643,92.5
2026-04-17 09:43:40 PM,KXATPCHALLENGERMATCH-26APR17TABZIN-TAB,92,81,91,50,90,168,89,833,88,1405,93,221,94,442,95,6836,96,2667,97,5643,92.5
2026-04-17 09:43:40 PM,KXATPCHALLENGERMATCH-26APR17TABZIN-TAB,92,81,91,50,90,568,89,833,88,1405,93,221,94,442,95,6836,96,2667,97,5643,92.5
2026-04-17 09:43:40 PM,KXATPCHALLENGERMATCH-26APR17TABZIN-TAB,92,81,91,50,90,568,89,633,88,1405,93,221,94,442,95,6836,96,2667,97,5643,92.5
2026-04-17 09:43:40 PM,KXATPCHALLENGERMATCH-26APR17TABZIN-TAB,92,81,91,50,90,768,89,633,88,1405,93,221,94,442,95,6836,96,2667,97,5643,92.5
2026-04-17 09:43:40 PM,KXATPCHALLENGERMATCH-26APR17TABZIN-TAB,92,81,91,50,90,368,89,633,88,1405,93,221,94,442,95,6836,96,2667,97,5643,92.5
2026-04-17 09:43:40 PM,KXATPCHALLENGERMATCH-26APR17TABZIN-TAB,92,81,91,75,90,368,89,633,88,1405,93,221,94,442,95,6836,96,2667,97,5643,92.5
2026-04-17 09:43:40 PM,KXATPCHALLENGERMATCH-26APR17TABZIN-TAB,92,81,91,75,90,368,89,633,88,1005,93,221,94,442,95,6836,96,2667,97,5643,92.5
2026-04-17 09:43:41 PM,KXATPCHALLENGERMATCH-26APR17TABZIN-TAB,92,81,91,50,90,368,89,633,88,1005,93,221,94,442,95,6836,96,2667,97,5643,92.5
2026-04-17 09:43:41 PM,KXATPCHALLENGERMATCH-26APR17TABZIN-TAB,92,81,91,50,90,168,89,633,88,1005,93,221,94,442,95,6836,96,2667,97,5643,92.5
2026-04-17 09:43:41 PM,KXATPCHALLENGERMATCH-26APR17TABZIN-TAB,92,81,91,450,90,168,89,633,88,1005,93,221,94,442,95,6836,96,2667,97,5643,92.5
2026-04-17 09:43:41 PM,KXATPCHALLENGERMATCH-26APR17TABZIN-TAB,92,81,91,450,90,568,89,633,88,1005,93,221,94,442,95,6836,96,2667,97,5643,92.5
2026-04-17 09:43:41 PM,KXATPCHALLENGERMATCH-26APR17TABZIN-TAB,92,81,91,450,90,568,89,833,88,1005,93,221,94,442,95,6836,96,2667,97,5643,92.5
2026-04-17 09:43:41 PM,KXATPCHALLENGERMATCH-26APR17TABZIN-TAB,92,81,91,50,90,568,89,833,88,1005,93,221,94,442,95,6836,96,2667,97,5643,92.5
2026-04-17 09:43:41 PM,KXATPCHALLENGERMATCH-26APR17TABZIN-TAB,92,81,91,50,90,168,89,833,88,1005,93,221,94,442,95,6836,96,2667,97,5643,92.5
2026-04-17 09:43:41 PM,KXATPCHALLENGERMATCH-26APR17TABZIN-TAB,92,81,91,50,90,168,89,833,88,1405,93,221,94,442,95,6836,96,2667,97,5643,92.5
2026-04-17 09:43:41 PM,KXATPCHALLENGERMATCH-26APR17TABZIN-TAB,92,81,91,50,90,568,89,833,88,1405,93,221,94,442,95,6836,96,2667,97,5643,92.5
2026-04-17 09:43:41 PM,KXATPCHALLENGERMATCH-26APR17TABZIN-TAB,92,81,91,50,90,568,89,633,88,1405,93,221,94,442,95,6836,96,2667,97,5643,92.5
2026-04-17 09:43:41 PM,KXATPCHALLENGERMATCH-26APR17TABZIN-TAB,92,81,91,50,90,768,89,633,88,1405,93,221,94,442,95,6836,96,2667,97,5643,92.5
2026-04-17 09:43:41 PM,KXATPCHALLENGERMATCH-26APR17TABZIN-TAB,92,81,91,50,90,368,89,633,88,1405,93,221,94,442,95,6836,96,2667,97,5643,92.5
2026-04-17 09:43:41 PM,KXATPCHALLENGERMATCH-26APR17TABZIN-TAB,92,81,91,50,90,168,89,633,88,1405,93,221,94,442,95,6836,96,2667,97,5643,92.5
2026-04-17 09:43:41 PM,KXATPCHALLENGERMATCH-26APR17TABZIN-TAB,92,81,91,50,90,168,89,633,88,1005,93,221,94,442,95,6836,96,2667,97,5643,92.5
2026-04-17 09:43:41 PM,KXATPCHALLENGERMATCH-26APR17TABZIN-TAB,92,81,91,50,90,168,89,833,88,1005,93,221,94,442,95,6836,96,2667,97,5643,92.5
2026-04-17 09:43:41 PM,KXATPCHALLENGERMATCH-26APR17TABZIN-TAB,92,81,91,50,90,168,89,833,88,1405,93,221,94,442,95,6836,96,2667,97,5643,92.5
2026-04-17 09:43:41 PM,KXATPCHALLENGERMATCH-26APR17TABZIN-TAB,92,81,91,50,90,193,89,833,88,1405,93,221,94,442,95,6836,96,2667,97,5643,92.5
2026-04-17 09:43:41 PM,KXATPCHALLENGERMATCH-26APR17TABZIN-TAB,92,81,91,50,90,193,89,633,88,1405,93,221,94,442,95,6836,96,2667,97,5643,92.5
2026-04-17 09:43:41 PM,KXATPCHALLENGERMATCH-26APR17TABZIN-TAB,92,81,91,50,90,193,89,633,88,1405,93,221,94,242,95,6836,96,2667,97,5643,92.5
2026-04-17 09:43:41 PM,KXATPCHALLENGERMATCH-26APR17TABZIN-TAB,92,81,91,50,90,593,89,633,88,1405,93,221,94,242,95,6836,96,2667,97,5643,92.5
2026-04-17 09:43:41 PM,KXATPCHALLENGERMATCH-26APR17TABZIN-TAB,92,81,91,50,90,193,89,633,88,1405,93,221,94,242,95,6836,96,2667,97,5643,92.5
2026-04-17 09:43:41 PM,KXATPCHALLENGERMATCH-26APR17TABZIN-TAB,92,81,91,50,90,193,89,633,88,1405,93,213,94,242,95,6836,96,2667,97,5643,92.5
2026-04-17 09:43:41 PM,KXATPCHALLENGERMATCH-26APR17TABZIN-TAB,92,81,91,50,90,193,89,833,88,1405,93,213,94,242,95,6836,96,2667,97,5643,92.5
2026-04-17 09:43:41 PM,KXATPCHALLENGERMATCH-26APR17TABZIN-TAB,92,81,91,50,90,193,89,833,88,1405,93,213,94,442,95,6836,96,2667,97,5643,92.5
2026-04-17 09:43:41 PM,KXATPCHALLENGERMATCH-26APR17TABZIN-TAB,92,81,91,50,90,593,89,833,88,1405,93,213,94,442,95,6836,96,2667,97,5643,92.5
2026-04-17 09:43:41 PM,KXATPCHALLENGERMATCH-26APR17TABZIN-TAB,92,81,91,50,90,593,89,633,88,1405,93,213,94,442,95,6836,96,2667,97,5643,92.5
2026-04-17 09:43:41 PM,KXATPCHALLENGERMATCH-26APR17TABZIN-TAB,92,81,91,50,90,793,89,633,88,1405,93,213,94,442,95,6836,96,2667,97,5643,92.5
2026-04-17 09:43:41 PM,KXATPCHALLENGERMATCH-26APR17TABZIN-TAB,92,81,91,50,90,793,89,633,88,1005,93,213,94,442,95,6836,96,2667,97,5643,92.5
2026-04-17 09:43:41 PM,KXATPCHALLENGERMATCH-26APR17TABZIN-TAB,92,81,91,450,90,793,89,633,88,1005,93,213,94,442,95,6836,96,2667,97,5643,92.5
2026-04-17 09:43:42 PM,KXATPCHALLENGERMATCH-26APR17TABZIN-TAB,92,81,91,450,90,793,89,633,88,1005,93,221,94,442,95,6836,96,2667,97,5643,92.5
2026-04-17 09:43:42 PM,KXATPCHALLENGERMATCH-26APR17TABZIN-TAB,92,81,91,450,90,593,89,633,88,1005,93,221,94,442,95,6836,96,2667,97,5643,92.5
2026-04-17 09:43:42 PM,KXATPCHALLENGERMATCH-26APR17TABZIN-TAB,92,81,91,450,90,593,89,633,88,1005,93,221,94,242,95,6836,96,2667,97,5643,92.5
2026-04-17 09:43:42 PM,KXATPCHALLENGERMATCH-26APR17TABZIN-TAB,92,81,91,50,90,593,89,633,88,1005,93,221,94,242,95,6836,96,2667,97,5643,92.5
2026-04-17 09:43:42 PM,KXATPCHALLENGERMATCH-26APR17TABZIN-TAB,92,81,91,50,90,193,89,633,88,1005,93,221,94,242,95,6836,96,2667,97,5643,92.5
2026-04-17 09:43:42 PM,KXATPCHALLENGERMATCH-26APR17TABZIN-TAB,92,81,91,50,90,193,89,633,88,1005,93,213,94,242,95,6836,96,2667,97,5643,92.5
2026-04-17 09:43:42 PM,KXATPCHALLENGERMATCH-26APR17TABZIN-TAB,92,81,91,50,90,193,89,633,88,1405,93,213,94,242,95,6836,96,2667,97,5643,92.5
2026-04-17 09:43:42 PM,KXATPCHALLENGERMATCH-26APR17TABZIN-TAB,92,81,91,50,90,193,89,833,88,1405,93,213,94,242,95,6836,96,2667,97,5643,92.5
2026-04-17 09:43:42 PM,KXATPCHALLENGERMATCH-26APR17TABZIN-TAB,92,81,91,50,90,193,89,833,88,1405,93,213,94,442,95,6836,96,2667,97,5643,92.5
2026-04-17 09:43:42 PM,KXATPCHALLENGERMATCH-26APR17TABZIN-TAB,92,81,91,50,90,593,89,833,88,1405,93,213,94,442,95,6836,96,2667,97,5643,92.5
2026-04-17 09:43:42 PM,KXATPCHALLENGERMATCH-26APR17TABZIN-TAB,92,81,91,50,90,593,89,633,88,1405,93,213,94,442,95,6836,96,2667,97,5643,92.5
2026-04-17 09:43:42 PM,KXATPCHALLENGERMATCH-26APR17TABZIN-TAB,92,81,91,50,90,793,89,633,88,1405,93,213,94,442,95,6836,96,2667,97,5643,92.5
2026-04-17 09:43:42 PM,KXATPCHALLENGERMATCH-26APR17TABZIN-TAB,92,81,91,50,90,393,89,633,88,1405,93,213,94,442,95,6836,96,2667,97,5643,92.5
2026-04-17 09:43:42 PM,KXATPCHALLENGERMATCH-26APR17TABZIN-TAB,92,81,91,50,90,393,89,633,88,1005,93,213,94,442,95,6836,96,2667,97,5643,92.5
2026-04-17 09:43:42 PM,KXATPCHALLENGERMATCH-26APR17TABZIN-TAB,92,81,91,50,90,193,89,633,88,1005,93,213,94,442,95,6836,96,2667,97,5643,92.5
2026-04-17 09:43:42 PM,KXATPCHALLENGERMATCH-26APR17TABZIN-TAB,92,81,91,50,90,593,89,633,88,1005,93,213,94,442,95,6836,96,2667,97,5643,92.5
2026-04-17 09:43:42 PM,KXATPCHALLENGERMATCH-26APR17TABZIN-TAB,92,81,91,450,90,593,89,633,88,1005,93,213,94,442,95,6836,96,2667,97,5643,92.5
2026-04-17 09:43:42 PM,KXATPCHALLENGERMATCH-26APR17TABZIN-TAB,92,81,91,450,90,593,89,633,88,1005,93,213,94,242,95,6836,96,2667,97,5643,92.5
2026-04-17 09:43:42 PM,KXATPCHALLENGERMATCH-26APR17TABZIN-TAB,92,81,91,50,90,593,89,633,88,1005,93,213,94,242,95,6836,96,2667,97,5643,92.5
2026-04-17 09:43:42 PM,KXATPCHALLENGERMATCH-26APR17TABZIN-TAB,92,81,91,50,90,193,89,633,88,1005,93,213,94,242,95,6836,96,2667,97,5643,92.5
2026-04-17 09:43:42 PM,KXATPCHALLENGERMATCH-26APR17TABZIN-TAB,92,81,91,50,90,193,89,633,88,1405,93,213,94,242,95,6836,96,2667,97,5643,92.5
2026-04-17 09:43:42 PM,KXATPCHALLENGERMATCH-26APR17TABZIN-TAB,92,81,91,50,90,193,89,833,88,1405,93,213,94,242,95,6836,96,2667,97,5643,92.5
2026-04-17 09:43:42 PM,KXATPCHALLENGERMATCH-26APR17TABZIN-TAB,92,81,91,50,90,193,89,833,88,1405,93,213,94,442,95,6836,96,2667,97,5643,92.5
2026-04-17 09:43:42 PM,KXATPCHALLENGERMATCH-26APR17TABZIN-TAB,92,81,91,50,90,593,89,833,88,1405,93,213,94,442,95,6836,96,2667,97,5643,92.5
2026-04-17 09:43:42 PM,KXATPCHALLENGERMATCH-26APR17TABZIN-TAB,92,81,91,50,90,593,89,633,88,1405,93,213,94,442,95,6836,96,2667,97,5643,92.5
2026-04-17 09:43:42 PM,KXATPCHALLENGERMATCH-26APR17TABZIN-TAB,92,81,91,50,90,793,89,633,88,1405,93,213,94,442,95,6836,96,2667,97,5643,92.5
2026-04-17 09:43:42 PM,KXATPCHALLENGERMATCH-26APR17TABZIN-TAB,92,81,91,50,90,393,89,633,88,1405,93,213,94,442,95,6836,96,2667,97,5643,92.5
2026-04-17 09:43:42 PM,KXATPCHALLENGERMATCH-26APR17TABZIN-TAB,92,81,91,50,90,393,89,633,88,1005,93,213,94,442,95,6836,96,2667,97,5643,92.5
2026-04-17 09:43:42 PM,KXATPCHALLENGERMATCH-26APR17TABZIN-TAB,92,81,91,450,90,393,89,633,88,1005,93,213,94,442,95,6836,96,2667,97,5643,92.5
2026-04-17 09:43:42 PM,KXATPCHALLENGERMATCH-26APR17TABZIN-TAB,92,81,91,450,90,793,89,633,88,1005,93,213,94,442,95,6836,96,2667,97,5643,92.5
2026-04-17 09:43:42 PM,KXATPCHALLENGERMATCH-26APR17TABZIN-TAB,92,81,91,450,90,793,89,633,88,1005,93,221,94,442,95,6836,96,2667,97,5643,92.5
2026-04-17 09:43:42 PM,KXATPCHALLENGERMATCH-26APR17TABZIN-TAB,92,81,91,450,90,593,89,633,88,1005,93,221,94,442,95,6836,96,2667,97,5643,92.5
2026-04-17 09:43:42 PM,KXATPCHALLENGERMATCH-26APR17TABZIN-TAB,92,81,91,450,90,593,89,833,88,1005,93,221,94,442,95,6836,96,2667,97,5643,92.5
2026-04-17 09:43:42 PM,KXATPCHALLENGERMATCH-26APR17TABZIN-TAB,92,81,91,50,90,593,89,833,88,1005,93,221,94,442,95,6836,96,2667,97,5643,92.5
2026-04-17 09:43:42 PM,KXATPCHALLENGERMATCH-26APR17TABZIN-TAB,92,81,91,50,90,193,89,833,88,1005,93,221,94,442,95,6836,96,2667,97,5643,92.5
2026-04-17 09:43:42 PM,KXATPCHALLENGERMATCH-26APR17TABZIN-TAB,92,81,91,50,90,193,89,833,88,1405,93,221,94,442,95,6836,96,2667,97,5643,92.5
2026-04-17 09:43:42 PM,KXATPCHALLENGERMATCH-26APR17TABZIN-TAB,92,81,91,50,90,593,89,833,88,1405,93,221,94,442,95,6836,96,2667,97,5643,92.5
2026-04-17 09:43:43 PM,KXATPCHALLENGERMATCH-26APR17TABZIN-TAB,92,81,91,50,90,593,89,633,88,1405,93,221,94,442,95,6836,96,2667,97,5643,92.5
2026-04-17 09:43:43 PM,KXATPCHALLENGERMATCH-26APR17TABZIN-TAB,92,81,91,50,90,793,89,633,88,1405,93,221,94,442,95,6836,96,2667,97,5643,92.5
2026-04-17 09:43:43 PM,KXATPCHALLENGERMATCH-26APR17TABZIN-TAB,92,81,91,50,90,793,89,633,88,1005,93,221,94,442,95,6836,96,2667,97,5643,92.5
2026-04-17 09:43:43 PM,KXATPCHALLENGERMATCH-26APR17TABZIN-TAB,92,81,91,50,90,593,89,633,88,1005,93,221,94,442,95,6836,96,2667,97,5643,92.5
2026-04-17 09:43:43 PM,KXATPCHALLENGERMATCH-26APR17TABZIN-TAB,92,81,91,450,90,593,89,633,88,1005,93,221,94,442,95,6836,96,2667,97,5643,92.5
2026-04-17 09:43:43 PM,KXATPCHALLENGERMATCH-26APR17TABZIN-TAB,92,81,91,450,90,593,89,633,88,1005,93,221,94,242,95,6836,96,2667,97,5643,92.5
2026-04-17 09:43:43 PM,KXATPCHALLENGERMATCH-26APR17TABZIN-TAB,92,81,91,450,90,193,89,633,88,1005,93,221,94,242,95,6836,96,2667,97,5643,92.5
2026-04-17 09:43:43 PM,KXATPCHALLENGERMATCH-26APR17TABZIN-TAB,92,81,91,50,90,193,89,633,88,1005,93,221,94,242,95,6836,96,2667,97,5643,92.5
2026-04-17 09:43:43 PM,KXATPCHALLENGERMATCH-26APR17TABZIN-TAB,92,81,91,50,90,193,89,633,88,1405,93,221,94,242,95,6836,96,2667,97,5643,92.5
2026-04-17 09:43:43 PM,KXATPCHALLENGERMATCH-26APR17TABZIN-TAB,92,81,91,50,90,193,89,633,88,1405,93,213,94,242,95,6836,96,2667,97,5643,92.5
2026-04-17 09:43:43 PM,KXATPCHALLENGERMATCH-26APR17TABZIN-TAB,92,81,91,50,90,193,89,833,88,1405,93,213,94,242,95,6836,96,2667,97,5643,92.5
2026-04-17 09:43:43 PM,KXATPCHALLENGERMATCH-26APR17TABZIN-TAB,92,81,91,50,90,193,89,833,88,1405,93,213,94,442,95,6836,96,2667,97,5643,92.5
2026-04-17 09:43:43 PM,KXATPCHALLENGERMATCH-26APR17TABZIN-TAB,92,81,91,50,90,593,89,833,88,1405,93,213,94,442,95,6836,96,2667,97,5643,92.5
2026-04-17 09:43:43 PM,KXATPCHALLENGERMATCH-26APR17TABZIN-TAB,92,81,91,50,90,593,89,633,88,1405,93,213,94,442,95,6836,96,2667,97,5643,92.5
2026-04-17 09:43:43 PM,KXATPCHALLENGERMATCH-26APR17TABZIN-TAB,92,81,91,50,90,793,89,633,88,1405,93,213,94,442,95,6836,96,2667,97,5643,92.5
2026-04-17 09:43:43 PM,KXATPCHALLENGERMATCH-26APR17TABZIN-TAB,92,81,91,50,90,393,89,633,88,1405,93,213,94,442,95,6836,96,2667,97,5643,92.5
2026-04-17 09:43:43 PM,KXATPCHALLENGERMATCH-26APR17TABZIN-TAB,92,81,91,50,90,393,89,633,88,1005,93,213,94,442,95,6836,96,2667,97,5643,92.5
2026-04-17 09:43:43 PM,KXATPCHALLENGERMATCH-26APR17TABZIN-TAB,92,81,91,50,90,193,89,633,88,1005,93,213,94,442,95,6836,96,2667,97,5643,92.5
2026-04-17 09:43:43 PM,KXATPCHALLENGERMATCH-26APR17TABZIN-TAB,92,81,91,450,90,193,89,633,88,1005,93,213,94,442,95,6836,96,2667,97,5643,92.5
2026-04-17 09:43:43 PM,KXATPCHALLENGERMATCH-26APR17TABZIN-TAB,92,81,91,450,90,593,89,633,88,1005,93,213,94,442,95,6836,96,2667,97,5643,92.5
2026-04-17 09:43:43 PM,KXATPCHALLENGERMATCH-26APR17TABZIN-TAB,92,81,91,450,90,593,89,833,88,1005,93,213,94,442,95,6836,96,2667,97,5643,92.5
2026-04-17 09:43:43 PM,KXATPCHALLENGERMATCH-26APR17TABZIN-TAB,92,81,91,450,90,193,89,833,88,1005,93,213,94,442,95,6836,96,2667,97,5643,92.5
2026-04-17 09:43:43 PM,KXATPCHALLENGERMATCH-26APR17TABZIN-TAB,92,81,91,50,90,193,89,833,88,1005,93,213,94,442,95,6836,96,2667,97,5643,92.5
2026-04-17 09:43:43 PM,KXATPCHALLENGERMATCH-26APR17TABZIN-TAB,92,81,91,50,90,593,89,833,88,1005,93,213,94,442,95,6836,96,2667,97,5643,92.5
2026-04-17 09:43:43 PM,KXATPCHALLENGERMATCH-26APR17TABZIN-TAB,92,81,91,50,90,593,89,833,88,1405,93,213,94,442,95,6836,96,2667,97,5643,92.5
2026-04-17 09:43:43 PM,KXATPCHALLENGERMATCH-26APR17TABZIN-TAB,92,81,91,50,90,593,89,833,88,1405,93,221,94,442,95,6836,96,2667,97,5643,92.5
2026-04-17 09:43:43 PM,KXATPCHALLENGERMATCH-26APR17TABZIN-TAB,92,81,91,50,90,593,89,633,88,1405,93,221,94,442,95,6836,96,2667,97,5643,92.5
2026-04-17 09:43:43 PM,KXATPCHALLENGERMATCH-26APR17TABZIN-TAB,92,81,91,50,90,793,89,633,88,1405,93,221,94,442,95,6836,96,2667,97,5643,92.5
2026-04-17 09:43:43 PM,KXATPCHALLENGERMATCH-26APR17TABZIN-TAB,92,81,91,50,90,393,89,633,88,1405,93,221,94,442,95,6836,96,2667,97,5643,92.5
2026-04-17 09:43:43 PM,KXATPCHALLENGERMATCH-26APR17TABZIN-TAB,92,81,91,50,90,393,89,633,88,1005,93,221,94,442,95,6836,96,2667,97,5643,92.5
2026-04-17 09:43:44 PM,KXATPCHALLENGERMATCH-26APR17TABZIN-TAB,92,81,91,450,90,393,89,633,88,1005,93,221,94,442,95,6836,96,2667,97,5643,92.5
2026-04-17 09:43:44 PM,KXATPCHALLENGERMATCH-26APR17TABZIN-TAB,92,81,91,450,90,793,89,633,88,1005,93,221,94,442,95,6836,96,2667,97,5643,92.5
2026-04-17 09:43:44 PM,KXATPCHALLENGERMATCH-26APR17TABZIN-TAB,92,81,91,450,90,593,89,633,88,1005,93,221,94,442,95,6836,96,2667,97,5643,92.5
2026-04-17 09:43:44 PM,KXATPCHALLENGERMATCH-26APR17TABZIN-TAB,92,81,91,450,90,593,89,833,88,1005,93,221,94,442,95,6836,96,2667,97,5643,92.5
2026-04-17 09:43:44 PM,KXATPCHALLENGERMATCH-26APR17TABZIN-TAB,92,81,91,50,90,593,89,833,88,1005,93,221,94,442,95,6836,96,2667,97,5643,92.5
2026-04-17 09:43:44 PM,KXATPCHALLENGERMATCH-26APR17TABZIN-TAB,92,81,91,50,90,193,89,833,88,1005,93,221,94,442,95,6836,96,2667,97,5643,92.5
2026-04-17 09:43:44 PM,KXATPCHALLENGERMATCH-26APR17TABZIN-TAB,92,81,91,50,90,193,89,833,88,1405,93,221,94,442,95,6836,96,2667,97,5643,92.5
2026-04-17 09:43:44 PM,KXATPCHALLENGERMATCH-26APR17TABZIN-TAB,92,81,91,50,90,593,89,833,88,1405,93,221,94,442,95,6836,96,2667,97,5643,92.5
2026-04-17 09:43:44 PM,KXATPCHALLENGERMATCH-26APR17TABZIN-TAB,92,81,91,50,90,593,89,633,88,1405,93,221,94,442,95,6836,96,2667,97,5643,92.5
2026-04-17 09:43:44 PM,KXATPCHALLENGERMATCH-26APR17TABZIN-TAB,92,81,91,50,90,593,89,633,88,1405,93,221,94,242,95,6836,96,2667,97,5643,92.5
2026-04-17 09:43:44 PM,KXATPCHALLENGERMATCH-26APR17TABZIN-TAB,92,81,91,50,90,593,89,633,88,1405,93,213,94,242,95,6836,96,2667,97,5643,92.5
2026-04-17 09:43:44 PM,KXATPCHALLENGERMATCH-26APR17TABZIN-TAB,92,81,91,50,90,193,89,633,88,1405,93,213,94,242,95,6836,96,2667,97,5643,92.5
2026-04-17 09:43:44 PM,KXATPCHALLENGERMATCH-26APR17TABZIN-TAB,92,81,91,50,90,193,89,833,88,1405,93,213,94,242,95,6836,96,2667,97,5643,92.5
2026-04-17 09:43:44 PM,KXATPCHALLENGERMATCH-26APR17TABZIN-TAB,92,81,91,50,90,193,89,833,88,1405,93,213,94,442,95,6836,96,2667,97,5643,92.5
2026-04-17 09:43:44 PM,KXATPCHALLENGERMATCH-26APR17TABZIN-TAB,92,81,91,50,90,593,89,833,88,1405,93,213,94,442,95,6836,96,2667,97,5643,92.5
2026-04-17 09:43:44 PM,KXATPCHALLENGERMATCH-26APR17TABZIN-TAB,92,81,91,50,90,593,89,833,88,1405,93,253,94,442,95,6836,96,2667,97,5643,92.5
2026-04-17 09:43:44 PM,KXATPCHALLENGERMATCH-26APR17TABZIN-TAB,92,81,91,50,90,593,89,633,88,1405,93,253,94,442,95,6836,96,2667,97,5643,92.5
2026-04-17 09:43:44 PM,KXATPCHALLENGERMATCH-26APR17TABZIN-TAB,92,81,91,50,90,793,89,633,88,1405,93,253,94,442,95,6836,96,2667,97,5643,92.5
2026-04-17 09:43:44 PM,KXATPCHALLENGERMATCH-26APR17TABZIN-TAB,92,81,91,50,90,393,89,633,88,1405,93,253,94,442,95,6836,96,2667,97,5643,92.5
2026-04-17 09:43:44 PM,KXATPCHALLENGERMATCH-26APR17TABZIN-TAB,92,81,91,50,90,193,89,633,88,1405,93,253,94,442,95,6836,96,2667,97,5643,92.5
2026-04-17 09:43:44 PM,KXATPCHALLENGERMATCH-26APR17TABZIN-TAB,92,81,91,50,90,193,89,833,88,1405,93,253,94,442,95,6836,96,2667,97,5643,92.5
2026-04-17 09:43:44 PM,KXATPCHALLENGERMATCH-26APR17TABZIN-TAB,92,81,91,50,90,193,89,833,88,1005,93,253,94,442,95,6836,96,2667,97,5643,92.5
2026-04-17 09:43:44 PM,KXATPCHALLENGERMATCH-26APR17TABZIN-TAB,92,81,91,50,90,193,89,833,88,1405,93,253,94,442,95,6836,96,2667,97,5643,92.5
2026-04-17 09:43:44 PM,KXATPCHALLENGERMATCH-26APR17TABZIN-TAB,92,81,91,50,90,193,89,833,88,1405,93,261,94,442,95,6836,96,2667,97,5643,92.5
2026-04-17 09:43:44 PM,KXATPCHALLENGERMATCH-26APR17TABZIN-TAB,92,81,91,50,90,193,89,633,88,1405,93,261,94,442,95,6836,96,2667,97,5643,92.5
2026-04-17 09:43:44 PM,KXATPCHALLENGERMATCH-26APR17TABZIN-TAB,92,81,91,50,90,393,89,633,88,1405,93,261,94,442,95,6836,96,2667,97,5643,92.5
2026-04-17 09:43:44 PM,KXATPCHALLENGERMATCH-26APR17TABZIN-TAB,92,81,91,50,90,793,89,633,88,1405,93,261,94,442,95,6836,96,2667,97,5643,92.5
2026-04-17 09:43:44 PM,KXATPCHALLENGERMATCH-26APR17TABZIN-TAB,92,81,91,50,90,393,89,633,88,1405,93,261,94,442,95,6836,96,2667,97,5643,92.5
2026-04-17 09:43:44 PM,KXATPCHALLENGERMATCH-26APR17TABZIN-TAB,92,81,91,50,90,393,89,633,88,1005,93,261,94,442,95,6836,96,2667,97,5643,92.5
2026-04-17 09:43:44 PM,KXATPCHALLENGERMATCH-26APR17TABZIN-TAB,92,81,91,50,90,793,89,633,88,1005,93,261,94,442,95,6836,96,2667,97,5643,92.5
2026-04-17 09:43:44 PM,KXATPCHALLENGERMATCH-26APR17TABZIN-TAB,92,81,91,450,90,793,89,633,88,1005,93,261,94,442,95,6836,96,2667,97,5643,92.5
2026-04-17 09:43:44 PM,KXATPCHALLENGERMATCH-26APR17TABZIN-TAB,92,81,91,450,90,593,89,633,88,1005,93,261,94,442,95,6836,96,2667,97,5643,92.5
2026-04-17 09:43:45 PM,KXATPCHALLENGERMATCH-26APR17TABZIN-TAB,92,81,91,450,90,593,89,833,88,1005,93,261,94,442,95,6836,96,2667,97,5643,92.5
2026-04-17 09:43:45 PM,KXATPCHALLENGERMATCH-26APR17TABZIN-TAB,92,81,91,50,90,593,89,833,88,1005,93,261,94,442,95,6836,96,2667,97,5643,92.5
2026-04-17 09:43:45 PM,KXATPCHALLENGERMATCH-26APR17TABZIN-TAB,92,81,91,50,90,193,89,833,88,1005,93,261,94,442,95,6836,96,2667,97,5643,92.5
2026-04-17 09:43:45 PM,KXATPCHALLENGERMATCH-26APR17TABZIN-TAB,92,81,91,50,90,593,89,833,88,1005,93,261,94,442,95,6836,96,2667,97,5643,92.5
2026-04-17 09:43:45 PM,KXATPCHALLENGERMATCH-26APR17TABZIN-TAB,92,81,91,50,90,593,89,833,88,1405,93,261,94,442,95,6836,96,2667,97,5643,92.5
2026-04-17 09:43:45 PM,KXATPCHALLENGERMATCH-26APR17TABZIN-TAB,92,81,91,50,90,593,89,633,88,1405,93,261,94,442,95,6836,96,2667,97,5643,92.5
2026-04-17 09:43:45 PM,KXATPCHALLENGERMATCH-26APR17TABZIN-TAB,92,81,91,50,90,793,89,633,88,1405,93,261,94,442,95,6836,96,2667,97,5643,92.5
2026-04-17 09:43:45 PM,KXATPCHALLENGERMATCH-26APR17TABZIN-TAB,92,81,91,50,90,393,89,633,88,1405,93,261,94,442,95,6836,96,2667,97,5643,92.5
2026-04-17 09:43:45 PM,KXATPCHALLENGERMATCH-26APR17TABZIN-TAB,92,81,91,50,90,393,89,633,88,1005,93,261,94,442,95,6836,96,2667,97,5643,92.5
2026-04-17 09:43:45 PM,KXATPCHALLENGERMATCH-26APR17TABZIN-TAB,92,81,91,50,90,193,89,633,88,1005,93,261,94,442,95,6836,96,2667,97,5643,92.5
2026-04-17 09:43:45 PM,KXATPCHALLENGERMATCH-26APR17TABZIN-TAB,92,81,91,50,90,193,89,833,88,1005,93,261,94,442,95,6836,96,2667,97,5643,92.5
2026-04-17 09:43:45 PM,KXATPCHALLENGERMATCH-26APR17TABZIN-TAB,92,81,91,450,90,193,89,833,88,1005,93,261,94,442,95,6836,96,2667,97,5643,92.5
2026-04-17 09:43:45 PM,KXATPCHALLENGERMATCH-26APR17TABZIN-TAB,92,81,91,450,90,593,89,833,88,1005,93,261,94,442,95,6836,96,2667,97,5643,92.5
2026-04-17 09:43:45 PM,KXATPCHALLENGERMATCH-26APR17TABZIN-TAB,92,81,91,50,90,593,89,833,88,1005,93,261,94,442,95,6836,96,2667,97,5643,92.5
2026-04-17 09:43:45 PM,KXATPCHALLENGERMATCH-26APR17TABZIN-TAB,92,81,91,50,90,593,89,833,88,1405,93,261,94,442,95,6836,96,2667,97,5643,92.5
2026-04-17 09:43:45 PM,KXATPCHALLENGERMATCH-26APR17TABZIN-TAB,92,81,91,50,90,593,89,633,88,1405,93,261,94,442,95,6836,96,2667,97,5643,92.5
2026-04-17 09:43:45 PM,KXATPCHALLENGERMATCH-26APR17TABZIN-TAB,92,81,91,50,90,793,89,633,88,1405,93,261,94,442,95,6836,96,2667,97,5643,92.5
2026-04-17 09:43:45 PM,KXATPCHALLENGERMATCH-26APR17TABZIN-TAB,92,81,91,50,90,393,89,633,88,1405,93,261,94,442,95,6836,96,2667,97,5643,92.5
2026-04-17 09:43:45 PM,KXATPCHALLENGERMATCH-26APR17TABZIN-TAB,92,81,91,50,90,393,89,633,88,1005,93,261,94,442,95,6836,96,2667,97,5643,92.5
2026-04-17 09:43:45 PM,KXATPCHALLENGERMATCH-26APR17TABZIN-TAB,92,81,91,50,90,193,89,633,88,1005,93,261,94,442,95,6836,96,2667,97,5643,92.5
2026-04-17 09:43:45 PM,KXATPCHALLENGERMATCH-26APR17TABZIN-TAB,92,81,91,50,90,193,89,833,88,1005,93,261,94,442,95,6836,96,2667,97,5643,92.5
2026-04-17 09:43:45 PM,KXATPCHALLENGERMATCH-26APR17TABZIN-TAB,92,81,91,50,90,193,89,833,88,1405,93,261,94,442,95,6836,96,2667,97,5643,92.5
2026-04-17 09:43:45 PM,KXATPCHALLENGERMATCH-26APR17TABZIN-TAB,92,81,91,50,90,193,89,633,88,1405,93,261,94,442,95,6836,96,2667,97,5643,92.5
2026-04-17 09:43:45 PM,KXATPCHALLENGERMATCH-26APR17TABZIN-TAB,92,81,91,50,90,393,89,633,88,1405,93,261,94,442,95,6836,96,2667,97,5643,92.5
2026-04-17 09:43:45 PM,KXATPCHALLENGERMATCH-26APR17TABZIN-TAB,92,81,91,50,90,793,89,633,88,1405,93,261,94,442,95,6836,96,2667,97,5643,92.5
2026-04-17 09:43:45 PM,KXATPCHALLENGERMATCH-26APR17TABZIN-TAB,92,81,91,50,90,393,89,633,88,1405,93,261,94,442,95,6836,96,2667,97,5643,92.5
2026-04-17 09:43:45 PM,KXATPCHALLENGERMATCH-26APR17TABZIN-TAB,92,71,91,50,90,393,89,633,88,1405,93,261,94,442,95,6836,96,2667,97,5643,92.5
2026-04-17 09:43:45 PM,KXATPCHALLENGERMATCH-26APR17TABZIN-TAB,92,71,91,50,90,193,89,633,88,1405,93,261,94,442,95,6836,96,2667,97,5643,92.5
2026-04-17 09:43:45 PM,KXATPCHALLENGERMATCH-26APR17TABZIN-TAB,92,71,91,50,90,193,89,633,88,1005,93,261,94,442,95,6836,96,2667,97,5643,92.5
2026-04-17 09:43:45 PM,KXATPCHALLENGERMATCH-26APR17TABZIN-TAB,92,41,91,50,90,193,89,633,88,1005,93,261,94,442,95,6836,96,2667,97,5643,92.5
2026-04-17 09:43:45 PM,KXATPCHALLENGERMATCH-26APR17TABZIN-TAB,92,41,91,50,90,233,89,633,88,1005,93,261,94,442,95,6836,96,2667,97,5643,92.5
2026-04-17 09:43:45 PM,KXATPCHALLENGERMATCH-26APR17TABZIN-TAB,92,41,91,50,90,233,89,833,88,1005,93,261,94,442,95,6836,96,2667,97,5643,92.5
2026-04-17 09:43:45 PM,KXATPCHALLENGERMATCH-26APR17TABZIN-TAB,92,41,91,50,90,233,89,833,88,1005,93,240,94,442,95,6836,96,2667,97,5643,92.5
2026-04-17 09:43:45 PM,KXATPCHALLENGERMATCH-26APR17TABZIN-TAB,92,41,91,50,90,233,89,833,88,1005,93,232,94,442,95,6836,96,2667,97,5643,92.5
2026-04-17 09:43:45 PM,KXATPCHALLENGERMATCH-26APR17TABZIN-TAB,92,41,91,50,90,233,89,833,88,1405,93,232,94,442,95,6836,96,2667,97,5643,92.5
2026-04-17 09:43:46 PM,KXATPCHALLENGERMATCH-26APR17TABZIN-TAB,92,41,91,50,90,633,89,833,88,1405,93,232,94,442,95,6836,96,2667,97,5643,92.5
2026-04-17 09:43:46 PM,KXATPCHALLENGERMATCH-26APR17TABZIN-TAB,92,41,91,50,90,633,89,633,88,1405,93,232,94,442,95,6836,96,2667,97,5643,92.5
2026-04-17 09:43:46 PM,KXATPCHALLENGERMATCH-26APR17TABZIN-TAB,92,41,91,50,90,833,89,633,88,1405,93,232,94,442,95,6836,96,2667,97,5643,92.5
2026-04-17 09:43:46 PM,KXATPCHALLENGERMATCH-26APR17TABZIN-TAB,92,41,91,50,90,433,89,633,88,1405,93,232,94,442,95,6836,96,2667,97,5643,92.5
2026-04-17 09:43:46 PM,KXATPCHALLENGERMATCH-26APR17TABZIN-TAB,92,41,91,50,90,433,89,633,88,1005,93,232,94,442,95,6836,96,2667,97,5643,92.5
2026-04-17 09:43:46 PM,KXATPCHALLENGERMATCH-26APR17TABZIN-TAB,92,41,91,450,90,433,89,633,88,1005,93,232,94,442,95,6836,96,2667,97,5643,92.5
2026-04-17 09:43:46 PM,KXATPCHALLENGERMATCH-26APR17TABZIN-TAB,92,41,91,450,90,833,89,633,88,1005,93,232,94,442,95,6836,96,2667,97,5643,92.5
2026-04-17 09:43:46 PM,KXATPCHALLENGERMATCH-26APR17TABZIN-TAB,92,41,91,450,90,633,89,633,88,1005,93,232,94,442,95,6836,96,2667,97,5643,92.5
2026-04-17 09:43:46 PM,KXATPCHALLENGERMATCH-26APR17TABZIN-TAB,92,41,91,450,90,633,89,833,88,1005,93,232,94,442,95,6836,96,2667,97,5643,92.5
2026-04-17 09:43:46 PM,KXATPCHALLENGERMATCH-26APR17TABZIN-TAB,92,41,91,50,90,633,89,833,88,1005,93,232,94,442,95,6836,96,2667,97,5643,92.5
2026-04-17 09:43:46 PM,KXATPCHALLENGERMATCH-26APR17TABZIN-TAB,92,41,91,50,90,233,89,833,88,1005,93,232,94,442,95,6836,96,2667,97,5643,92.5
2026-04-17 09:43:46 PM,KXATPCHALLENGERMATCH-26APR17TABZIN-TAB,92,41,91,50,90,233,89,833,88,1405,93,232,94,442,95,6836,96,2667,97,5643,92.5
2026-04-17 09:43:46 PM,KXATPCHALLENGERMATCH-26APR17TABZIN-TAB,92,41,91,50,90,633,89,833,88,1405,93,232,94,442,95,6836,96,2667,97,5643,92.5
2026-04-17 09:43:46 PM,KXATPCHALLENGERMATCH-26APR17TABZIN-TAB,92,41,91,50,90,633,89,633,88,1405,93,232,94,442,95,6836,96,2667,97,5643,92.5
2026-04-17 09:43:46 PM,KXATPCHALLENGERMATCH-26APR17TABZIN-TAB,92,41,91,50,90,633,89,633,88,1405,93,232,94,242,95,6836,96,2667,97,5643,92.5
2026-04-17 09:43:46 PM,KXATPCHALLENGERMATCH-26APR17TABZIN-TAB,92,41,91,50,90,233,89,633,88,1405,93,232,94,242,95,6836,96,2667,97,5643,92.5
2026-04-17 09:43:46 PM,KXATPCHALLENGERMATCH-26APR17TABZIN-TAB,92,41,91,50,90,233,89,833,88,1405,93,232,94,242,95,6836,96,2667,97,5643,92.5
2026-04-17 09:43:46 PM,KXATPCHALLENGERMATCH-26APR17TABZIN-TAB,92,41,91,50,90,233,89,833,88,1405,93,232,94,442,95,6836,96,2667,97,5643,92.5
2026-04-17 09:43:46 PM,KXATPCHALLENGERMATCH-26APR17TABZIN-TAB,92,41,91,50,90,633,89,833,88,1405,93,232,94,442,95,6836,96,2667,97,5643,92.5
2026-04-17 09:43:46 PM,KXATPCHALLENGERMATCH-26APR17TABZIN-TAB,92,41,91,50,90,633,89,633,88,1405,93,232,94,442,95,6836,96,2667,97,5643,92.5
2026-04-17 09:43:46 PM,KXATPCHALLENGERMATCH-26APR17TABZIN-TAB,92,41,91,50,90,833,89,633,88,1405,93,232,94,442,95,6836,96,2667,97,5643,92.5
2026-04-17 09:43:46 PM,KXATPCHALLENGERMATCH-26APR17TABZIN-TAB,92,41,91,50,90,433,89,633,88,1405,93,232,94,442,95,6836,96,2667,97,5643,92.5
2026-04-17 09:43:46 PM,KXATPCHALLENGERMATCH-26APR17TABZIN-TAB,92,41,91,50,90,433,89,633,88,1005,93,232,94,442,95,6836,96,2667,97,5643,92.5
2026-04-17 09:43:46 PM,KXATPCHALLENGERMATCH-26APR17TABZIN-TAB,92,41,91,450,90,433,89,633,88,1005,93,232,94,442,95,6836,96,2667,97,5643,92.5
2026-04-17 09:43:46 PM,KXATPCHALLENGERMATCH-26APR17TABZIN-TAB,92,41,91,450,90,833,89,633,88,1005,93,232,94,442,95,6836,96,2667,97,5643,92.5
2026-04-17 09:43:46 PM,KXATPCHALLENGERMATCH-26APR17TABZIN-TAB,92,41,91,450,90,633,89,633,88,1005,93,232,94,442,95,6836,96,2667,97,5643,92.5
2026-04-17 09:43:46 PM,KXATPCHALLENGERMATCH-26APR17TABZIN-TAB,92,41,91,450,90,633,89,833,88,1005,93,232,94,442,95,6836,96,2667,97,5643,92.5
2026-04-17 09:43:46 PM,KXATPCHALLENGERMATCH-26APR17TABZIN-TAB,92,41,91,50,90,633,89,833,88,1005,93,232,94,442,95,6836,96,2667,97,5643,92.5
2026-04-17 09:43:46 PM,KXATPCHALLENGERMATCH-26APR17TABZIN-TAB,92,41,91,50,90,233,89,833,88,1005,93,232,94,442,95,6836,96,2667,97,5643,92.5
2026-04-17 09:43:46 PM,KXATPCHALLENGERMATCH-26APR17TABZIN-TAB,92,41,91,50,90,633,89,833,88,1005,93,232,94,442,95,6836,96,2667,97,5643,92.5
2026-04-17 09:43:46 PM,KXATPCHALLENGERMATCH-26APR17TABZIN-TAB,92,41,91,50,90,633,89,833,88,1405,93,232,94,442,95,6836,96,2667,97,5643,92.5
2026-04-17 09:43:47 PM,KXATPCHALLENGERMATCH-26APR17TABZIN-TAB,92,41,91,50,90,633,89,633,88,1405,93,232,94,442,95,6836,96,2667,97,5643,92.5
2026-04-17 09:43:47 PM,KXATPCHALLENGERMATCH-26APR17TABZIN-TAB,92,41,91,50,90,833,89,633,88,1405,93,232,94,442,95,6836,96,2667,97,5643,92.5
2026-04-17 09:43:47 PM,KXATPCHALLENGERMATCH-26APR17TABZIN-TAB,92,41,91,50,90,433,89,633,88,1405,93,232,94,442,95,6836,96,2667,97,5643,92.5
2026-04-17 09:43:47 PM,KXATPCHALLENGERMATCH-26APR17TABZIN-TAB,92,41,91,50,90,433,89,633,88,1005,93,232,94,442,95,6836,96,2667,97,5643,92.5
2026-04-17 09:43:47 PM,KXATPCHALLENGERMATCH-26APR17TABZIN-TAB,92,41,91,50,90,833,89,633,88,1005,93,232,94,442,95,6836,96,2667,97,5643,92.5
2026-04-17 09:43:47 PM,KXATPCHALLENGERMATCH-26APR17TABZIN-TAB,92,41,91,450,90,833,89,633,88,1005,93,232,94,442,95,6836,96,2667,97,5643,92.5
2026-04-17 09:43:47 PM,KXATPCHALLENGERMATCH-26APR17TABZIN-TAB,92,41,91,450,90,633,89,633,88,1005,93,232,94,442,95,6836,96,2667,97,5643,92.5
2026-04-17 09:43:47 PM,KXATPCHALLENGERMATCH-26APR17TABZIN-TAB,92,41,91,450,90,633,89,833,88,1005,93,232,94,442,95,6836,96,2667,97,5643,92.5
2026-04-17 09:43:47 PM,KXATPCHALLENGERMATCH-26APR17TABZIN-TAB,92,41,91,450,90,233,89,833,88,1005,93,232,94,442,95,6836,96,2667,97,5643,92.5
2026-04-17 09:43:47 PM,KXATPCHALLENGERMATCH-26APR17TABZIN-TAB,92,41,91,50,90,233,89,833,88,1005,93,232,94,442,95,6836,96,2667,97,5643,92.5
2026-04-17 09:43:47 PM,KXATPCHALLENGERMATCH-26APR17TABZIN-TAB,92,41,91,50,90,233,89,833,88,1405,93,232,94,442,95,6836,96,2667,97,5643,92.5
2026-04-17 09:43:47 PM,KXATPCHALLENGERMATCH-26APR17TABZIN-TAB,92,41,91,50,90,633,89,833,88,1405,93,232,94,442,95,6836,96,2667,97,5643,92.5
2026-04-17 09:43:47 PM,KXATPCHALLENGERMATCH-26APR17TABZIN-TAB,92,41,91,50,90,633,89,633,88,1405,93,232,94,442,95,6836,96,2667,97,5643,92.5
2026-04-17 09:43:47 PM,KXATPCHALLENGERMATCH-26APR17TABZIN-TAB,92,41,91,50,90,633,89,633,88,1405,93,232,94,242,95,6836,96,2667,97,5643,92.5
2026-04-17 09:43:47 PM,KXATPCHALLENGERMATCH-26APR17TABZIN-TAB,92,41,91,50,90,233,89,633,88,1405,93,232,94,242,95,6836,96,2667,97,5643,92.5
2026-04-17 09:43:47 PM,KXATPCHALLENGERMATCH-26APR17TABZIN-TAB,92,41,91,50,90,433,89,633,88,1405,93,232,94,242,95,6836,96,2667,97,5643,92.5
2026-04-17 09:43:47 PM,KXATPCHALLENGERMATCH-26APR17TABZIN-TAB,92,41,91,50,90,433,89,633,88,1405,93,232,94,442,95,6836,96,2667,97,5643,92.5
2026-04-17 09:43:47 PM,KXATPCHALLENGERMATCH-26APR17TABZIN-TAB,92,41,91,50,90,433,89,633,88,1005,93,232,94,442,95,6836,96,2667,97,5643,92.5
2026-04-17 09:43:47 PM,KXATPCHALLENGERMATCH-26APR17TABZIN-TAB,92,41,91,50,90,233,89,633,88,1005,93,232,94,442,95,6836,96,2667,97,5643,92.5
2026-04-17 09:43:47 PM,KXATPCHALLENGERMATCH-26APR17TABZIN-TAB,92,41,91,50,90,633,89,633,88,1005,93,232,94,442,95,6836,96,2667,97,5643,92.5
2026-04-17 09:43:47 PM,KXATPCHALLENGERMATCH-26APR17TABZIN-TAB,92,41,91,450,90,633,89,633,88,1005,93,232,94,442,95,6836,96,2667,97,5643,92.5
2026-04-17 09:43:47 PM,KXATPCHALLENGERMATCH-26APR17TABZIN-TAB,92,41,91,450,90,633,89,833,88,1005,93,232,94,442,95,6836,96,2667,97,5643,92.5
2026-04-17 09:43:47 PM,KXATPCHALLENGERMATCH-26APR17TABZIN-TAB,92,41,91,50,90,633,89,833,88,1005,93,232,94,442,95,6836,96,2667,97,5643,92.5
2026-04-17 09:43:47 PM,KXATPCHALLENGERMATCH-26APR17TABZIN-TAB,92,41,91,50,90,633,89,833,88,1405,93,232,94,442,95,6836,96,2667,97,5643,92.5
2026-04-17 09:43:47 PM,KXATPCHALLENGERMATCH-26APR17TABZIN-TAB,92,41,91,50,90,633,89,633,88,1405,93,232,94,442,95,6836,96,2667,97,5643,92.5
2026-04-17 09:43:47 PM,KXATPCHALLENGERMATCH-26APR17TABZIN-TAB,92,41,91,50,90,833,89,633,88,1405,93,232,94,442,95,6836,96,2667,97,5643,92.5
2026-04-17 09:43:47 PM,KXATPCHALLENGERMATCH-26APR17TABZIN-TAB,92,41,91,50,90,433,89,633,88,1405,93,232,94,442,95,6836,96,2667,97,5643,92.5
2026-04-17 09:43:47 PM,KXATPCHALLENGERMATCH-26APR17TABZIN-TAB,92,41,91,50,90,233,89,633,88,1405,93,232,94,442,95,6836,96,2667,97,5643,92.5
2026-04-17 09:43:47 PM,KXATPCHALLENGERMATCH-26APR17TABZIN-TAB,92,41,91,50,90,233,89,633,88,1005,93,232,94,442,95,6836,96,2667,97,5643,92.5
2026-04-17 09:43:47 PM,KXATPCHALLENGERMATCH-26APR17TABZIN-TAB,92,41,91,50,90,233,89,833,88,1005,93,232,94,442,95,6836,96,2667,97,5643,92.5
2026-04-17 09:43:48 PM,KXATPCHALLENGERMATCH-26APR17TABZIN-TAB,92,41,91,450,90,233,89,833,88,1005,93,232,94,442,95,6836,96,2667,97,5643,92.5
2026-04-17 09:43:48 PM,KXATPCHALLENGERMATCH-26APR17TABZIN-TAB,92,41,91,450,90,633,89,833,88,1005,93,232,94,442,95,6836,96,2667,97,5643,92.5
2026-04-17 09:43:48 PM,KXATPCHALLENGERMATCH-26APR17TABZIN-TAB,92,41,91,50,90,633,89,833,88,1005,93,232,94,442,95,6836,96,2667,97,5643,92.5
2026-04-17 09:43:48 PM,KXATPCHALLENGERMATCH-26APR17TABZIN-TAB,92,41,91,50,90,633,89,833,88,1405,93,232,94,442,95,6836,96,2667,97,5643,92.5
2026-04-17 09:43:48 PM,KXATPCHALLENGERMATCH-26APR17TABZIN-TAB,92,41,91,50,90,633,89,633,88,1405,93,232,94,442,95,6836,96,2667,97,5643,92.5
2026-04-17 09:43:48 PM,KXATPCHALLENGERMATCH-26APR17TABZIN-TAB,92,41,91,50,90,833,89,633,88,1405,93,232,94,442,95,6836,96,2667,97,5643,92.5
2026-04-17 09:43:48 PM,KXATPCHALLENGERMATCH-26APR17TABZIN-TAB,92,41,91,50,90,833,89,633,88,1005,93,232,94,442,95,6836,96,2667,97,5643,92.5
2026-04-17 09:43:48 PM,KXATPCHALLENGERMATCH-26APR17TABZIN-TAB,92,41,91,450,90,833,89,633,88,1005,93,232,94,442,95,6836,96,2667,97,5643,92.5
2026-04-17 09:43:48 PM,KXATPCHALLENGERMATCH-26APR17TABZIN-TAB,92,41,91,450,90,633,89,633,88,1005,93,232,94,442,95,6836,96,2667,97,5643,92.5
2026-04-17 09:43:48 PM,KXATPCHALLENGERMATCH-26APR17TABZIN-TAB,92,41,91,450,90,633,89,633,88,1005,93,232,94,242,95,6836,96,2667,97,5643,92.5
2026-04-17 09:43:48 PM,KXATPCHALLENGERMATCH-26APR17TABZIN-TAB,92,41,91,50,90,633,89,633,88,1005,93,232,94,242,95,6836,96,2667,97,5643,92.5
2026-04-17 09:43:48 PM,KXATPCHALLENGERMATCH-26APR17TABZIN-TAB,92,41,91,50,90,233,89,633,88,1005,93,232,94,242,95,6836,96,2667,97,5643,92.5
2026-04-17 09:43:48 PM,KXATPCHALLENGERMATCH-26APR17TABZIN-TAB,92,41,91,50,90,233,89,633,88,1405,93,232,94,242,95,6836,96,2667,97,5643,92.5
2026-04-17 09:43:48 PM,KXATPCHALLENGERMATCH-26APR17TABZIN-TAB,92,41,91,50,90,233,89,833,88,1405,93,232,94,242,95,6836,96,2667,97,5643,92.5
2026-04-17 09:43:48 PM,KXATPCHALLENGERMATCH-26APR17TABZIN-TAB,92,41,91,50,90,233,89,833,88,1405,93,232,94,442,95,6836,96,2667,97,5643,92.5
2026-04-17 09:43:48 PM,KXATPCHALLENGERMATCH-26APR17TABZIN-TAB,92,41,91,50,90,633,89,833,88,1405,93,232,94,442,95,6836,96,2667,97,5643,92.5
2026-04-17 09:43:48 PM,KXATPCHALLENGERMATCH-26APR17TABZIN-TAB,92,41,91,50,90,633,89,633,88,1405,93,232,94,442,95,6836,96,2667,97,5643,92.5
2026-04-17 09:43:48 PM,KXATPCHALLENGERMATCH-26APR17TABZIN-TAB,92,41,91,50,90,833,89,633,88,1405,93,232,94,442,95,6836,96,2667,97,5643,92.5
2026-04-17 09:43:48 PM,KXATPCHALLENGERMATCH-26APR17TABZIN-TAB,92,41,91,50,90,433,89,633,88,1405,93,232,94,442,95,6836,96,2667,97,5643,92.5
2026-04-17 09:43:48 PM,KXATPCHALLENGERMATCH-26APR17TABZIN-TAB,92,41,91,50,90,433,89,633,88,1005,93,232,94,442,95,6836,96,2667,97,5643,92.5
2026-04-17 09:43:48 PM,KXATPCHALLENGERMATCH-26APR17TABZIN-TAB,92,41,91,50,90,833,89,633,88,1005,93,232,94,442,95,6836,96,2667,97,5643,92.5
2026-04-17 09:43:48 PM,KXATPCHALLENGERMATCH-26APR17TABZIN-TAB,92,41,91,450,90,833,89,633,88,1005,93,232,94,442,95,6836,96,2667,97,5643,92.5
2026-04-17 09:43:48 PM,KXATPCHALLENGERMATCH-26APR17TABZIN-TAB,92,41,91,450,90,633,89,633,88,1005,93,232,94,442,95,6836,96,2667,97,5643,92.5
2026-04-17 09:43:48 PM,KXATPCHALLENGERMATCH-26APR17TABZIN-TAB,92,41,91,450,90,633,89,833,88,1005,93,232,94,442,95,6836,96,2667,97,5643,92.5
2026-04-17 09:43:49 PM,KXATPCHALLENGERMATCH-26APR17TABZIN-TAB,92,41,91,450,90,233,89,833,88,1005,93,232,94,442,95,6836,96,2667,97,5643,92.5
2026-04-17 09:43:49 PM,KXATPCHALLENGERMATCH-26APR17TABZIN-TAB,92,41,91,50,90,233,89,833,88,1005,93,232,94,442,95,6836,96,2667,97,5643,92.5
2026-04-17 09:43:49 PM,KXATPCHALLENGERMATCH-26APR17TABZIN-TAB,92,41,91,50,90,233,89,833,88,1405,93,232,94,442,95,6836,96,2667,97,5643,92.5
2026-04-17 09:43:49 PM,KXATPCHALLENGERMATCH-26APR17TABZIN-TAB,92,41,91,50,90,633,89,833,88,1405,93,232,94,442,95,6836,96,2667,97,5643,92.5
2026-04-17 09:43:49 PM,KXATPCHALLENGERMATCH-26APR17TABZIN-TAB,92,41,91,50,90,633,89,633,88,1405,93,232,94,442,95,6836,96,2667,97,5643,92.5
2026-04-17 09:43:49 PM,KXATPCHALLENGERMATCH-26APR17TABZIN-TAB,92,41,91,50,90,833,89,633,88,1405,93,232,94,442,95,6836,96,2667,97,5643,92.5
2026-04-17 09:43:49 PM,KXATPCHALLENGERMATCH-26APR17TABZIN-TAB,92,41,91,50,90,433,89,633,88,1405,93,232,94,442,95,6836,96,2667,97,5643,92.5
2026-04-17 09:43:49 PM,KXATPCHALLENGERMATCH-26APR17TABZIN-TAB,92,41,91,50,90,433,89,633,88,1005,93,232,94,442,95,6836,96,2667,97,5643,92.5
2026-04-17 09:43:49 PM,KXATPCHALLENGERMATCH-26APR17TABZIN-TAB,92,41,91,50,90,233,89,633,88,1005,93,232,94,442,95,6836,96,2667,97,5643,92.5
2026-04-17 09:43:49 PM,KXATPCHALLENGERMATCH-26APR17TABZIN-TAB,92,41,91,50,90,233,89,833,88,1005,93,232,94,442,95,6836,96,2667,97,5643,92.5
2026-04-17 09:43:49 PM,KXATPCHALLENGERMATCH-26APR17TABZIN-TAB,92,41,91,50,90,633,89,833,88,1005,93,232,94,442,95,6836,96,2667,97,5643,92.5
2026-04-17 09:43:49 PM,KXATPCHALLENGERMATCH-26APR17TABZIN-TAB,92,41,91,450,90,633,89,833,88,1005,93,232,94,442,95,6836,96,2667,97,5643,92.5
2026-04-17 09:43:49 PM,KXATPCHALLENGERMATCH-26APR17TABZIN-TAB,92,1,91,450,90,633,89,833,88,1005,93,232,94,442,95,6836,96,2667,97,5643,92.5
2026-04-17 09:43:49 PM,KXATPCHALLENGERMATCH-26APR17TABZIN-TAB,92,1,91,400,90,633,89,833,88,1005,93,232,94,442,95,6836,96,2667,97,5643,92.5
2026-04-17 09:43:49 PM,KXATPCHALLENGERMATCH-26APR17TABZIN-TAB,92,1,90,633,89,833,88,1005,86,1706,93,232,94,442,95,6836,96,2667,97,5643,92.5
2026-04-17 09:43:49 PM,KXATPCHALLENGERMATCH-26APR17TABZIN-TAB,92,1,90,633,89,833,88,1005,86,1706,93,1732,94,442,95,6836,96,2667,97,5643,92.5
2026-04-17 09:43:49 PM,KXATPCHALLENGERMATCH-26APR17TABZIN-TAB,92,1,90,633,89,633,88,1005,86,1706,93,1732,94,442,95,6836,96,2667,97,5643,92.5
2026-04-17 09:43:49 PM,KXATPCHALLENGERMATCH-26APR17TABZIN-TAB,92,1,90,833,89,633,88,1005,86,1706,93,1732,94,442,95,6836,96,2667,97,5643,92.5
2026-04-17 09:43:49 PM,KXATPCHALLENGERMATCH-26APR17TABZIN-TAB,92,1,90,833,89,633,88,1005,87,700,93,1732,94,442,95,6836,96,2667,97,5643,92.5
2026-04-17 09:43:49 PM,KXATPCHALLENGERMATCH-26APR17TABZIN-TAB,92,1,90,833,89,633,88,1005,87,700,92,700,93,1732,94,442,95,6836,96,2667,92.0
2026-04-17 09:43:49 PM,KXATPCHALLENGERMATCH-26APR17TABZIN-TAB,92,1,90,833,89,633,88,1005,87,700,92,700,93,2432,94,442,95,6836,96,2667,92.0
2026-04-17 09:43:49 PM,KXATPCHALLENGERMATCH-26APR17TABZIN-TAB,92,1,90,833,89,633,88,1005,87,700,92,700,93,2432,94,442,95,8287,96,2667,92.0
2026-04-17 09:43:49 PM,KXATPCHALLENGERMATCH-26APR17TABZIN-TAB,92,1,90,433,89,633,88,1005,87,700,92,700,93,2432,94,442,95,8287,96,2667,92.0
2026-04-17 09:43:49 PM,KXATPCHALLENGERMATCH-26APR17TABZIN-TAB,92,1,90,433,89,633,88,1005,87,700,92,700,93,2392,94,442,95,8287,96,2667,92.0
2026-04-17 09:43:49 PM,KXATPCHALLENGERMATCH-26APR17TABZIN-TAB,92,1,90,433,89,633,88,1005,87,700,92,740,93,2392,94,442,95,8287,96,2667,92.0
2026-04-17 09:43:49 PM,KXATPCHALLENGERMATCH-26APR17TABZIN-TAB,92,1,90,833,89,633,88,1005,87,700,92,740,93,2392,94,442,95,8287,96,2667,92.0
2026-04-17 09:43:49 PM,KXATPCHALLENGERMATCH-26APR17TABZIN-TAB,92,1,90,833,89,633,88,1005,87,700,92,740,93,2304,94,442,95,8287,96,2667,92.0
2026-04-17 09:43:49 PM,KXATPCHALLENGERMATCH-26APR17TABZIN-TAB,92,1,91,400,90,833,89,633,88,1005,92,740,93,2304,94,442,95,8287,96,2667,92.0
2026-04-17 09:43:49 PM,KXATPCHALLENGERMATCH-26APR17TABZIN-TAB,92,1,91,400,90,833,89,633,88,1005,92,740,93,2304,94,442,95,8287,96,2633,92.0
2026-04-17 09:43:49 PM,KXATPCHALLENGERMATCH-26APR17TABZIN-TAB,92,1,91,400,90,833,89,633,88,1005,92,740,93,2304,94,442,95,8687,96,2633,92.0
2026-04-17 09:43:49 PM,KXATPCHALLENGERMATCH-26APR17TABZIN-TAB,92,1,91,400,90,633,89,633,88,1005,92,740,93,2304,94,442,95,8687,96,2633,92.0
2026-04-17 09:43:49 PM,KXATPCHALLENGERMATCH-26APR17TABZIN-TAB,92,1,91,400,90,633,89,633,88,1005,92,740,93,2304,94,442,95,8721,96,2633,92.0
2026-04-17 09:43:49 PM,KXATPCHALLENGERMATCH-26APR17TABZIN-TAB,92,1,91,400,90,633,89,633,88,1005,92,740,93,2304,94,242,95,8721,96,2633,92.0
2026-04-17 09:43:49 PM,KXATPCHALLENGERMATCH-26APR17TABZIN-TAB,92,1,91,400,90,633,89,633,88,1005,92,740,93,2304,94,242,95,8671,96,2633,92.0
2026-04-17 09:43:49 PM,KXATPCHALLENGERMATCH-26APR17TABZIN-TAB,92,1,90,633,89,633,88,1005,87,700,92,740,93,2304,94,242,95,8671,96,2633,92.0
2026-04-17 09:43:49 PM,KXATPCHALLENGERMATCH-26APR17TABZIN-TAB,92,1,90,633,89,633,88,1005,87,700,92,740,93,2304,94,242,95,8671,96,2233,92.0
2026-04-17 09:43:49 PM,KXATPCHALLENGERMATCH-26APR17TABZIN-TAB,92,1,90,633,89,633,88,1005,87,700,92,740,93,2304,94,242,95,8671,96,1833,92.0
2026-04-17 09:43:49 PM,KXATPCHALLENGERMATCH-26APR17TABZIN-TAB,92,1,90,633,89,633,88,1005,87,700,92,740,93,804,94,242,95,8671,96,1833,92.0
2026-04-17 09:43:49 PM,KXATPCHALLENGERMATCH-26APR17TABZIN-TAB,92,1,90,633,89,633,88,1005,87,700,92,740,93,804,94,242,95,7671,96,1833,92.0
2026-04-17 09:43:49 PM,KXATPCHALLENGERMATCH-26APR17TABZIN-TAB,92,1,90,633,89,633,88,1005,87,700,92,740,93,804,94,242,95,7671,96,833,92.0
2026-04-17 09:43:49 PM,KXATPCHALLENGERMATCH-26APR17TABZIN-TAB,92,1,90,633,89,633,88,1005,87,700,92,740,93,804,94,242,95,6671,96,833,92.0
2026-04-17 09:43:49 PM,KXATPCHALLENGERMATCH-26APR17TABZIN-TAB,92,1,90,633,89,633,88,1005,87,700,92,740,93,804,94,242,95,6671,96,433,92.0
2026-04-17 09:43:49 PM,KXATPCHALLENGERMATCH-26APR17TABZIN-TAB,92,1,90,633,89,633,88,1005,87,700,92,740,93,804,94,242,95,6671,96,33,92.0
2026-04-17 09:43:49 PM,KXATPCHALLENGERMATCH-26APR17TABZIN-TAB,92,1,90,633,89,633,88,1005,87,700,92,740,93,804,94,242,95,6271,96,33,92.0
2026-04-17 09:43:49 PM,KXATPCHALLENGERMATCH-26APR17TABZIN-TAB,92,1,90,633,89,633,88,1005,87,700,92,740,93,804,94,242,95,5871,96,33,92.0
2026-04-17 09:43:49 PM,KXATPCHALLENGERMATCH-26APR17TABZIN-TAB,92,1,90,633,89,633,88,1005,87,700,92,790,93,804,94,242,95,5871,96,33,92.0
2026-04-17 09:43:49 PM,KXATPCHALLENGERMATCH-26APR17TABZIN-TAB,92,1,90,233,89,633,88,1005,87,700,92,790,93,804,94,242,95,5871,96,33,92.0
2026-04-17 09:43:49 PM,KXATPCHALLENGERMATCH-26APR17TABZIN-TAB,92,1,90,233,89,633,88,1005,87,700,92,790,93,804,94,242,95,5871,96,1033,92.0
2026-04-17 09:43:49 PM,KXATPCHALLENGERMATCH-26APR17TABZIN-TAB,92,1,90,233,89,633,88,1005,87,700,92,790,93,804,94,242,95,6871,96,1033,92.0
2026-04-17 09:43:49 PM,KXATPCHALLENGERMATCH-26APR17TABZIN-TAB,92,1,90,233,89,633,88,1005,87,700,92,790,93,804,94,242,95,6471,96,1033,92.0
2026-04-17 09:43:49 PM,KXATPCHALLENGERMATCH-26APR17TABZIN-TAB,92,1,90,233,89,633,88,1005,87,700,92,790,93,804,94,242,95,7471,96,1033,92.0
2026-04-17 09:43:49 PM,KXATPCHALLENGERMATCH-26APR17TABZIN-TAB,92,1,90,233,89,633,88,1005,87,700,91,6209,92,790,93,804,94,242,95,7471,91.5
2026-04-17 09:43:49 PM,KXATPCHALLENGERMATCH-26APR17TABZIN-TAB,92,1,90,233,89,633,88,1005,87,700,91,6209,92,2290,93,804,94,242,95,7471,91.5
2026-04-17 09:43:49 PM,KXATPCHALLENGERMATCH-26APR17TABZIN-TAB,92,1,90,233,89,633,88,1005,87,1100,91,6209,92,2290,93,804,94,242,95,7471,91.5
2026-04-17 09:43:49 PM,KXATPCHALLENGERMATCH-26APR17TABZIN-TAB,92,1,90,233,89,633,88,1005,87,1100,91,6209,92,2290,93,804,94,642,95,7471,91.5
2026-04-17 09:43:49 PM,KXATPCHALLENGERMATCH-26APR17TABZIN-TAB,92,1,90,233,89,633,88,1005,87,1100,91,6209,92,2290,93,1204,94,642,95,7471,91.5
2026-04-17 09:43:49 PM,KXATPCHALLENGERMATCH-26APR17TABZIN-TAB,92,1,90,233,89,633,88,1005,87,1100,91,6209,92,2290,93,1204,94,1042,95,7471,91.5
2026-04-17 09:43:49 PM,KXATPCHALLENGERMATCH-26APR17TABZIN-TAB,92,1,90,193,89,633,88,1005,87,1100,91,6209,92,2290,93,1204,94,1042,95,7471,91.5
2026-04-17 09:43:49 PM,KXATPCHALLENGERMATCH-26APR17TABZIN-TAB,92,1,90,193,89,633,88,1005,87,1100,91,6209,92,2250,93,1204,94,1042,95,7471,91.5
2026-04-17 09:43:49 PM,KXATPCHALLENGERMATCH-26APR17TABZIN-TAB,92,1,90,193,89,633,88,1005,87,1100,91,6209,92,2650,93,1204,94,1042,95,7471,91.5
2026-04-17 09:43:49 PM,KXATPCHALLENGERMATCH-26APR17TABZIN-TAB,92,1,90,193,89,633,88,1405,87,1100,91,6209,92,2650,93,1204,94,1042,95,7471,91.5
2026-04-17 09:43:49 PM,KXATPCHALLENGERMATCH-26APR17TABZIN-TAB,92,1,90,193,89,633,88,1405,87,1100,91,6209,92,3050,93,1204,94,1042,95,7471,91.5
2026-04-17 09:43:49 PM,KXATPCHALLENGERMATCH-26APR17TABZIN-TAB,92,1,90,193,89,633,88,1405,87,1100,91,6209,92,1550,93,1204,94,1042,95,7471,91.5
2026-04-17 09:43:49 PM,KXATPCHALLENGERMATCH-26APR17TABZIN-TAB,92,1,90,193,89,633,88,1405,87,1100,91,6209,92,1550,93,1284,94,1042,95,7471,91.5
2026-04-17 09:43:49 PM,KXATPCHALLENGERMATCH-26APR17TABZIN-TAB,92,1,90,168,89,633,88,1405,87,1100,91,6209,92,1550,93,1284,94,1042,95,7471,91.5
2026-04-17 09:43:50 PM,KXATPCHALLENGERMATCH-26APR17TABZIN-TAB,92,1,90,168,89,633,88,1405,87,1100,91,7709,92,1550,93,1284,94,1042,95,7471,91.5
2026-04-17 09:43:50 PM,KXATPCHALLENGERMATCH-26APR17TABZIN-TAB,92,1,90,168,89,633,88,1405,87,1100,91,7709,92,1555,93,1284,94,1042,95,7471,91.5
2026-04-17 09:43:50 PM,KXATPCHALLENGERMATCH-26APR17TABZIN-TAB,92,1,90,168,89,633,88,1405,87,1100,91,8051,92,1555,93,1284,94,1042,95,7471,91.5
2026-04-17 09:43:50 PM,KXATPCHALLENGERMATCH-26APR17TABZIN-TAB,92,1,90,2,89,633,88,1405,87,1100,91,8051,92,1555,93,1284,94,1042,95,7471,91.5
2026-04-17 09:43:50 PM,KXATPCHALLENGERMATCH-26APR17TABZIN-TAB,92,1,90,2,89,633,88,1405,87,1100,91,8051,92,1555,93,1285,94,1042,95,7471,91.5
2026-04-17 09:43:50 PM,KXATPCHALLENGERMATCH-26APR17TABZIN-TAB,92,1,90,2,89,633,88,1405,87,1100,91,8051,92,1555,93,1410,94,1042,95,7471,91.5
2026-04-17 09:43:50 PM,KXATPCHALLENGERMATCH-26APR17TABZIN-TAB,92,1,90,2,89,550,88,1405,87,1100,91,8051,92,1555,93,1410,94,1042,95,7471,91.5
2026-04-17 09:43:50 PM,KXATPCHALLENGERMATCH-26APR17TABZIN-TAB,92,1,90,2,89,517,88,1405,87,1100,91,8051,92,1555,93,1410,94,1042,95,7471,91.5
2026-04-17 09:43:50 PM,KXATPCHALLENGERMATCH-26APR17TABZIN-TAB,92,1,90,2,89,517,88,1405,87,1100,91,9997,92,1555,93,1410,94,1042,95,7471,91.5
2026-04-17 09:43:50 PM,KXATPCHALLENGERMATCH-26APR17TABZIN-TAB,92,1,90,2,89,517,88,3228,87,1100,91,9997,92,1555,93,1410,94,1042,95,7471,91.5
2026-04-17 09:43:50 PM,KXATPCHALLENGERMATCH-26APR17TABZIN-TAB,92,1,90,2,89,517,88,3228,87,1100,91,9997,92,1555,93,1410,94,1042,95,7437,91.5
2026-04-17 09:43:50 PM,KXATPCHALLENGERMATCH-26APR17TABZIN-TAB,92,1,90,2,89,517,88,3228,87,1100,91,9997,92,1555,93,1410,94,1076,95,7437,91.5
2026-04-17 09:43:50 PM,KXATPCHALLENGERMATCH-26APR17TABZIN-TAB,92,1,90,2,89,517,88,3228,87,1100,91,9997,92,1555,93,1285,94,1076,95,7437,91.5
2026-04-17 09:43:50 PM,KXATPCHALLENGERMATCH-26APR17TABZIN-TAB,92,1,90,2,89,517,88,3228,87,1100,91,9997,92,1555,93,1285,94,1076,95,7312,91.5
2026-04-17 09:43:50 PM,KXATPCHALLENGERMATCH-26APR17TABZIN-TAB,92,1,90,2,89,517,88,3228,87,1100,91,9997,92,1555,93,1285,94,951,95,7312,91.5
2026-04-17 09:43:50 PM,KXATPCHALLENGERMATCH-26APR17TABZIN-TAB,92,1,90,2,89,517,88,3228,87,1100,91,9997,92,1555,93,1285,94,951,95,8312,91.5
2026-04-17 09:43:50 PM,KXATPCHALLENGERMATCH-26APR17TABZIN-TAB,92,1,90,2,89,517,88,3228,87,1100,91,9997,92,8003,93,1285,94,951,95,8312,91.5
2026-04-17 09:43:50 PM,KXATPCHALLENGERMATCH-26APR17TABZIN-TAB,92,1,90,2,89,517,88,3228,87,1100,91,9997,92,8003,93,1284,94,951,95,8312,91.5
2026-04-17 09:43:50 PM,KXATPCHALLENGERMATCH-26APR17TABZIN-TAB,92,1,90,2,89,517,88,3228,87,1100,91,9997,92,8004,93,1284,94,951,95,8312,91.5
2026-04-17 09:43:50 PM,KXATPCHALLENGERMATCH-26APR17TABZIN-TAB,92,1,90,2,89,517,88,3228,87,1910,91,9997,92,8004,93,1284,94,951,95,8312,91.5
2026-04-17 09:43:50 PM,KXATPCHALLENGERMATCH-26APR17TABZIN-TAB,92,1,90,2,89,517,88,3228,87,1910,91,9997,92,8404,93,1284,94,951,95,8312,91.5
2026-04-17 09:43:50 PM,KXATPCHALLENGERMATCH-26APR17TABZIN-TAB,92,1,90,2,89,517,88,3228,87,1910,91,9997,92,8804,93,1284,94,951,95,8312,91.5
2026-04-17 09:43:50 PM,KXATPCHALLENGERMATCH-26APR17TABZIN-TAB,92,1,90,2,89,517,88,3228,87,1910,91,9997,92,9204,93,1284,94,951,95,8312,91.5
2026-04-17 09:43:50 PM,KXATPCHALLENGERMATCH-26APR17TABZIN-TAB,92,1,90,2,89,517,88,3228,87,1910,91,9997,92,9204,93,1284,94,951,95,7312,91.5
2026-04-17 09:43:50 PM,KXATPCHALLENGERMATCH-26APR17TABZIN-TAB,92,1,90,2,89,517,88,3228,87,1910,91,9997,92,9204,93,1284,94,951,95,6312,91.5
2026-04-17 09:43:50 PM,KXATPCHALLENGERMATCH-26APR17TABZIN-TAB,92,1,90,2,89,517,88,3228,87,1910,91,9997,92,9204,93,1284,94,951,95,5312,91.5
2026-04-17 09:43:50 PM,KXATPCHALLENGERMATCH-26APR17TABZIN-TAB,92,1,90,2,89,517,88,3228,87,1910,91,9997,92,9604,93,1284,94,951,95,5312,91.5
2026-04-17 09:43:50 PM,KXATPCHALLENGERMATCH-26APR17TABZIN-TAB,92,1,90,2,89,517,88,3228,87,1910,91,9997,92,10004,93,1284,94,951,95,5312,91.5
2026-04-17 09:43:50 PM,KXATPCHALLENGERMATCH-26APR17TABZIN-TAB,92,1,90,2,89,517,88,3228,87,1910,91,9997,92,11004,93,1284,94,951,95,5312,91.5
2026-04-17 09:43:50 PM,KXATPCHALLENGERMATCH-26APR17TABZIN-TAB,92,1,90,2,89,517,88,3228,87,1910,91,9997,92,11004,93,2284,94,951,95,5312,91.5
2026-04-17 09:43:50 PM,KXATPCHALLENGERMATCH-26APR17TABZIN-TAB,92,1,90,2,89,517,88,3228,87,1910,91,9997,92,12004,93,2284,94,951,95,5312,91.5
2026-04-17 09:43:50 PM,KXATPCHALLENGERMATCH-26APR17TABZIN-TAB,92,1,90,2,89,517,88,3228,87,1910,91,9997,92,13004,93,2284,94,951,95,5312,91.5
2026-04-17 09:43:51 PM,KXATPCHALLENGERMATCH-26APR17TABZIN-TAB,92,1,90,2,89,517,88,3228,87,1910,91,6626,92,13004,93,2284,94,951,95,5312,91.5
2026-04-17 09:43:51 PM,KXATPCHALLENGERMATCH-26APR17TABZIN-TAB,92,1,90,2,89,517,88,3228,87,1910,91,6626,92,13004,93,2284,94,914,95,5312,91.5
2026-04-17 09:43:51 PM,KXATPCHALLENGERMATCH-26APR17TABZIN-TAB,92,1,90,2,89,517,88,3228,87,1910,91,6626,92,13129,93,2284,94,914,95,5312,91.5
2026-04-17 09:43:51 PM,KXATPCHALLENGERMATCH-26APR17TABZIN-TAB,92,1,90,2,89,517,88,3228,87,1910,91,6626,92,13129,93,2284,94,1039,95,5312,91.5
2026-04-17 09:43:51 PM,KXATPCHALLENGERMATCH-26APR17TABZIN-TAB,92,1,90,2,89,517,88,3228,87,1910,91,6626,92,13129,93,2409,94,1039,95,5312,91.5
2026-04-17 09:43:51 PM,KXATPCHALLENGERMATCH-26APR17TABZIN-TAB,92,1,90,2,89,517,88,3228,87,1910,91,6626,92,13004,93,2409,94,1039,95,5312,91.5
2026-04-17 09:43:51 PM,KXATPCHALLENGERMATCH-26APR17TABZIN-TAB,92,1,90,2,89,517,88,3228,87,1910,91,6626,92,13004,93,2329,94,1039,95,5312,91.5
2026-04-17 09:43:51 PM,KXATPCHALLENGERMATCH-26APR17TABZIN-TAB,92,1,90,2,89,517,88,3228,87,1910,91,6626,92,13004,93,2329,94,1039,95,5232,91.5
2026-04-17 09:43:51 PM,KXATPCHALLENGERMATCH-26APR17TABZIN-TAB,92,1,90,2,89,517,88,3228,87,1910,91,6626,92,13004,93,2329,94,959,95,5232,91.5
2026-04-17 09:43:51 PM,KXATPCHALLENGERMATCH-26APR17TABZIN-TAB,92,1,90,2,89,517,88,3228,87,1910,91,6626,92,13084,93,2329,94,959,95,5232,91.5
2026-04-17 09:43:51 PM,KXATPCHALLENGERMATCH-26APR17TABZIN-TAB,92,1,90,2,89,517,88,3228,87,1910,91,6626,92,13084,93,2409,94,959,95,5232,91.5
2026-04-17 09:43:51 PM,KXATPCHALLENGERMATCH-26APR17TABZIN-TAB,92,1,90,2,89,517,88,3228,87,1910,91,6626,92,13084,93,9649,94,959,95,5232,91.5
2026-04-17 09:43:51 PM,KXATPCHALLENGERMATCH-26APR17TABZIN-TAB,92,1,90,2,89,517,88,3228,87,1910,91,6751,92,13084,93,9649,94,959,95,5232,91.5
2026-04-17 09:43:51 PM,KXATPCHALLENGERMATCH-26APR17TABZIN-TAB,92,1,90,2,89,517,88,3228,87,1910,91,6831,92,13084,93,9649,94,959,95,5232,91.5
2026-04-17 09:43:51 PM,KXATPCHALLENGERMATCH-26APR17TABZIN-TAB,92,1,90,2,89,517,88,3228,87,1910,91,6831,92,13084,93,10049,94,959,95,5232,91.5
2026-04-17 09:43:51 PM,KXATPCHALLENGERMATCH-26APR17TABZIN-TAB,92,1,90,2,89,517,88,3228,87,1910,91,6831,92,13084,93,10449,94,959,95,5232,91.5
2026-04-17 09:43:51 PM,KXATPCHALLENGERMATCH-26APR17TABZIN-TAB,92,1,90,2,89,517,88,3268,87,1910,91,6831,92,13084,93,10449,94,959,95,5232,91.5
2026-04-17 09:43:51 PM,KXATPCHALLENGERMATCH-26APR17TABZIN-TAB,92,1,90,2,89,517,88,3268,87,1910,91,6831,92,13084,93,10849,94,959,95,5232,91.5
2026-04-17 09:43:51 PM,KXATPCHALLENGERMATCH-26APR17TABZIN-TAB,92,1,90,2,89,517,88,3268,87,1910,91,6831,92,13484,93,10849,94,959,95,5232,91.5
2026-04-17 09:43:52 PM,KXATPCHALLENGERMATCH-26APR17TABZIN-TAB,92,1,90,2,89,517,88,3228,87,1910,91,6831,92,13484,93,10849,94,959,95,5232,91.5
2026-04-17 09:43:52 PM,KXATPCHALLENGERMATCH-26APR17TABZIN-TAB,92,1,90,2,89,517,88,3228,87,1910,91,6831,92,13484,93,10849,94,7709,95,5232,91.5
2026-04-17 09:43:52 PM,KXATPCHALLENGERMATCH-26APR17TABZIN-TAB,92,1,90,2,89,517,88,3928,87,1910,91,6831,92,13484,93,10849,94,7709,95,5232,91.5
2026-04-17 09:43:53 PM,KXATPCHALLENGERMATCH-26APR17TABZIN-TAB,92,1,90,52,89,517,88,3928,87,1910,91,6831,92,13484,93,10849,94,7709,95,5232,91.5
2026-04-17 09:43:53 PM,KXATPCHALLENGERMATCH-26APR17TABZIN-TAB,92,1,90,52,89,517,88,3928,87,1910,91,6831,92,13609,93,10849,94,7709,95,5232,91.5
2026-04-17 09:43:53 PM,KXATPCHALLENGERMATCH-26APR17TABZIN-TAB,92,1,90,52,89,517,88,3928,87,1910,91,6831,92,13609,93,10849,94,7584,95,5232,91.5
2026-04-17 09:43:53 PM,KXATPCHALLENGERMATCH-26APR17TABZIN-TAB,92,1,90,52,89,557,88,3928,87,1910,91,6831,92,13609,93,10849,94,7584,95,5232,91.5
2026-04-17 09:43:53 PM,KXATPCHALLENGERMATCH-26APR17TABZIN-TAB,92,1,90,52,89,557,88,11193,87,1910,91,6831,92,13609,93,10849,94,7584,95,5232,91.5
2026-04-17 09:43:53 PM,KXATPCHALLENGERMATCH-26APR17TABZIN-TAB,92,1,90,52,89,557,88,11193,87,1910,91,6831,92,13609,93,10849,94,7584,95,11747,91.5
2026-04-17 09:43:53 PM,KXATPCHALLENGERMATCH-26APR17TABZIN-TAB,92,1,90,52,89,557,88,11193,87,1910,91,6831,92,13609,93,10849,94,7584,95,11347,91.5
2026-04-17 09:43:53 PM,KXATPCHALLENGERMATCH-26APR17TABZIN-TAB,92,1,90,52,89,157,88,11193,87,1910,91,6831,92,13609,93,10849,94,7584,95,11347,91.5
2026-04-17 09:43:53 PM,KXATPCHALLENGERMATCH-26APR17TABZIN-TAB,92,1,90,52,89,157,88,11193,87,1910,91,6831,92,13559,93,10849,94,7584,95,11347,91.5
2026-04-17 09:43:53 PM,KXATPCHALLENGERMATCH-26APR17TABZIN-TAB,92,1,90,52,89,157,88,11193,87,1510,91,6831,92,13559,93,10849,94,7584,95,11347,91.5
2026-04-17 09:43:53 PM,KXATPCHALLENGERMATCH-26APR17TABZIN-TAB,92,1,90,52,89,157,88,11193,87,1510,91,6831,92,13559,93,10849,94,7184,95,11347,91.5
2026-04-17 09:43:53 PM,KXATPCHALLENGERMATCH-26APR17TABZIN-TAB,92,1,90,52,89,157,88,11193,87,1510,91,6831,92,13559,93,10449,94,7184,95,11347,91.5
2026-04-17 09:43:53 PM,KXATPCHALLENGERMATCH-26APR17TABZIN-TAB,92,1,90,52,89,157,88,11193,87,1510,91,6831,92,13559,93,10449,94,6784,95,11347,91.5
2026-04-17 09:43:53 PM,KXATPCHALLENGERMATCH-26APR17TABZIN-TAB,92,1,90,52,89,157,88,11193,87,1510,91,6831,92,13159,93,10449,94,6784,95,11347,91.5
2026-04-17 09:43:53 PM,KXATPCHALLENGERMATCH-26APR17TABZIN-TAB,92,1,90,52,89,157,88,10793,87,1510,91,6831,92,13159,93,10449,94,6784,95,11347,91.5
2026-04-17 09:43:53 PM,KXATPCHALLENGERMATCH-26APR17TABZIN-TAB,92,1,90,52,89,157,88,10793,87,1510,91,6831,92,12759,93,10449,94,6784,95,11347,91.5
2026-04-17 09:43:53 PM,KXATPCHALLENGERMATCH-26APR17TABZIN-TAB,92,1,90,52,89,157,88,10793,87,1510,91,6831,92,12359,93,10449,94,6784,95,11347,91.5
2026-04-17 09:43:53 PM,KXATPCHALLENGERMATCH-26APR17TABZIN-TAB,92,1,90,52,89,157,88,10793,87,1510,91,6831,92,11959,93,10449,94,6784,95,11347,91.5
2026-04-17 09:43:53 PM,KXATPCHALLENGERMATCH-26APR17TABZIN-TAB,92,1,90,52,89,157,88,10793,87,1510,91,6831,92,11559,93,10449,94,6784,95,11347,91.5
2026-04-17 09:43:53 PM,KXATPCHALLENGERMATCH-26APR17TABZIN-TAB,92,1,90,52,89,157,88,10793,87,1510,91,6831,92,11159,93,10449,94,6784,95,11347,91.5
2026-04-17 09:43:53 PM,KXATPCHALLENGERMATCH-26APR17TABZIN-TAB,92,1,90,52,89,157,88,10793,87,1510,91,6831,92,10759,93,10449,94,6784,95,11347,91.5
2026-04-17 09:43:53 PM,KXATPCHALLENGERMATCH-26APR17TABZIN-TAB,92,1,90,52,89,157,88,10793,87,1510,91,6831,92,9759,93,10449,94,6784,95,11347,91.5
2026-04-17 09:43:53 PM,KXATPCHALLENGERMATCH-26APR17TABZIN-TAB,92,1,90,52,89,157,88,10793,87,1510,91,6831,92,9759,93,9449,94,6784,95,11347,91.5
2026-04-17 09:43:53 PM,KXATPCHALLENGERMATCH-26APR17TABZIN-TAB,92,1,90,52,89,157,88,10793,87,1510,91,6831,92,8759,93,9449,94,6784,95,11347,91.5
2026-04-17 09:43:53 PM,KXATPCHALLENGERMATCH-26APR17TABZIN-TAB,92,1,90,52,89,157,88,10793,87,1510,91,6831,92,7759,93,9449,94,6784,95,11347,91.5
2026-04-17 09:43:53 PM,KXATPCHALLENGERMATCH-26APR17TABZIN-TAB,92,1,90,52,89,157,88,10793,87,1510,91,6831,92,7759,93,9049,94,6784,95,11347,91.5
2026-04-17 09:43:53 PM,KXATPCHALLENGERMATCH-26APR17TABZIN-TAB,92,1,90,52,89,157,88,10793,87,1510,91,6831,92,7759,93,8649,94,6784,95,11347,91.5
2026-04-17 09:43:53 PM,KXATPCHALLENGERMATCH-26APR17TABZIN-TAB,92,1,90,52,89,157,88,10793,87,1510,91,6831,92,7759,93,8249,94,6784,95,11347,91.5
2026-04-17 09:43:53 PM,KXATPCHALLENGERMATCH-26APR17TABZIN-TAB,92,1,90,52,89,157,88,10793,87,1510,91,6831,92,7359,93,8249,94,6784,95,11347,91.5
2026-04-17 09:43:53 PM,KXATPCHALLENGERMATCH-26APR17TABZIN-TAB,92,1,90,2,89,157,88,10793,87,1510,91,6831,92,7359,93,8249,94,6784,95,11347,91.5
2026-04-17 09:43:53 PM,KXATPCHALLENGERMATCH-26APR17TABZIN-TAB,92,1,90,2,89,157,88,10793,87,1682,91,6831,92,7359,93,8249,94,6784,95,11347,91.5
2026-04-17 09:43:54 PM,KXATPCHALLENGERMATCH-26APR17TABZIN-TAB,92,1,90,2,89,157,88,10793,87,1682,91,6831,92,7359,93,8249,94,6884,95,11347,91.5
2026-04-17 09:43:54 PM,KXATPCHALLENGERMATCH-26APR17TABZIN-TAB,92,1,90,2,89,157,88,10793,87,1682,91,7231,92,7359,93,8249,94,6884,95,11347,91.5
2026-04-17 09:43:54 PM,KXATPCHALLENGERMATCH-26APR17TABZIN-TAB,92,1,90,2,89,157,88,10793,87,1682,91,8231,92,7359,93,8249,94,6884,95,11347,91.5
2026-04-17 09:43:54 PM,KXATPCHALLENGERMATCH-26APR17TABZIN-TAB,92,1,90,2,89,157,88,10793,87,1682,91,8631,92,7359,93,8249,94,6884,95,11347,91.5
2026-04-17 09:43:54 PM,KXATPCHALLENGERMATCH-26APR17TABZIN-TAB,92,1,90,2,89,157,88,10793,87,1682,91,8631,92,8359,93,8249,94,6884,95,11347,91.5
2026-04-17 09:43:54 PM,KXATPCHALLENGERMATCH-26APR17TABZIN-TAB,92,1,90,2,89,157,88,10793,87,1682,91,9031,92,8359,93,8249,94,6884,95,11347,91.5
2026-04-17 09:43:54 PM,KXATPCHALLENGERMATCH-26APR17TABZIN-TAB,92,1,90,2,89,157,88,10793,87,1682,91,9431,92,8359,93,8249,94,6884,95,11347,91.5
2026-04-17 09:43:54 PM,KXATPCHALLENGERMATCH-26APR17TABZIN-TAB,92,1,90,2,89,157,88,10793,87,1682,91,9431,92,8759,93,8249,94,6884,95,11347,91.5
2026-04-17 09:43:54 PM,KXATPCHALLENGERMATCH-26APR17TABZIN-TAB,92,1,90,2,89,157,88,10793,87,1682,91,9431,92,8759,93,8649,94,6884,95,11347,91.5
2026-04-17 09:43:54 PM,KXATPCHALLENGERMATCH-26APR17TABZIN-TAB,92,1,90,2,89,157,88,10793,87,1682,91,9431,92,8759,93,9049,94,6884,95,11347,91.5
2026-04-17 09:43:54 PM,KXATPCHALLENGERMATCH-26APR17TABZIN-TAB,92,1,90,2,89,157,88,10793,87,1682,91,9431,92,9159,93,9049,94,6884,95,11347,91.5
2026-04-17 09:43:54 PM,KXATPCHALLENGERMATCH-26APR17TABZIN-TAB,92,1,90,2,89,157,88,10793,87,1682,91,9431,92,9159,93,9049,94,7284,95,11347,91.5
2026-04-17 09:43:54 PM,KXATPCHALLENGERMATCH-26APR17TABZIN-TAB,92,1,90,2,89,207,88,10793,87,1682,91,9431,92,9159,93,9049,94,7284,95,11347,91.5
2026-04-17 09:43:54 PM,KXATPCHALLENGERMATCH-26APR17TABZIN-TAB,92,1,90,2,89,207,88,10793,87,1682,91,9431,92,9559,93,9049,94,7284,95,11347,91.5
2026-04-17 09:43:54 PM,KXATPCHALLENGERMATCH-26APR17TABZIN-TAB,92,1,90,2,89,207,88,10793,87,1682,91,9831,92,9559,93,9049,94,7284,95,11347,91.5
2026-04-17 09:43:54 PM,KXATPCHALLENGERMATCH-26APR17TABZIN-TAB,92,1,90,2,89,207,88,10793,87,1682,91,9831,92,9959,93,9049,94,7284,95,11347,91.5
2026-04-17 09:43:54 PM,KXATPCHALLENGERMATCH-26APR17TABZIN-TAB,92,1,90,2,89,207,88,10793,87,1682,91,10831,92,9959,93,9049,94,7284,95,11347,91.5
2026-04-17 09:43:54 PM,KXATPCHALLENGERMATCH-26APR17TABZIN-TAB,92,1,90,2,89,207,88,10793,87,1682,91,11231,92,9959,93,9049,94,7284,95,11347,91.5
2026-04-17 09:43:54 PM,KXATPCHALLENGERMATCH-26APR17TABZIN-TAB,92,1,90,2,89,207,88,10793,87,1682,91,11356,92,9959,93,9049,94,7284,95,11347,91.5
2026-04-17 09:43:54 PM,KXATPCHALLENGERMATCH-26APR17TABZIN-TAB,92,1,90,2,89,207,88,10793,87,1682,91,11356,92,9959,93,8924,94,7284,95,11347,91.5
2026-04-17 09:43:54 PM,KXATPCHALLENGERMATCH-26APR17TABZIN-TAB,92,1,90,2,89,207,88,10793,87,2082,91,11356,92,9959,93,8924,94,7284,95,11347,91.5
2026-04-17 09:43:54 PM,KXATPCHALLENGERMATCH-26APR17TABZIN-TAB,92,1,90,2,89,207,88,10793,87,2082,91,11356,92,10009,93,8924,94,7284,95,11347,91.5
2026-04-17 09:43:54 PM,KXATPCHALLENGERMATCH-26APR17TABZIN-TAB,92,1,90,2,89,207,88,11193,87,2082,91,11356,92,10009,93,8924,94,7284,95,11347,91.5
2026-04-17 09:43:54 PM,KXATPCHALLENGERMATCH-26APR17TABZIN-TAB,92,1,90,2,89,207,88,11193,87,2082,91,11756,92,10009,93,8924,94,7284,95,11347,91.5
2026-04-17 09:43:54 PM,KXATPCHALLENGERMATCH-26APR17TABZIN-TAB,92,1,90,2,89,207,88,11193,87,2082,91,12156,92,10009,93,8924,94,7284,95,11347,91.5
2026-04-17 09:43:54 PM,KXATPCHALLENGERMATCH-26APR17TABZIN-TAB,92,1,90,2,89,607,88,11193,87,2082,91,12156,92,10009,93,8924,94,7284,95,11347,91.5
2026-04-17 09:43:54 PM,KXATPCHALLENGERMATCH-26APR17TABZIN-TAB,92,1,90,2,89,607,88,11193,87,9219,91,12156,92,10009,93,8924,94,7284,95,11347,91.5
2026-04-17 09:43:54 PM,KXATPCHALLENGERMATCH-26APR17TABZIN-TAB,92,1,90,2,89,607,88,11193,87,9219,91,12156,92,10009,93,8844,94,7284,95,11347,91.5
2026-04-17 09:43:54 PM,KXATPCHALLENGERMATCH-26APR17TABZIN-TAB,92,1,90,2,89,607,88,11193,87,9219,91,12236,92,10009,93,8844,94,7284,95,11347,91.5
2026-04-17 09:43:55 PM,KXATPCHALLENGERMATCH-26APR17TABZIN-TAB,92,1,90,2,89,607,88,11193,87,9219,91,12236,92,10009,93,8844,94,7184,95,11347,91.5
2026-04-17 09:43:58 PM,KXATPCHALLENGERMATCH-26APR17TABZIN-TAB,92,1,90,2,89,607,88,11193,87,9047,91,12236,92,10009,93,8844,94,7184,95,11347,91.5
2026-04-17 09:43:58 PM,KXATPCHALLENGERMATCH-26APR17TABZIN-TAB,92,1,90,2,89,775,88,11193,87,9047,91,12236,92,10009,93,8844,94,7184,95,11347,91.5
2026-04-17 09:43:58 PM,KXATPCHALLENGERMATCH-26APR17TABZIN-TAB,92,1,90,2,89,775,88,11193,87,8647,91,12236,92,10009,93,8844,94,7184,95,11347,91.5
2026-04-17 09:43:58 PM,KXATPCHALLENGERMATCH-26APR17TABZIN-TAB,92,1,90,2,89,775,88,12003,87,8647,91,12236,92,10009,93,8844,94,7184,95,11347,91.5
2026-04-17 09:43:58 PM,KXATPCHALLENGERMATCH-26APR17TABZIN-TAB,92,1,90,402,89,775,88,12003,87,8647,91,12236,92,10009,93,8844,94,7184,95,11347,91.5
2026-04-17 09:43:59 PM,KXATPCHALLENGERMATCH-26APR17TABZIN-TAB,92,1,90,402,89,775,88,12003,87,7837,91,12236,92,10009,93,8844,94,7184,95,11347,91.5
2026-04-17 09:43:59 PM,KXATPCHALLENGERMATCH-26APR17TABZIN-TAB,92,1,90,502,89,775,88,12003,87,7837,91,12236,92,10009,93,8844,94,7184,95,11347,91.5
2026-04-17 09:44:00 PM,KXATPCHALLENGERMATCH-26APR17TABZIN-TAB,92,1,90,502,89,775,88,12003,87,7837,91,11894,92,10009,93,8844,94,7184,95,11347,91.5
2026-04-17 09:44:00 PM,KXATPCHALLENGERMATCH-26APR17TABZIN-TAB,92,1,90,502,89,775,88,12003,87,7837,91,11893,92,10009,93,8844,94,7184,95,11347,91.5
2026-04-17 09:44:00 PM,KXATPCHALLENGERMATCH-26APR17TABZIN-TAB,92,1,90,502,89,775,88,12003,87,7837,91,11893,92,10009,93,8844,94,7286,95,11347,91.5
2026-04-17 09:44:01 PM,KXATPCHALLENGERMATCH-26APR17TABZIN-TAB,92,1,90,502,89,775,88,12003,87,7837,91,11893,92,10009,93,8884,94,7286,95,11347,91.5
2026-04-17 09:44:01 PM,KXATPCHALLENGERMATCH-26APR17TABZIN-TAB,92,1,90,502,89,775,88,12003,87,7837,91,12893,92,10009,93,8884,94,7286,95,11347,91.5
2026-04-17 09:44:02 PM,KXATPCHALLENGERMATCH-26APR17TABZIN-TAB,92,1,90,502,89,775,88,12003,87,7837,91,12893,92,10009,93,8884,94,7184,95,11347,91.5
2026-04-17 09:44:02 PM,KXATPCHALLENGERMATCH-26APR17TABZIN-TAB,92,1,90,502,89,775,88,12003,87,7837,91,11893,92,10009,93,8884,94,7184,95,11347,91.5
2026-04-17 09:44:02 PM,KXATPCHALLENGERMATCH-26APR17TABZIN-TAB,92,1,90,502,89,775,88,12003,87,7837,91,11493,92,10009,93,8884,94,7184,95,11347,91.5
2026-04-17 09:44:02 PM,KXATPCHALLENGERMATCH-26APR17TABZIN-TAB,92,1,90,502,89,775,88,12003,87,7837,91,10493,92,10009,93,8884,94,7184,95,11347,91.5
2026-04-17 09:44:02 PM,KXATPCHALLENGERMATCH-26APR17TABZIN-TAB,92,1,90,502,89,775,88,12003,87,7837,91,10093,92,10009,93,8884,94,7184,95,11347,91.5
2026-04-17 09:44:02 PM,KXATPCHALLENGERMATCH-26APR17TABZIN-TAB,92,1,90,502,89,775,88,12003,87,7837,91,10093,92,9009,93,8884,94,7184,95,11347,91.5
2026-04-17 09:44:02 PM,KXATPCHALLENGERMATCH-26APR17TABZIN-TAB,92,1,90,502,89,775,88,12003,87,7837,91,9693,92,9009,93,8884,94,7184,95,11347,91.5
2026-04-17 09:44:02 PM,KXATPCHALLENGERMATCH-26APR17TABZIN-TAB,92,1,90,502,89,775,88,12003,87,7837,91,9293,92,9009,93,8884,94,7184,95,11347,91.5
2026-04-17 09:44:02 PM,KXATPCHALLENGERMATCH-26APR17TABZIN-TAB,92,1,90,502,89,775,88,12003,87,7837,91,9293,92,8609,93,8884,94,7184,95,11347,91.5
2026-04-17 09:44:02 PM,KXATPCHALLENGERMATCH-26APR17TABZIN-TAB,92,1,90,502,89,775,88,12003,87,7837,91,9293,92,8609,93,8484,94,7184,95,11347,91.5
2026-04-17 09:44:02 PM,KXATPCHALLENGERMATCH-26APR17TABZIN-TAB,92,1,90,502,89,775,88,12003,87,7837,91,9293,92,8609,93,8084,94,7184,95,11347,91.5
2026-04-17 09:44:02 PM,KXATPCHALLENGERMATCH-26APR17TABZIN-TAB,92,1,90,502,89,775,88,12003,87,7837,91,9293,92,8209,93,8084,94,7184,95,11347,91.5
2026-04-17 09:44:02 PM,KXATPCHALLENGERMATCH-26APR17TABZIN-TAB,92,1,90,502,89,775,88,12003,87,7837,91,9293,92,8209,93,8084,94,6784,95,11347,91.5
2026-04-17 09:44:02 PM,KXATPCHALLENGERMATCH-26APR17TABZIN-TAB,92,1,90,502,89,725,88,12003,87,7837,91,9293,92,8209,93,8084,94,6784,95,11347,91.5
2026-04-17 09:44:02 PM,KXATPCHALLENGERMATCH-26APR17TABZIN-TAB,92,1,90,502,89,725,88,12003,87,7837,91,9293,92,7809,93,8084,94,6784,95,11347,91.5
2026-04-17 09:44:02 PM,KXATPCHALLENGERMATCH-26APR17TABZIN-TAB,92,1,90,502,89,725,88,12003,87,7837,91,8893,92,7809,93,8084,94,6784,95,11347,91.5
2026-04-17 09:44:02 PM,KXATPCHALLENGERMATCH-26APR17TABZIN-TAB,92,1,90,502,89,725,88,12003,87,7837,91,8893,92,7409,93,8084,94,6784,95,11347,91.5
2026-04-17 09:44:02 PM,KXATPCHALLENGERMATCH-26APR17TABZIN-TAB,92,1,90,502,89,725,88,12003,87,7837,91,7893,92,7409,93,8084,94,6784,95,11347,91.5
2026-04-17 09:44:02 PM,KXATPCHALLENGERMATCH-26APR17TABZIN-TAB,92,1,90,502,89,725,88,12003,87,7837,91,7493,92,7409,93,8084,94,6784,95,11347,91.5
2026-04-17 09:44:02 PM,KXATPCHALLENGERMATCH-26APR17TABZIN-TAB,92,1,90,502,89,725,88,12003,87,7837,91,7493,92,7359,93,8084,94,6784,95,11347,91.5
2026-04-17 09:44:02 PM,KXATPCHALLENGERMATCH-26APR17TABZIN-TAB,92,1,90,502,89,725,88,11603,87,7837,91,7493,92,7359,93,8084,94,6784,95,11347,91.5
2026-04-17 09:44:02 PM,KXATPCHALLENGERMATCH-26APR17TABZIN-TAB,92,1,90,502,89,725,88,11603,87,7837,91,7093,92,7359,93,8084,94,6784,95,11347,91.5
2026-04-17 09:44:02 PM,KXATPCHALLENGERMATCH-26APR17TABZIN-TAB,92,1,90,502,89,725,88,11603,87,7837,91,6693,92,7359,93,8084,94,6784,95,11347,91.5
2026-04-17 09:44:02 PM,KXATPCHALLENGERMATCH-26APR17TABZIN-TAB,92,1,90,502,89,325,88,11603,87,7837,91,6693,92,7359,93,8084,94,6784,95,11347,91.5
2026-04-17 09:44:02 PM,KXATPCHALLENGERMATCH-26APR17TABZIN-TAB,92,1,90,102,89,325,88,11603,87,7837,91,6693,92,7359,93,8084,94,6784,95,11347,91.5
2026-04-17 09:44:02 PM,KXATPCHALLENGERMATCH-26APR17TABZIN-TAB,92,1,90,102,89,325,88,11603,87,7837,91,6730,92,7359,93,8084,94,6784,95,11347,91.5
2026-04-17 09:44:02 PM,KXATPCHALLENGERMATCH-26APR17TABZIN-TAB,92,1,90,102,89,325,88,11603,87,7837,91,6693,92,7359,93,8084,94,6784,95,11347,91.5
2026-04-17 09:44:02 PM,KXATPCHALLENGERMATCH-26APR17TABZIN-TAB,92,1,90,102,89,325,88,11603,87,7837,91,5193,92,7359,93,8084,94,6784,95,11347,91.5
2026-04-17 09:44:02 PM,KXATPCHALLENGERMATCH-26APR17TABZIN-TAB,92,1,90,2,89,325,88,11603,87,7837,91,5193,92,7359,93,8084,94,6784,95,11347,91.5
2026-04-17 09:44:02 PM,KXATPCHALLENGERMATCH-26APR17TABZIN-TAB,92,1,90,2,89,325,88,11603,87,7837,91,6193,92,7359,93,8084,94,6784,95,11347,91.5
2026-04-17 09:44:02 PM,KXATPCHALLENGERMATCH-26APR17TABZIN-TAB,92,1,90,2,89,325,88,11603,87,7837,91,6243,92,7359,93,8084,94,6784,95,11347,91.5
2026-04-17 09:44:02 PM,KXATPCHALLENGERMATCH-26APR17TABZIN-TAB,92,1,90,2,89,725,88,11603,87,7837,91,6243,92,7359,93,8084,94,6784,95,11347,91.5
2026-04-17 09:44:02 PM,KXATPCHALLENGERMATCH-26APR17TABZIN-TAB,92,1,90,2,89,725,88,11603,87,7837,91,7243,92,7359,93,8084,94,6784,95,11347,91.5
2026-04-17 09:44:02 PM,KXATPCHALLENGERMATCH-26APR17TABZIN-TAB,92,1,90,2,89,725,88,12003,87,7837,91,7243,92,7359,93,8084,94,6784,95,11347,91.5
2026-04-17 09:44:02 PM,KXATPCHALLENGERMATCH-26APR17TABZIN-TAB,92,1,90,2,89,725,88,12003,87,8237,91,7243,92,7359,93,8084,94,6784,95,11347,91.5
2026-04-17 09:44:02 PM,KXATPCHALLENGERMATCH-26APR17TABZIN-TAB,92,1,90,2,89,725,88,12003,87,8237,91,8243,92,7359,93,8084,94,6784,95,11347,91.5
2026-04-17 09:44:02 PM,KXATPCHALLENGERMATCH-26APR17TABZIN-TAB,92,1,90,2,89,725,88,12003,87,8237,91,8243,92,8359,93,8084,94,6784,95,11347,91.5
2026-04-17 09:44:02 PM,KXATPCHALLENGERMATCH-26APR17TABZIN-TAB,92,1,90,2,89,725,88,12003,87,8237,91,8643,92,8359,93,8084,94,6784,95,11347,91.5
2026-04-17 09:44:02 PM,KXATPCHALLENGERMATCH-26APR17TABZIN-TAB,92,1,90,2,89,725,88,12003,87,8237,91,8643,92,8759,93,8084,94,6784,95,11347,91.5
2026-04-17 09:44:02 PM,KXATPCHALLENGERMATCH-26APR17TABZIN-TAB,92,1,90,2,89,725,88,12003,87,8237,91,8643,92,8759,93,8484,94,6784,95,11347,91.5
2026-04-17 09:44:02 PM,KXATPCHALLENGERMATCH-26APR17TABZIN-TAB,92,1,90,2,89,725,88,12003,87,8237,91,8643,92,8759,93,8484,94,7184,95,11347,91.5
2026-04-17 09:44:02 PM,KXATPCHALLENGERMATCH-26APR17TABZIN-TAB,92,1,90,2,89,725,88,12003,87,8237,91,8643,92,9159,93,8484,94,7184,95,11347,91.5
2026-04-17 09:44:02 PM,KXATPCHALLENGERMATCH-26APR17TABZIN-TAB,92,1,90,2,89,725,88,12003,87,8237,91,9043,92,9159,93,8484,94,7184,95,11347,91.5
2026-04-17 09:44:02 PM,KXATPCHALLENGERMATCH-26APR17TABZIN-TAB,92,1,90,2,89,775,88,12003,87,8237,91,9043,92,9159,93,8484,94,7184,95,11347,91.5
2026-04-17 09:44:02 PM,KXATPCHALLENGERMATCH-26APR17TABZIN-TAB,92,1,90,2,89,775,88,12003,87,8237,91,9443,92,9159,93,8484,94,7184,95,11347,91.5
2026-04-17 09:44:02 PM,KXATPCHALLENGERMATCH-26APR17TABZIN-TAB,92,1,90,2,89,775,88,12003,87,8237,91,9843,92,9159,93,8484,94,7184,95,11347,91.5
2026-04-17 09:44:02 PM,KXATPCHALLENGERMATCH-26APR17TABZIN-TAB,92,1,90,2,89,775,88,12003,87,8237,91,9843,92,9159,93,8884,94,7184,95,11347,91.5
2026-04-17 09:44:02 PM,KXATPCHALLENGERMATCH-26APR17TABZIN-TAB,92,1,90,2,89,775,88,12003,87,8237,91,10243,92,9159,93,8884,94,7184,95,11347,91.5
2026-04-17 09:44:02 PM,KXATPCHALLENGERMATCH-26APR17TABZIN-TAB,92,1,90,2,89,775,88,12003,87,8237,91,10243,92,9559,93,8884,94,7184,95,11347,91.5
2026-04-17 09:44:02 PM,KXATPCHALLENGERMATCH-26APR17TABZIN-TAB,92,1,90,2,89,775,88,12003,87,8237,91,10643,92,9559,93,8884,94,7184,95,11347,91.5
2026-04-17 09:44:02 PM,KXATPCHALLENGERMATCH-26APR17TABZIN-TAB,92,1,90,2,89,775,88,12003,87,8237,91,11043,92,9559,93,8884,94,7184,95,11347,91.5
2026-04-17 09:44:02 PM,KXATPCHALLENGERMATCH-26APR17TABZIN-TAB,92,1,90,2,89,775,88,12003,87,8237,91,11443,92,9559,93,8884,94,7184,95,11347,91.5
2026-04-17 09:44:02 PM,KXATPCHALLENGERMATCH-26APR17TABZIN-TAB,92,1,90,2,89,775,88,12003,87,8237,91,11443,92,9959,93,8884,94,7184,95,11347,91.5
2026-04-17 09:44:02 PM,KXATPCHALLENGERMATCH-26APR17TABZIN-TAB,92,1,90,2,89,775,88,12003,87,8237,91,11480,92,9959,93,8884,94,7184,95,11347,91.5
2026-04-17 09:44:02 PM,KXATPCHALLENGERMATCH-26APR17TABZIN-TAB,92,1,90,2,89,775,88,10180,87,8237,91,11480,92,9959,93,8884,94,7184,95,11347,91.5
2026-04-17 09:44:02 PM,KXATPCHALLENGERMATCH-26APR17TABZIN-TAB,92,1,90,2,89,775,88,10180,87,8237,91,9534,92,9959,93,8884,94,7184,95,11347,91.5
2026-04-17 09:44:02 PM,KXATPCHALLENGERMATCH-26APR17TABZIN-TAB,92,1,90,2,89,7525,88,10180,87,8237,91,9534,92,9959,93,8884,94,7184,95,11347,91.5
2026-04-17 09:44:03 PM,KXATPCHALLENGERMATCH-26APR17TABZIN-TAB,92,1,90,2,89,7525,88,10180,87,8237,91,9534,92,3511,93,8884,94,7184,95,11347,91.5
2026-04-17 09:44:03 PM,KXATPCHALLENGERMATCH-26APR17TABZIN-TAB,92,1,90,2,89,7525,88,10180,87,8237,91,6697,92,3511,93,8884,94,7184,95,11347,91.5
2026-04-17 09:44:03 PM,KXATPCHALLENGERMATCH-26APR17TABZIN-TAB,92,1,90,2,89,7525,88,10180,87,8237,91,6697,92,3511,93,8884,94,434,95,11347,91.5
2026-04-17 09:44:03 PM,KXATPCHALLENGERMATCH-26APR17TABZIN-TAB,92,1,90,2,89,775,88,10180,87,8237,91,6697,92,3511,93,8884,94,434,95,11347,91.5
2026-04-17 09:44:03 PM,KXATPCHALLENGERMATCH-26APR17TABZIN-TAB,92,1,90,2,89,775,88,2915,87,8237,91,6697,92,3511,93,8884,94,434,95,11347,91.5
2026-04-17 09:44:03 PM,KXATPCHALLENGERMATCH-26APR17TABZIN-TAB,92,1,90,2,89,775,88,2915,87,1100,91,6697,92,3511,93,8884,94,434,95,11347,91.5
2026-04-17 09:44:03 PM,KXATPCHALLENGERMATCH-26APR17TABZIN-TAB,92,1,90,2,89,775,88,2915,87,1100,91,6697,92,3511,93,8884,94,434,95,4832,91.5
2026-04-17 09:44:03 PM,KXATPCHALLENGERMATCH-26APR17TABZIN-TAB,92,1,90,2,89,775,88,2915,87,1100,91,6697,92,3511,93,1644,94,434,95,4832,91.5
2026-04-17 09:44:03 PM,KXATPCHALLENGERMATCH-26APR17TABZIN-TAB,92,1,90,2,89,775,88,2105,87,1100,91,6697,92,3511,93,1644,94,434,95,4832,91.5
2026-04-17 09:44:03 PM,KXATPCHALLENGERMATCH-26APR17TABZIN-TAB,92,1,90,2,89,775,88,2105,87,1100,91,6660,92,3511,93,1644,94,434,95,4832,91.5
2026-04-17 09:44:03 PM,KXATPCHALLENGERMATCH-26APR17TABZIN-TAB,92,1,90,2,89,775,88,2105,87,1100,91,6260,92,3511,93,1644,94,434,95,4832,91.5
2026-04-17 09:44:03 PM,KXATPCHALLENGERMATCH-26APR17TABZIN-TAB,92,1,90,2,89,775,88,2105,87,1100,91,5260,92,3511,93,1644,94,434,95,4832,91.5
2026-04-17 09:44:03 PM,KXATPCHALLENGERMATCH-26APR17TABZIN-TAB,92,1,90,2,89,775,88,2105,87,1100,91,4860,92,3511,93,1644,94,434,95,4832,91.5
2026-04-17 09:44:03 PM,KXATPCHALLENGERMATCH-26APR17TABZIN-TAB,92,1,90,2,89,775,88,2105,87,1100,91,4460,92,3511,93,1644,94,434,95,4832,91.5
2026-04-17 09:44:03 PM,KXATPCHALLENGERMATCH-26APR17TABZIN-TAB,92,1,90,2,89,775,88,2105,87,1100,91,3460,92,3511,93,1644,94,434,95,4832,91.5
2026-04-17 09:44:03 PM,KXATPCHALLENGERMATCH-26APR17TABZIN-TAB,92,1,90,2,89,775,88,2105,87,1100,91,3060,92,3511,93,1644,94,434,95,4832,91.5
2026-04-17 09:44:03 PM,KXATPCHALLENGERMATCH-26APR17TABZIN-TAB,92,1,90,2,89,775,88,2105,87,1100,91,2660,92,3511,93,1644,94,434,95,4832,91.5
2026-04-17 09:44:03 PM,KXATPCHALLENGERMATCH-26APR17TABZIN-TAB,92,1,90,2,89,775,88,2105,87,1100,91,1660,92,3511,93,1644,94,434,95,4832,91.5
2026-04-17 09:44:03 PM,KXATPCHALLENGERMATCH-26APR17TABZIN-TAB,92,1,90,2,89,775,88,2105,87,1100,91,1260,92,3511,93,1644,94,434,95,4832,91.5
2026-04-17 09:44:03 PM,KXATPCHALLENGERMATCH-26APR17TABZIN-TAB,92,1,90,2,89,775,88,2105,87,1100,91,1260,92,2511,93,1644,94,434,95,4832,91.5
2026-04-17 09:44:03 PM,KXATPCHALLENGERMATCH-26APR17TABZIN-TAB,92,1,90,2,89,775,88,2105,87,1100,91,1260,92,2511,93,1644,94,1134,95,4832,91.5
2026-04-17 09:44:03 PM,KXATPCHALLENGERMATCH-26APR17TABZIN-TAB,92,1,90,2,89,775,88,2105,87,1100,91,1260,92,1811,93,1644,94,1134,95,4832,91.5
2026-04-17 09:44:03 PM,KXATPCHALLENGERMATCH-26APR17TABZIN-TAB,92,1,90,2,89,775,88,2105,87,1100,91,1210,92,1811,93,1644,94,1134,95,4832,91.5
2026-04-17 09:44:03 PM,KXATPCHALLENGERMATCH-26APR17TABZIN-TAB,92,1,90,2,89,775,88,2105,87,1100,91,1210,92,1811,93,1244,94,1134,95,4832,91.5
2026-04-17 09:44:03 PM,KXATPCHALLENGERMATCH-26APR17TABZIN-TAB,92,1,90,2,89,775,88,2105,87,1100,91,810,92,1811,93,1244,94,1134,95,4832,91.5
2026-04-17 09:44:03 PM,KXATPCHALLENGERMATCH-26APR17TABZIN-TAB,92,1,90,2,89,775,88,2105,87,1100,91,810,92,1411,93,1244,94,1134,95,4832,91.5
2026-04-17 09:44:03 PM,KXATPCHALLENGERMATCH-26APR17TABZIN-TAB,92,1,90,2,89,775,88,2105,87,1100,91,410,92,1411,93,1244,94,1134,95,4832,91.5
2026-04-17 09:44:03 PM,KXATPCHALLENGERMATCH-26APR17TABZIN-TAB,92,1,90,2,89,775,88,2105,87,1100,91,410,92,1411,93,1244,94,1134,95,5832,91.5
2026-04-17 09:44:03 PM,KXATPCHALLENGERMATCH-26APR17TABZIN-TAB,92,1,90,2,89,775,88,2105,87,1100,91,410,92,1011,93,1244,94,1134,95,5832,91.5
2026-04-17 09:44:03 PM,KXATPCHALLENGERMATCH-26APR17TABZIN-TAB,92,1,90,2,89,775,88,2105,87,1100,91,410,92,1011,93,1244,94,1134,95,6832,91.5
2026-04-17 09:44:03 PM,KXATPCHALLENGERMATCH-26APR17TABZIN-TAB,92,1,90,2,89,775,88,2105,87,1100,91,410,92,1061,93,1244,94,1134,95,6832,91.5
2026-04-17 09:44:03 PM,KXATPCHALLENGERMATCH-26APR17TABZIN-TAB,92,1,90,2,89,775,88,2105,87,1100,91,410,92,661,93,1244,94,1134,95,6832,91.5
2026-04-17 09:44:03 PM,KXATPCHALLENGERMATCH-26APR17TABZIN-TAB,92,1,90,2,89,775,88,2105,87,1100,91,410,92,661,93,1244,94,1171,95,6832,91.5
2026-04-17 09:44:03 PM,KXATPCHALLENGERMATCH-26APR17TABZIN-TAB,92,1,90,2,89,775,88,2105,87,1100,91,410,92,661,93,1244,94,1571,95,6832,91.5
2026-04-17 09:44:03 PM,KXATPCHALLENGERMATCH-26APR17TABZIN-TAB,92,1,90,2,89,775,88,2105,87,1100,91,410,92,661,93,1244,94,1571,95,7232,91.5
2026-04-17 09:44:03 PM,KXATPCHALLENGERMATCH-26APR17TABZIN-TAB,92,1,90,2,89,775,88,2105,87,1100,91,410,92,661,93,1644,94,1571,95,7232,91.5
2026-04-17 09:44:03 PM,KXATPCHALLENGERMATCH-26APR17TABZIN-TAB,92,1,90,2,89,775,88,2105,87,1100,91,410,92,661,93,1644,94,1571,95,5781,91.5
2026-04-17 09:44:03 PM,KXATPCHALLENGERMATCH-26APR17TABZIN-TAB,92,1,90,2,89,775,88,2105,87,400,91,410,92,661,93,1644,94,1571,95,5781,91.5
2026-04-17 09:44:03 PM,KXATPCHALLENGERMATCH-26APR17TABZIN-TAB,92,1,90,2,89,775,88,1405,87,400,91,410,92,661,93,1644,94,1571,95,5781,91.5
2026-04-17 09:44:03 PM,KXATPCHALLENGERMATCH-26APR17TABZIN-TAB,92,1,90,2,89,775,88,1405,87,400,91,410,92,661,93,944,94,1571,95,5781,91.5
2026-04-17 09:44:03 PM,KXATPCHALLENGERMATCH-26APR17TABZIN-TAB,92,1,90,2,89,775,88,1405,84,529,91,410,92,661,93,944,94,1571,95,5781,91.5
2026-04-17 09:44:03 PM,KXATPCHALLENGERMATCH-26APR17TABZIN-TAB,92,1,90,2,89,775,88,1405,84,529,91,410,92,661,93,544,94,1571,95,5781,91.5
2026-04-17 09:44:04 PM,KXATPCHALLENGERMATCH-26APR17TABZIN-TAB,92,1,90,402,89,775,88,1405,84,529,91,410,92,661,93,544,94,1571,95,5781,91.5
2026-04-17 09:44:04 PM,KXATPCHALLENGERMATCH-26APR17TABZIN-TAB,92,1,90,402,89,775,88,1405,84,529,91,410,92,661,93,544,94,1571,95,5381,91.5
2026-04-17 09:44:04 PM,KXATPCHALLENGERMATCH-26APR17TABZIN-TAB,92,1,90,402,89,775,88,1405,84,529,91,410,92,611,93,544,94,1571,95,5381,91.5
2026-04-17 09:44:04 PM,KXATPCHALLENGERMATCH-26APR17TABZIN-TAB,92,1,90,402,89,775,88,1405,84,529,91,410,92,611,93,544,94,1171,95,5381,91.5
2026-04-17 09:44:04 PM,KXATPCHALLENGERMATCH-26APR17TABZIN-TAB,92,1,90,402,89,775,88,1405,84,529,91,460,92,611,93,544,94,1171,95,5381,91.5
2026-04-17 09:44:04 PM,KXATPCHALLENGERMATCH-26APR17TABZIN-TAB,92,1,90,402,89,775,88,1405,84,529,91,860,92,611,93,544,94,1171,95,5381,91.5
2026-04-17 09:44:04 PM,KXATPCHALLENGERMATCH-26APR17TABZIN-TAB,92,1,90,402,89,775,88,1405,84,529,91,760,92,611,93,544,94,1171,95,5381,91.5
2026-04-17 09:44:04 PM,KXATPCHALLENGERMATCH-26APR17TABZIN-TAB,92,1,90,402,89,775,88,1405,84,529,91,860,92,611,93,544,94,1171,95,5381,91.5
2026-04-17 09:44:05 PM,KXATPCHALLENGERMATCH-26APR17TABZIN-TAB,92,1,90,402,89,775,88,1405,84,529,91,860,92,611,93,544,94,1171,95,5441,91.5
2026-04-17 09:44:05 PM,KXATPCHALLENGERMATCH-26APR17TABZIN-TAB,92,1,90,402,89,775,88,1405,84,529,91,860,92,611,93,544,94,2622,95,5441,91.5
2026-04-17 09:44:05 PM,KXATPCHALLENGERMATCH-26APR17TABZIN-TAB,92,1,90,402,89,775,88,1405,84,529,91,860,92,611,93,544,94,1922,95,5441,91.5
2026-04-17 09:44:05 PM,KXATPCHALLENGERMATCH-26APR17TABZIN-TAB,92,1,90,402,89,775,88,1405,84,529,91,860,92,611,93,944,94,1922,95,5441,91.5
2026-04-17 09:44:06 PM,KXATPCHALLENGERMATCH-26APR17TABZIN-TAB,92,1,90,402,89,775,88,1405,83,64,91,860,92,611,93,944,94,1922,95,5441,91.5
2026-04-17 09:44:06 PM,KXATPCHALLENGERMATCH-26APR17TABZIN-TAB,92,1,90,402,89,775,88,1405,85,847,91,860,92,611,93,944,94,1922,95,5441,91.5
2026-04-17 09:44:06 PM,KXATPCHALLENGERMATCH-26APR17TABZIN-TAB,92,1,90,402,89,775,88,1405,86,700,91,860,92,611,93,944,94,1922,95,5441,91.5
2026-04-17 09:44:06 PM,KXATPCHALLENGERMATCH-26APR17TABZIN-TAB,92,1,90,402,89,775,88,1405,86,700,91,1560,92,611,93,944,94,1922,95,5441,91.5
2026-04-17 09:44:06 PM,KXATPCHALLENGERMATCH-26APR17TABZIN-TAB,92,1,90,402,89,775,88,1405,86,700,91,1560,92,1311,93,944,94,1922,95,5441,91.5
2026-04-17 09:44:06 PM,KXATPCHALLENGERMATCH-26APR17TABZIN-TAB,92,1,90,402,89,775,88,1405,86,700,91,1960,92,1311,93,944,94,1922,95,5441,91.5
