ts_et,ticker,bid_1,bid_1_sz,bid_2,bid_2_sz,bid_3,bid_3_sz,bid_4,bid_4_sz,bid_5,bid_5_sz,ask_1,ask_1_sz,ask_2,ask_2_sz,ask_3,ask_3_sz,ask_4,ask_4_sz,ask_5,ask_5_sz,mid
2026-04-17 09:43:06 PM,KXATPCHALLENGERMATCH-26APR17TULBRO-TUL,53,312,52,60,51,7487,50,6270,49,2327,54,1325,55,2106,56,2653,57,7252,58,6033,53.5
2026-04-17 09:44:58 PM,KXATPCHALLENGERMATCH-26APR17TULBRO-TUL,53,312,52,60,51,7487,50,6270,49,2327,54,1365,55,2106,56,2653,57,7252,58,6033,53.5
2026-04-17 09:46:32 PM,KXATPCHALLENGERMATCH-26APR17TULBRO-TUL,53,312,52,60,51,7487,50,6270,49,2327,54,1278,55,2106,56,2653,57,7252,58,6033,53.5
2026-04-17 09:46:35 PM,KXATPCHALLENGERMATCH-26APR17TULBRO-TUL,53,312,52,60,51,7487,50,6270,49,2327,54,846,55,2106,56,2653,57,7252,58,6033,53.5
2026-04-17 09:46:35 PM,KXATPCHALLENGERMATCH-26APR17TULBRO-TUL,53,312,52,60,51,7487,50,6270,49,2327,54,668,55,2106,56,2653,57,7252,58,6033,53.5
2026-04-17 09:46:35 PM,KXATPCHALLENGERMATCH-26APR17TULBRO-TUL,53,312,52,60,51,7487,50,6270,49,2327,54,565,55,2106,56,2653,57,7252,58,6033,53.5
2026-04-17 09:46:35 PM,KXATPCHALLENGERMATCH-26APR17TULBRO-TUL,53,312,52,60,51,7487,50,6270,49,2327,54,565,55,2106,56,1853,57,7252,58,6033,53.5
2026-04-17 09:46:35 PM,KXATPCHALLENGERMATCH-26APR17TULBRO-TUL,53,312,52,60,51,7487,50,6270,49,2327,54,565,55,2106,56,1853,57,7252,58,6833,53.5
2026-04-17 09:46:35 PM,KXATPCHALLENGERMATCH-26APR17TULBRO-TUL,53,312,52,60,51,7487,50,6270,49,2327,54,565,55,2906,56,1853,57,7252,58,6833,53.5
2026-04-17 09:46:38 PM,KXATPCHALLENGERMATCH-26APR17TULBRO-TUL,53,50,52,60,51,7487,50,6270,49,2327,54,565,55,2906,56,1853,57,7252,58,6833,53.5
2026-04-17 09:47:25 PM,KXATPCHALLENGERMATCH-26APR17TULBRO-TUL,53,50,52,60,51,7487,50,6270,49,2327,54,65,55,2906,56,1853,57,7252,58,6833,53.5
2026-04-17 09:47:25 PM,KXATPCHALLENGERMATCH-26APR17TULBRO-TUL,53,50,52,60,51,7487,50,6270,49,2327,54,40,55,2906,56,1853,57,7252,58,6833,53.5
2026-04-17 09:47:25 PM,KXATPCHALLENGERMATCH-26APR17TULBRO-TUL,53,50,52,60,51,7487,50,6270,49,2327,55,2906,56,1853,57,7252,58,6833,59,800,54.0
2026-04-17 09:47:25 PM,KXATPCHALLENGERMATCH-26APR17TULBRO-TUL,53,50,52,60,51,7487,50,6270,49,2327,55,2440,56,1853,57,7252,58,6833,59,800,54.0
2026-04-17 09:47:25 PM,KXATPCHALLENGERMATCH-26APR17TULBRO-TUL,53,50,52,60,51,7487,50,6270,49,2327,55,1756,56,1853,57,7252,58,6833,59,800,54.0
2026-04-17 09:47:25 PM,KXATPCHALLENGERMATCH-26APR17TULBRO-TUL,53,50,52,60,51,7487,50,6270,49,2327,55,1256,56,1853,57,7252,58,6833,59,800,54.0
2026-04-17 09:47:25 PM,KXATPCHALLENGERMATCH-26APR17TULBRO-TUL,53,50,52,60,51,7487,50,6270,49,2327,55,818,56,1853,57,7252,58,6833,59,800,54.0
2026-04-17 09:47:25 PM,KXATPCHALLENGERMATCH-26APR17TULBRO-TUL,53,50,52,60,51,7487,50,6298,49,2327,55,818,56,1853,57,7252,58,6833,59,800,54.0
2026-04-17 09:47:25 PM,KXATPCHALLENGERMATCH-26APR17TULBRO-TUL,53,50,52,516,51,7487,50,6298,49,2327,55,818,56,1853,57,7252,58,6833,59,800,54.0
2026-04-17 09:47:25 PM,KXATPCHALLENGERMATCH-26APR17TULBRO-TUL,53,50,52,516,51,7487,50,6298,49,2327,55,801,56,1853,57,7252,58,6833,59,800,54.0
2026-04-17 09:47:25 PM,KXATPCHALLENGERMATCH-26APR17TULBRO-TUL,53,50,52,516,51,7487,50,6298,49,2327,55,1247,56,1853,57,7252,58,6833,59,800,54.0
2026-04-17 09:47:25 PM,KXATPCHALLENGERMATCH-26APR17TULBRO-TUL,53,50,52,516,51,7487,50,6298,49,2327,55,1944,56,1853,57,7252,58,6833,59,800,54.0
2026-04-17 09:47:25 PM,KXATPCHALLENGERMATCH-26APR17TULBRO-TUL,53,50,52,516,51,7487,50,6298,49,2327,55,1944,56,2309,57,7252,58,6833,59,800,54.0
2026-04-17 09:47:25 PM,KXATPCHALLENGERMATCH-26APR17TULBRO-TUL,53,50,52,516,51,7217,50,6298,49,2327,55,1944,56,2309,57,7252,58,6833,59,800,54.0
2026-04-17 09:48:28 PM,KXATPCHALLENGERMATCH-26APR17TULBRO-TUL,53,50,52,516,51,7217,50,6298,49,2327,55,1995,56,2309,57,7252,58,6833,59,800,54.0
2026-04-17 09:48:46 PM,KXATPCHALLENGERMATCH-26APR17TULBRO-TUL,53,50,52,516,51,7217,50,6298,49,2327,55,1960,56,2309,57,7252,58,6833,59,800,54.0
2026-04-17 09:48:47 PM,KXATPCHALLENGERMATCH-26APR17TULBRO-TUL,53,50,52,516,51,6417,50,6298,49,2327,55,1960,56,2309,57,7252,58,6833,59,800,54.0
2026-04-17 09:48:47 PM,KXATPCHALLENGERMATCH-26APR17TULBRO-TUL,53,50,52,1316,51,6417,50,6298,49,2327,55,1960,56,2309,57,7252,58,6833,59,800,54.0
2026-04-17 09:48:47 PM,KXATPCHALLENGERMATCH-26APR17TULBRO-TUL,53,50,52,1316,51,6417,50,7098,49,2327,55,1960,56,2309,57,7252,58,6833,59,800,54.0
2026-04-17 09:48:47 PM,KXATPCHALLENGERMATCH-26APR17TULBRO-TUL,53,50,52,1316,51,6417,50,7098,49,2327,55,1995,56,2309,57,7252,58,6833,59,800,54.0
2026-04-17 09:49:45 PM,KXATPCHALLENGERMATCH-26APR17TULBRO-TUL,53,50,52,1316,51,6417,50,7098,49,2327,55,1912,56,2309,57,7252,58,6833,59,800,54.0
2026-04-17 09:49:47 PM,KXATPCHALLENGERMATCH-26APR17TULBRO-TUL,53,50,52,1316,51,6417,50,7098,49,2327,55,1996,56,2309,57,7252,58,6833,59,800,54.0
2026-04-17 09:50:53 PM,KXATPCHALLENGERMATCH-26APR17TULBRO-TUL,53,50,52,1316,51,6417,50,7098,49,2327,55,2496,56,2309,57,7252,58,6833,59,800,54.0
2026-04-17 09:50:54 PM,KXATPCHALLENGERMATCH-26APR17TULBRO-TUL,53,50,52,1316,51,6417,50,7098,49,2327,55,2452,56,2309,57,7252,58,6833,59,800,54.0
2026-04-17 09:50:57 PM,KXATPCHALLENGERMATCH-26APR17TULBRO-TUL,53,50,52,1316,51,6417,50,7098,49,2327,55,2368,56,2309,57,7252,58,6833,59,800,54.0
2026-04-17 09:50:57 PM,KXATPCHALLENGERMATCH-26APR17TULBRO-TUL,53,50,52,1316,51,6417,50,7098,49,2327,55,2496,56,2309,57,7252,58,6833,59,800,54.0
2026-04-17 09:51:59 PM,KXATPCHALLENGERMATCH-26APR17TULBRO-TUL,53,50,52,1316,51,6417,50,7098,49,2327,55,2373,56,2309,57,7252,58,6833,59,800,54.0
2026-04-17 09:52:00 PM,KXATPCHALLENGERMATCH-26APR17TULBRO-TUL,53,50,52,1316,51,6417,50,7098,49,2327,55,2245,56,2309,57,7252,58,6833,59,800,54.0
2026-04-17 09:52:00 PM,KXATPCHALLENGERMATCH-26APR17TULBRO-TUL,53,50,52,1316,51,6417,50,7098,49,2327,55,2496,56,2309,57,7252,58,6833,59,800,54.0
2026-04-17 09:52:37 PM,KXATPCHALLENGERMATCH-26APR17TULBRO-TUL,53,50,52,1316,51,6417,50,7098,49,2327,55,2245,56,2309,57,7252,58,6833,59,800,54.0
2026-04-17 09:52:37 PM,KXATPCHALLENGERMATCH-26APR17TULBRO-TUL,53,50,52,1316,51,6417,50,7098,49,2327,55,2497,56,2309,57,7252,58,6833,59,800,54.0
2026-04-17 09:52:38 PM,KXATPCHALLENGERMATCH-26APR17TULBRO-TUL,53,50,52,1316,51,6417,50,7098,49,2327,55,2496,56,2309,57,7252,58,6833,59,800,54.0
2026-04-17 09:52:41 PM,KXATPCHALLENGERMATCH-26APR17TULBRO-TUL,53,50,52,1316,51,6417,50,7098,49,2327,55,2244,56,2309,57,7252,58,6833,59,800,54.0
2026-04-17 09:52:41 PM,KXATPCHALLENGERMATCH-26APR17TULBRO-TUL,53,50,52,1316,51,6417,50,7098,49,2327,55,2497,56,2309,57,7252,58,6833,59,800,54.0
2026-04-17 09:52:53 PM,KXATPCHALLENGERMATCH-26APR17TULBRO-TUL,53,50,52,1316,51,6417,50,7098,49,2327,55,2497,56,2309,57,7752,58,6833,59,800,54.0
2026-04-17 09:53:06 PM,KXATPCHALLENGERMATCH-26APR17TULBRO-TUL,53,50,52,1316,51,6417,50,7098,49,2327,55,2347,56,2309,57,7752,58,6833,59,800,54.0
2026-04-17 09:53:08 PM,KXATPCHALLENGERMATCH-26APR17TULBRO-TUL,53,50,52,1316,51,6417,50,7098,49,2327,55,2094,56,2309,57,7752,58,6833,59,800,54.0
2026-04-17 09:53:08 PM,KXATPCHALLENGERMATCH-26APR17TULBRO-TUL,53,50,52,1316,51,6417,50,7098,49,2327,55,2497,56,2309,57,7752,58,6833,59,800,54.0
2026-04-17 09:53:52 PM,KXATPCHALLENGERMATCH-26APR17TULBRO-TUL,53,50,52,1316,51,6417,50,7098,49,2327,55,2497,56,2309,57,7752,58,6833,60,1553,54.0
2026-04-17 09:53:52 PM,KXATPCHALLENGERMATCH-26APR17TULBRO-TUL,53,50,52,1316,51,6417,50,7098,49,2327,55,2497,56,2309,57,7752,58,6833,60,773,54.0
2026-04-17 09:53:52 PM,KXATPCHALLENGERMATCH-26APR17TULBRO-TUL,53,50,52,1316,51,6417,50,7098,49,2327,55,2497,56,2309,57,7752,58,6833,61,1962,54.0
2026-04-17 09:53:52 PM,KXATPCHALLENGERMATCH-26APR17TULBRO-TUL,53,50,52,1316,51,6417,50,7098,49,2327,55,2497,56,2309,57,7752,58,6833,61,2988,54.0
2026-04-17 09:54:04 PM,KXATPCHALLENGERMATCH-26APR17TULBRO-TUL,53,50,52,1316,51,6417,50,7098,49,2327,55,2397,56,2309,57,7752,58,6833,61,2988,54.0
2026-04-17 09:54:06 PM,KXATPCHALLENGERMATCH-26APR17TULBRO-TUL,53,50,52,1316,51,6417,50,7098,49,2327,55,1994,56,2309,57,7752,58,6833,61,2988,54.0
2026-04-17 09:54:06 PM,KXATPCHALLENGERMATCH-26APR17TULBRO-TUL,53,50,52,1316,51,6417,50,7098,49,2327,55,2497,56,2309,57,7752,58,6833,61,2988,54.0
2026-04-17 09:54:41 PM,KXATPCHALLENGERMATCH-26APR17TULBRO-TUL,53,50,52,1316,51,6417,50,7098,49,2327,55,2489,56,2309,57,7752,58,6833,61,2988,54.0
2026-04-17 09:54:42 PM,KXATPCHALLENGERMATCH-26APR17TULBRO-TUL,53,50,52,1316,51,6417,50,7098,49,2327,55,1986,56,2309,57,7752,58,6833,61,2988,54.0
2026-04-17 09:54:42 PM,KXATPCHALLENGERMATCH-26APR17TULBRO-TUL,53,50,52,1316,51,6417,50,7098,49,2327,55,2497,56,2309,57,7752,58,6833,61,2988,54.0
2026-04-17 09:55:02 PM,KXATPCHALLENGERMATCH-26APR17TULBRO-TUL,53,50,52,1316,51,6417,50,7098,49,2327,55,1986,56,2309,57,7752,58,6833,61,2988,54.0
2026-04-17 09:55:02 PM,KXATPCHALLENGERMATCH-26APR17TULBRO-TUL,53,50,52,1316,51,6417,50,7098,49,2327,55,2498,56,2309,57,7752,58,6833,61,2988,54.0
2026-04-17 09:55:48 PM,KXATPCHALLENGERMATCH-26APR17TULBRO-TUL,53,50,52,1316,51,6417,50,7098,49,2327,55,3498,56,2309,57,7752,58,6833,61,2988,54.0
2026-04-17 09:55:50 PM,KXATPCHALLENGERMATCH-26APR17TULBRO-TUL,53,50,52,1316,51,6417,50,7098,49,2327,55,3325,56,2309,57,7752,58,6833,61,2988,54.0
2026-04-17 09:55:51 PM,KXATPCHALLENGERMATCH-26APR17TULBRO-TUL,53,50,52,1316,51,6417,50,7098,49,2327,55,2813,56,2309,57,7752,58,6833,61,2988,54.0
2026-04-17 09:55:51 PM,KXATPCHALLENGERMATCH-26APR17TULBRO-TUL,53,50,52,1316,51,6417,50,7098,49,2327,55,3498,56,2309,57,7752,58,6833,61,2988,54.0
2026-04-17 09:56:23 PM,KXATPCHALLENGERMATCH-26APR17TULBRO-TUL,53,50,52,1316,51,6417,50,7098,49,2327,55,3481,56,2309,57,7752,58,6833,61,2988,54.0
2026-04-17 09:56:25 PM,KXATPCHALLENGERMATCH-26APR17TULBRO-TUL,53,50,52,1316,51,6417,50,7098,49,2327,55,2796,56,2309,57,7752,58,6833,61,2988,54.0
2026-04-17 09:56:25 PM,KXATPCHALLENGERMATCH-26APR17TULBRO-TUL,53,50,52,1316,51,6417,50,7098,49,2327,55,3499,56,2309,57,7752,58,6833,61,2988,54.0
2026-04-17 09:56:39 PM,KXATPCHALLENGERMATCH-26APR17TULBRO-TUL,53,50,52,1316,51,6417,50,7098,49,2327,55,3437,56,2309,57,7752,58,6833,61,2988,54.0
2026-04-17 09:56:39 PM,KXATPCHALLENGERMATCH-26APR17TULBRO-TUL,53,50,52,1316,51,6417,50,7098,49,2327,55,3324,56,2309,57,7752,58,6833,61,2988,54.0
2026-04-17 09:56:39 PM,KXATPCHALLENGERMATCH-26APR17TULBRO-TUL,53,50,52,1871,51,6417,50,7098,49,2327,55,3324,56,2309,57,7752,58,6833,61,2988,54.0
2026-04-17 09:56:40 PM,KXATPCHALLENGERMATCH-26APR17TULBRO-TUL,53,50,52,1871,51,6417,50,7098,49,2327,55,2621,56,2309,57,7752,58,6833,61,2988,54.0
2026-04-17 09:56:40 PM,KXATPCHALLENGERMATCH-26APR17TULBRO-TUL,53,50,52,1871,51,6417,50,7098,49,2327,55,2586,56,2309,57,7752,58,6833,61,2988,54.0
2026-04-17 09:56:40 PM,KXATPCHALLENGERMATCH-26APR17TULBRO-TUL,53,50,52,1871,51,6417,50,7098,49,2327,55,2586,56,2309,57,6952,58,6833,61,2988,54.0
2026-04-17 09:56:41 PM,KXATPCHALLENGERMATCH-26APR17TULBRO-TUL,53,50,52,1871,51,6417,50,7098,49,2327,55,2586,56,3109,57,6952,58,6833,61,2988,54.0
2026-04-17 09:56:41 PM,KXATPCHALLENGERMATCH-26APR17TULBRO-TUL,53,50,52,1871,51,6417,50,7098,49,2327,55,2586,56,3109,57,6952,58,6833,59,800,54.0
2026-04-17 09:56:44 PM,KXATPCHALLENGERMATCH-26APR17TULBRO-TUL,53,50,52,1871,51,6417,50,7098,49,2327,55,2411,56,3109,57,6952,58,6833,59,800,54.0
2026-04-17 09:56:44 PM,KXATPCHALLENGERMATCH-26APR17TULBRO-TUL,53,50,52,1871,51,6417,50,7098,49,2327,55,2254,56,3109,57,6952,58,6833,59,800,54.0
2026-04-17 09:59:03 PM,KXATPCHALLENGERMATCH-26APR17TULBRO-TUL,53,50,52,1871,51,6417,50,7098,49,2327,55,2220,56,3109,57,6952,58,6833,59,800,54.0
2026-04-17 10:01:27 PM,KXATPCHALLENGERMATCH-26APR17TULBRO-TUL,53,50,52,1871,51,6417,50,7098,49,2327,55,2681,56,3109,57,6952,58,6833,59,800,54.0
2026-04-17 10:01:27 PM,KXATPCHALLENGERMATCH-26APR17TULBRO-TUL,53,50,52,1751,51,6417,50,7098,49,2327,55,2681,56,3109,57,6952,58,6833,59,800,54.0
2026-04-17 10:01:29 PM,KXATPCHALLENGERMATCH-26APR17TULBRO-TUL,53,50,52,1751,51,6417,50,7098,49,2327,55,2681,56,2653,57,6952,58,6833,59,800,54.0
2026-04-17 10:01:38 PM,KXATPCHALLENGERMATCH-26APR17TULBRO-TUL,53,50,52,1751,51,6417,50,7098,49,2327,55,2019,56,2653,57,6952,58,6833,59,800,54.0
2026-04-17 10:01:38 PM,KXATPCHALLENGERMATCH-26APR17TULBRO-TUL,53,50,52,1751,51,6417,50,7098,49,2327,55,1977,56,2653,57,6952,58,6833,59,800,54.0
2026-04-17 10:01:38 PM,KXATPCHALLENGERMATCH-26APR17TULBRO-TUL,53,50,52,2523,51,6417,50,7098,49,2327,55,1977,56,2653,57,6952,58,6833,59,800,54.0
2026-04-17 10:01:38 PM,KXATPCHALLENGERMATCH-26APR17TULBRO-TUL,53,50,52,2523,51,6753,50,7098,49,2327,55,1977,56,2653,57,6952,58,6833,59,800,54.0
2026-04-17 10:01:38 PM,KXATPCHALLENGERMATCH-26APR17TULBRO-TUL,53,50,52,2187,51,6753,50,7098,49,2327,55,1977,56,2653,57,6952,58,6833,59,800,54.0
2026-04-17 10:01:48 PM,KXATPCHALLENGERMATCH-26APR17TULBRO-TUL,53,50,52,2524,51,6753,50,7098,49,2327,55,1977,56,2653,57,6952,58,6833,59,800,54.0
2026-04-17 10:01:48 PM,KXATPCHALLENGERMATCH-26APR17TULBRO-TUL,53,50,52,2524,51,6417,50,7098,49,2327,55,1977,56,2653,57,6952,58,6833,59,800,54.0
2026-04-17 10:02:36 PM,KXATPCHALLENGERMATCH-26APR17TULBRO-TUL,53,50,52,2524,51,6417,50,7098,49,2327,55,1977,56,3114,57,6952,58,6833,59,800,54.0
2026-04-17 10:02:36 PM,KXATPCHALLENGERMATCH-26APR17TULBRO-TUL,53,50,52,2524,51,6417,50,7098,49,2327,55,1516,56,3114,57,6952,58,6833,59,800,54.0
2026-04-17 10:02:38 PM,KXATPCHALLENGERMATCH-26APR17TULBRO-TUL,53,50,52,2524,51,6417,50,7098,49,2327,55,1516,56,2653,57,6952,58,6833,59,800,54.0
2026-04-17 10:02:45 PM,KXATPCHALLENGERMATCH-26APR17TULBRO-TUL,53,50,52,2524,51,6417,50,7098,49,2327,55,1516,56,3114,57,6952,58,6833,59,800,54.0
2026-04-17 10:02:45 PM,KXATPCHALLENGERMATCH-26APR17TULBRO-TUL,53,50,52,2524,51,6417,50,7098,49,2327,55,1508,56,3114,57,6952,58,6833,59,800,54.0
2026-04-17 10:02:53 PM,KXATPCHALLENGERMATCH-26APR17TULBRO-TUL,53,50,52,2524,51,6417,50,7098,49,2327,55,1503,56,3114,57,6952,58,6833,59,800,54.0
2026-04-17 10:02:57 PM,KXATPCHALLENGERMATCH-26APR17TULBRO-TUL,53,50,52,2524,51,6417,50,7098,49,2327,55,1008,56,3114,57,6952,58,6833,59,800,54.0
2026-04-17 10:02:57 PM,KXATPCHALLENGERMATCH-26APR17TULBRO-TUL,53,50,52,2524,51,6417,50,7098,49,2327,55,8,56,3114,57,6952,58,6833,59,800,54.0
2026-04-17 10:02:57 PM,KXATPCHALLENGERMATCH-26APR17TULBRO-TUL,53,50,52,2524,51,6417,50,7098,49,2327,55,8,56,3047,57,6952,58,6833,59,800,54.0
2026-04-17 10:02:57 PM,KXATPCHALLENGERMATCH-26APR17TULBRO-TUL,53,50,52,2524,51,6417,50,7098,49,2327,55,8,56,2650,57,6952,58,6833,59,800,54.0
2026-04-17 10:02:57 PM,KXATPCHALLENGERMATCH-26APR17TULBRO-TUL,53,50,52,2524,51,6417,50,7098,49,2327,55,8,56,2099,57,6952,58,6833,59,800,54.0
2026-04-17 10:02:57 PM,KXATPCHALLENGERMATCH-26APR17TULBRO-TUL,53,50,52,2524,51,6417,50,7098,49,2327,55,8,56,1813,57,6952,58,6833,59,800,54.0
2026-04-17 10:02:57 PM,KXATPCHALLENGERMATCH-26APR17TULBRO-TUL,53,50,52,2524,51,6417,50,7098,49,2327,55,119,56,1813,57,6952,58,6833,59,800,54.0
2026-04-17 10:02:57 PM,KXATPCHALLENGERMATCH-26APR17TULBRO-TUL,53,217,52,2524,51,6417,50,7098,49,2327,55,119,56,1813,57,6952,58,6833,59,800,54.0
2026-04-17 10:02:57 PM,KXATPCHALLENGERMATCH-26APR17TULBRO-TUL,53,217,52,2524,51,6417,50,7098,49,2327,55,119,56,2414,57,6952,58,6833,59,800,54.0
2026-04-17 10:02:57 PM,KXATPCHALLENGERMATCH-26APR17TULBRO-TUL,53,217,52,2524,51,6417,50,7098,49,2327,55,119,56,3384,57,6952,58,6833,59,800,54.0
2026-04-17 10:03:16 PM,KXATPCHALLENGERMATCH-26APR17TULBRO-TUL,53,217,52,2524,51,6417,50,7098,49,2327,55,170,56,3384,57,6952,58,6833,59,800,54.0
2026-04-17 10:03:43 PM,KXATPCHALLENGERMATCH-26APR17TULBRO-TUL,53,217,52,2524,51,6417,50,7098,49,2327,55,119,56,3384,57,6952,58,6833,59,800,54.0
2026-04-17 10:04:29 PM,KXATPCHALLENGERMATCH-26APR17TULBRO-TUL,53,217,52,2524,51,6417,50,7098,49,2327,55,8,56,3384,57,6952,58,6833,59,800,54.0
2026-04-17 10:04:29 PM,KXATPCHALLENGERMATCH-26APR17TULBRO-TUL,53,217,52,2524,51,6417,50,7098,49,2327,55,8,56,3353,57,6952,58,6833,59,800,54.0
2026-04-17 10:04:29 PM,KXATPCHALLENGERMATCH-26APR17TULBRO-TUL,53,217,52,2524,51,6417,50,7098,49,2327,55,8,56,3343,57,6952,58,6833,59,800,54.0
2026-04-17 10:04:29 PM,KXATPCHALLENGERMATCH-26APR17TULBRO-TUL,53,217,52,2524,51,6417,50,7098,49,2327,55,8,56,3333,57,6952,58,6833,59,800,54.0
2026-04-17 10:04:29 PM,KXATPCHALLENGERMATCH-26APR17TULBRO-TUL,53,217,52,2524,51,6417,50,7098,49,2327,55,8,56,2969,57,6952,58,6833,59,800,54.0
2026-04-17 10:04:44 PM,KXATPCHALLENGERMATCH-26APR17TULBRO-TUL,53,217,52,2524,51,6417,50,7098,49,1527,55,8,56,2969,57,6952,58,6833,59,800,54.0
2026-04-17 10:04:44 PM,KXATPCHALLENGERMATCH-26APR17TULBRO-TUL,53,217,52,2524,51,6417,50,7098,49,1527,55,8,56,2969,57,6952,58,6033,59,800,54.0
2026-04-17 10:04:44 PM,KXATPCHALLENGERMATCH-26APR17TULBRO-TUL,53,217,52,1724,51,6417,50,7098,49,1527,55,8,56,2969,57,6952,58,6033,59,800,54.0
2026-04-17 10:04:44 PM,KXATPCHALLENGERMATCH-26APR17TULBRO-TUL,53,217,52,1724,51,6417,50,6298,49,1527,55,8,56,2969,57,6952,58,6033,59,800,54.0
2026-04-17 10:04:44 PM,KXATPCHALLENGERMATCH-26APR17TULBRO-TUL,53,217,52,1724,51,6417,50,6298,49,1527,55,8,56,2169,57,6952,58,6033,59,800,54.0
2026-04-17 10:04:44 PM,KXATPCHALLENGERMATCH-26APR17TULBRO-TUL,53,217,52,1724,51,6417,50,6298,49,1527,55,8,56,2169,57,6952,58,6033,61,1826,54.0
2026-04-17 10:04:46 PM,KXATPCHALLENGERMATCH-26APR17TULBRO-TUL,53,217,52,1724,51,6417,50,6298,49,1527,55,8,56,2169,57,6952,58,6533,61,1826,54.0
2026-04-17 10:04:47 PM,KXATPCHALLENGERMATCH-26APR17TULBRO-TUL,53,217,52,1724,51,6417,50,7098,49,1527,55,8,56,2169,57,6952,58,6533,61,1826,54.0
2026-04-17 10:04:47 PM,KXATPCHALLENGERMATCH-26APR17TULBRO-TUL,53,217,52,1724,51,7217,50,7098,49,1527,55,8,56,2169,57,6952,58,6533,61,1826,54.0
2026-04-17 10:04:47 PM,KXATPCHALLENGERMATCH-26APR17TULBRO-TUL,53,1017,52,1724,51,7217,50,7098,49,1527,55,8,56,2169,57,6952,58,6533,61,1826,54.0
2026-04-17 10:04:47 PM,KXATPCHALLENGERMATCH-26APR17TULBRO-TUL,53,1017,52,1724,51,7217,50,7098,49,1527,55,8,56,2969,57,6952,58,6533,61,1826,54.0
2026-04-17 10:04:47 PM,KXATPCHALLENGERMATCH-26APR17TULBRO-TUL,53,1017,52,1724,51,7217,50,7098,49,1527,55,8,56,2969,57,6952,58,6533,59,800,54.0
2026-04-17 10:04:47 PM,KXATPCHALLENGERMATCH-26APR17TULBRO-TUL,53,1017,52,1724,51,7217,50,7098,49,1527,55,8,56,2969,57,6952,58,7333,59,800,54.0
2026-04-17 10:04:59 PM,KXATPCHALLENGERMATCH-26APR17TULBRO-TUL,53,855,52,1724,51,7217,50,7098,49,1527,55,8,56,2969,57,6952,58,7333,59,800,54.0
2026-04-17 10:04:59 PM,KXATPCHALLENGERMATCH-26APR17TULBRO-TUL,54,127,53,855,52,1724,51,7217,50,7098,55,8,56,2969,57,6952,58,7333,59,800,54.5
2026-04-17 10:04:59 PM,KXATPCHALLENGERMATCH-26APR17TULBRO-TUL,54,127,53,855,52,1724,51,7217,50,7098,55,8,56,3195,57,6952,58,7333,59,800,54.5
2026-04-17 10:05:15 PM,KXATPCHALLENGERMATCH-26APR17TULBRO-TUL,54,127,53,855,52,1724,51,7217,50,7098,55,8,56,3237,57,6952,58,7333,59,800,54.5
2026-04-17 10:05:22 PM,KXATPCHALLENGERMATCH-26APR17TULBRO-TUL,54,127,53,855,52,1724,51,7217,50,7098,55,8,56,3237,57,6952,58,7333,59,1800,54.5
2026-04-17 10:05:40 PM,KXATPCHALLENGERMATCH-26APR17TULBRO-TUL,54,127,53,855,52,1724,51,7217,50,7098,55,8,56,3232,57,6952,58,7333,59,1800,54.5
2026-04-17 10:07:17 PM,KXATPCHALLENGERMATCH-26APR17TULBRO-TUL,54,127,53,870,52,1724,51,7217,50,7098,55,8,56,3232,57,6952,58,7333,59,1800,54.5
2026-04-17 10:07:19 PM,KXATPCHALLENGERMATCH-26APR17TULBRO-TUL,54,127,53,870,52,1724,51,7217,50,7098,55,8,56,2771,57,6952,58,7333,59,1800,54.5
2026-04-17 10:07:19 PM,KXATPCHALLENGERMATCH-26APR17TULBRO-TUL,54,127,53,870,52,1734,51,7217,50,7098,55,8,56,2771,57,6952,58,7333,59,1800,54.5
2026-04-17 10:07:19 PM,KXATPCHALLENGERMATCH-26APR17TULBRO-TUL,54,127,53,870,52,1734,51,7217,50,7098,55,8,56,2786,57,6952,58,7333,59,1800,54.5
2026-04-17 10:07:19 PM,KXATPCHALLENGERMATCH-26APR17TULBRO-TUL,54,127,53,870,52,1734,51,7217,50,7098,55,8,56,2786,57,6962,58,7333,59,1800,54.5
2026-04-17 10:07:20 PM,KXATPCHALLENGERMATCH-26APR17TULBRO-TUL,54,127,53,870,52,1734,51,7217,50,7098,55,8,56,3252,57,6962,58,7333,59,1800,54.5
2026-04-17 10:07:46 PM,KXATPCHALLENGERMATCH-26APR17TULBRO-TUL,54,127,53,870,52,1734,51,7217,50,7098,55,8,56,3209,57,6962,58,7333,59,1800,54.5
2026-04-17 10:08:49 PM,KXATPCHALLENGERMATCH-26APR17TULBRO-TUL,54,127,53,870,52,1734,51,7217,50,7098,55,8,56,3209,57,7635,58,7333,59,1800,54.5
2026-04-17 10:09:35 PM,KXATPCHALLENGERMATCH-26APR17TULBRO-TUL,54,127,53,870,52,1734,51,7217,50,7098,55,8,56,3209,57,7635,58,7333,59,1825,54.5
2026-04-17 10:11:25 PM,KXATPCHALLENGERMATCH-26APR17TULBRO-TUL,54,58,53,870,52,1734,51,7217,50,7098,55,8,56,3209,57,7635,58,7333,59,1825,54.5
2026-04-17 10:11:25 PM,KXATPCHALLENGERMATCH-26APR17TULBRO-TUL,54,58,53,870,52,1734,51,7217,50,7098,55,8,56,3539,57,7635,58,7333,59,1825,54.5
2026-04-17 10:11:55 PM,KXATPCHALLENGERMATCH-26APR17TULBRO-TUL,54,58,53,870,52,1734,51,7217,50,7098,55,8,56,3453,57,7635,58,7333,59,1825,54.5
2026-04-17 10:11:55 PM,KXATPCHALLENGERMATCH-26APR17TULBRO-TUL,54,58,53,870,52,1734,51,7217,50,7098,55,8,56,3040,57,7635,58,7333,59,1825,54.5
2026-04-17 10:11:55 PM,KXATPCHALLENGERMATCH-26APR17TULBRO-TUL,54,58,53,870,52,1734,51,7217,50,7098,55,8,56,3040,57,7635,58,7840,59,1825,54.5
2026-04-17 10:11:55 PM,KXATPCHALLENGERMATCH-26APR17TULBRO-TUL,54,58,53,1299,52,1734,51,7217,50,7098,55,8,56,3040,57,7635,58,7840,59,1825,54.5
2026-04-17 10:12:15 PM,KXATPCHALLENGERMATCH-26APR17TULBRO-TUL,54,58,53,1299,52,1734,51,7217,50,7098,55,8,56,3027,57,7635,58,7840,59,1825,54.5
2026-04-17 10:12:55 PM,KXATPCHALLENGERMATCH-26APR17TULBRO-TUL,54,58,53,499,52,1734,51,7217,50,7098,55,8,56,3027,57,7635,58,7840,59,1825,54.5
2026-04-17 10:12:55 PM,KXATPCHALLENGERMATCH-26APR17TULBRO-TUL,54,58,53,499,52,1734,51,7217,50,6298,55,8,56,3027,57,7635,58,7840,59,1825,54.5
2026-04-17 10:12:55 PM,KXATPCHALLENGERMATCH-26APR17TULBRO-TUL,54,58,53,499,52,1734,51,7217,50,6298,55,8,56,2227,57,7635,58,7840,59,1825,54.5
2026-04-17 10:12:55 PM,KXATPCHALLENGERMATCH-26APR17TULBRO-TUL,54,58,53,499,52,1734,51,7217,50,6298,55,8,56,2227,57,7635,58,7040,59,1825,54.5
2026-04-17 10:12:55 PM,KXATPCHALLENGERMATCH-26APR17TULBRO-TUL,54,58,53,499,52,2534,51,7217,50,6298,55,8,56,2227,57,7635,58,7040,59,1825,54.5
2026-04-17 10:12:55 PM,KXATPCHALLENGERMATCH-26APR17TULBRO-TUL,54,858,53,499,52,2534,51,7217,50,6298,55,8,56,2227,57,7635,58,7040,59,1825,54.5
2026-04-17 10:12:55 PM,KXATPCHALLENGERMATCH-26APR17TULBRO-TUL,54,858,53,499,52,2534,51,7217,50,6298,55,8,56,2227,57,8435,58,7040,59,1825,54.5
2026-04-17 10:12:56 PM,KXATPCHALLENGERMATCH-26APR17TULBRO-TUL,54,858,53,499,52,2534,51,7217,50,6298,55,8,56,2176,57,8435,58,7040,59,1825,54.5
2026-04-17 10:12:56 PM,KXATPCHALLENGERMATCH-26APR17TULBRO-TUL,54,858,53,499,52,2534,51,7217,50,6298,55,8,56,2055,57,8435,58,7040,59,1825,54.5
2026-04-17 10:13:00 PM,KXATPCHALLENGERMATCH-26APR17TULBRO-TUL,54,858,53,499,52,2534,51,7217,50,6298,55,8,56,2076,57,8435,58,7040,59,1825,54.5
2026-04-17 10:13:01 PM,KXATPCHALLENGERMATCH-26APR17TULBRO-TUL,54,858,53,499,52,2534,51,7217,50,6298,55,8,56,2043,57,8435,58,7040,59,1825,54.5
2026-04-17 10:13:02 PM,KXATPCHALLENGERMATCH-26APR17TULBRO-TUL,54,858,53,499,52,2534,51,7217,50,6298,55,8,56,1957,57,8435,58,7040,59,1825,54.5
2026-04-17 10:13:10 PM,KXATPCHALLENGERMATCH-26APR17TULBRO-TUL,54,858,53,499,52,2534,51,7217,50,6298,55,8,56,2457,57,8435,58,7040,59,1825,54.5
2026-04-17 10:13:52 PM,KXATPCHALLENGERMATCH-26APR17TULBRO-TUL,54,834,53,499,52,2534,51,7217,50,6298,55,8,56,2457,57,8435,58,7040,59,1825,54.5
2026-04-17 10:13:52 PM,KXATPCHALLENGERMATCH-26APR17TULBRO-TUL,54,834,53,499,52,2534,51,7217,50,6298,55,8,56,2568,57,8435,58,7040,59,1825,54.5
2026-04-17 10:16:27 PM,KXATPCHALLENGERMATCH-26APR17TULBRO-TUL,54,834,53,499,52,2534,51,7217,50,6298,55,8,56,1717,57,8435,58,7040,59,1825,54.5
2026-04-17 10:16:27 PM,KXATPCHALLENGERMATCH-26APR17TULBRO-TUL,54,834,53,499,52,2534,51,7217,50,6298,55,8,56,1491,57,8435,58,7040,59,1825,54.5
2026-04-17 10:16:27 PM,KXATPCHALLENGERMATCH-26APR17TULBRO-TUL,54,834,53,499,52,2534,51,7217,50,6298,55,8,56,1449,57,8435,58,7040,59,1825,54.5
2026-04-17 10:16:27 PM,KXATPCHALLENGERMATCH-26APR17TULBRO-TUL,54,834,53,499,52,2534,51,7217,50,6298,55,8,56,1434,57,8435,58,7040,59,1825,54.5
2026-04-17 10:16:27 PM,KXATPCHALLENGERMATCH-26APR17TULBRO-TUL,54,834,53,499,52,2534,51,7217,50,6298,55,8,56,1400,57,8435,58,7040,59,1825,54.5
2026-04-17 10:16:27 PM,KXATPCHALLENGERMATCH-26APR17TULBRO-TUL,54,834,53,499,52,2524,51,7217,50,6298,55,8,56,1400,57,8435,58,7040,59,1825,54.5
2026-04-17 10:16:27 PM,KXATPCHALLENGERMATCH-26APR17TULBRO-TUL,54,845,53,499,52,2524,51,7217,50,6298,55,8,56,1400,57,8435,58,7040,59,1825,54.5
2026-04-17 10:16:27 PM,KXATPCHALLENGERMATCH-26APR17TULBRO-TUL,54,845,53,499,52,2524,51,7217,50,6298,55,8,56,1409,57,8435,58,7040,59,1825,54.5
2026-04-17 10:16:27 PM,KXATPCHALLENGERMATCH-26APR17TULBRO-TUL,54,896,53,499,52,2524,51,7217,50,6298,55,8,56,1409,57,8435,58,7040,59,1825,54.5
2026-04-17 10:16:27 PM,KXATPCHALLENGERMATCH-26APR17TULBRO-TUL,54,896,53,1157,52,2524,51,7217,50,6298,55,8,56,1409,57,8435,58,7040,59,1825,54.5
2026-04-17 10:16:27 PM,KXATPCHALLENGERMATCH-26APR17TULBRO-TUL,54,896,53,1157,52,2524,51,7217,50,6298,55,8,56,1409,57,8470,58,7040,59,1825,54.5
2026-04-17 10:16:27 PM,KXATPCHALLENGERMATCH-26APR17TULBRO-TUL,54,896,53,1157,52,2524,51,7217,50,6298,55,8,56,1409,57,8435,58,7040,59,1825,54.5
2026-04-17 10:16:27 PM,KXATPCHALLENGERMATCH-26APR17TULBRO-TUL,54,896,53,1157,52,2524,51,7217,50,6298,55,8,56,1444,57,8435,58,7040,59,1825,54.5
2026-04-17 10:16:56 PM,KXATPCHALLENGERMATCH-26APR17TULBRO-TUL,54,896,53,1157,52,2524,51,7217,50,6298,55,8,56,1496,57,8435,58,7040,59,1825,54.5
2026-04-17 10:17:03 PM,KXATPCHALLENGERMATCH-26APR17TULBRO-TUL,54,896,53,1157,52,2524,51,7217,50,6298,55,8,56,1064,57,8435,58,7040,59,1825,54.5
2026-04-17 10:17:03 PM,KXATPCHALLENGERMATCH-26APR17TULBRO-TUL,54,896,53,1157,52,2524,51,7217,50,6298,55,8,56,734,57,8435,58,7040,59,1825,54.5
2026-04-17 10:17:03 PM,KXATPCHALLENGERMATCH-26APR17TULBRO-TUL,54,896,53,1157,52,2524,51,7217,50,6298,55,8,56,713,57,8435,58,7040,59,1825,54.5
2026-04-17 10:17:03 PM,KXATPCHALLENGERMATCH-26APR17TULBRO-TUL,54,896,53,1157,52,2524,51,7217,50,6298,55,8,56,626,57,8435,58,7040,59,1825,54.5
2026-04-17 10:17:03 PM,KXATPCHALLENGERMATCH-26APR17TULBRO-TUL,54,896,53,1157,52,2524,51,7217,50,6298,55,8,56,591,57,8435,58,7040,59,1825,54.5
2026-04-17 10:17:03 PM,KXATPCHALLENGERMATCH-26APR17TULBRO-TUL,54,963,53,1157,52,2524,51,7217,50,6298,55,8,56,591,57,8435,58,7040,59,1825,54.5
2026-04-17 10:17:03 PM,KXATPCHALLENGERMATCH-26APR17TULBRO-TUL,54,963,53,1157,52,2524,51,7217,50,6298,55,8,56,1057,57,8435,58,7040,59,1825,54.5
2026-04-17 10:17:05 PM,KXATPCHALLENGERMATCH-26APR17TULBRO-TUL,54,963,53,1157,52,2524,51,7682,50,6298,55,8,56,1057,57,8435,58,7040,59,1825,54.5
2026-04-17 10:17:05 PM,KXATPCHALLENGERMATCH-26APR17TULBRO-TUL,54,963,53,1157,52,2187,51,7682,50,6298,55,8,56,1057,57,8435,58,7040,59,1825,54.5
2026-04-17 10:17:06 PM,KXATPCHALLENGERMATCH-26APR17TULBRO-TUL,54,963,53,1157,52,2187,51,7682,50,6289,55,8,56,1057,57,8435,58,7040,59,1825,54.5
2026-04-17 10:17:06 PM,KXATPCHALLENGERMATCH-26APR17TULBRO-TUL,54,963,53,1157,52,2187,51,7682,50,6264,55,8,56,1057,57,8435,58,7040,59,1825,54.5
2026-04-17 10:17:06 PM,KXATPCHALLENGERMATCH-26APR17TULBRO-TUL,54,928,53,1157,52,2187,51,7682,50,6264,55,8,56,1057,57,8435,58,7040,59,1825,54.5
2026-04-17 10:17:06 PM,KXATPCHALLENGERMATCH-26APR17TULBRO-TUL,54,928,53,1157,52,2187,51,7682,50,6264,55,8,56,1957,57,8435,58,7040,59,1825,54.5
2026-04-17 10:17:06 PM,KXATPCHALLENGERMATCH-26APR17TULBRO-TUL,54,928,53,499,52,2187,51,7682,50,6264,55,8,56,1957,57,8435,58,7040,59,1825,54.5
2026-04-17 10:17:06 PM,KXATPCHALLENGERMATCH-26APR17TULBRO-TUL,54,928,53,70,52,2187,51,7682,50,6264,55,8,56,1957,57,8435,58,7040,59,1825,54.5
2026-04-17 10:17:06 PM,KXATPCHALLENGERMATCH-26APR17TULBRO-TUL,55,36,54,928,53,70,52,2187,51,7682,55,8,56,1957,57,8435,58,7040,59,1825,55.0
2026-04-17 10:17:06 PM,KXATPCHALLENGERMATCH-26APR17TULBRO-TUL,55,36,54,928,53,70,52,2187,51,7682,55,8,56,2221,57,8435,58,7040,59,1825,55.0
2026-04-17 10:17:06 PM,KXATPCHALLENGERMATCH-26APR17TULBRO-TUL,55,36,54,928,53,70,52,2187,51,2682,55,8,56,2221,57,8435,58,7040,59,1825,55.0
2026-04-17 10:17:06 PM,KXATPCHALLENGERMATCH-26APR17TULBRO-TUL,55,36,54,928,53,70,52,2187,51,2682,55,8,56,2833,57,8435,58,7040,59,1825,55.0
2026-04-17 10:17:06 PM,KXATPCHALLENGERMATCH-26APR17TULBRO-TUL,55,36,54,928,53,70,52,2187,51,2682,55,8,56,7833,57,8435,58,7040,59,1825,55.0
2026-04-17 10:17:06 PM,KXATPCHALLENGERMATCH-26APR17TULBRO-TUL,55,36,54,928,53,70,52,2187,51,2682,55,8,56,7833,57,8435,58,2040,59,1825,55.0
2026-04-17 10:17:06 PM,KXATPCHALLENGERMATCH-26APR17TULBRO-TUL,55,36,54,928,53,70,52,2187,51,2533,55,8,56,7833,57,8435,58,2040,59,1825,55.0
2026-04-17 10:17:06 PM,KXATPCHALLENGERMATCH-26APR17TULBRO-TUL,55,36,54,928,53,70,52,2187,51,2488,55,8,56,7833,57,8435,58,2040,59,1825,55.0
2026-04-17 10:17:06 PM,KXATPCHALLENGERMATCH-26APR17TULBRO-TUL,54,928,53,70,52,2187,51,2488,50,1264,55,8,56,7833,57,8435,58,2040,59,1825,54.5
2026-04-17 10:17:06 PM,KXATPCHALLENGERMATCH-26APR17TULBRO-TUL,54,928,53,70,52,2187,51,2488,50,1308,55,8,56,7833,57,8435,58,2040,59,1825,54.5
2026-04-17 10:17:06 PM,KXATPCHALLENGERMATCH-26APR17TULBRO-TUL,54,963,53,70,52,2187,51,2488,50,1308,55,8,56,7833,57,8435,58,2040,59,1825,54.5
2026-04-17 10:17:06 PM,KXATPCHALLENGERMATCH-26APR17TULBRO-TUL,54,963,53,70,52,2187,51,2488,50,1308,55,8,56,8057,57,8435,58,2040,59,1825,54.5
2026-04-17 10:17:06 PM,KXATPCHALLENGERMATCH-26APR17TULBRO-TUL,54,963,53,70,52,2187,51,2488,50,1308,55,8,56,8057,57,8435,58,2040,59,2200,54.5
2026-04-17 10:17:08 PM,KXATPCHALLENGERMATCH-26APR17TULBRO-TUL,54,163,53,70,52,2187,51,2488,50,1308,55,8,56,8057,57,8435,58,2040,59,2200,54.5
2026-04-17 10:17:08 PM,KXATPCHALLENGERMATCH-26APR17TULBRO-TUL,54,163,53,70,52,1387,51,2488,50,1308,55,8,56,8057,57,8435,58,2040,59,2200,54.5
2026-04-17 10:17:08 PM,KXATPCHALLENGERMATCH-26APR17TULBRO-TUL,54,163,53,70,52,1387,51,2488,50,1308,55,8,56,8057,57,7635,58,2040,59,2200,54.5
2026-04-17 10:17:08 PM,KXATPCHALLENGERMATCH-26APR17TULBRO-TUL,54,163,53,70,52,1387,51,2488,50,2108,55,8,56,8057,57,7635,58,2040,59,2200,54.5
2026-04-17 10:17:08 PM,KXATPCHALLENGERMATCH-26APR17TULBRO-TUL,54,163,53,870,52,1387,51,2488,50,2108,55,8,56,8057,57,7635,58,2040,59,2200,54.5
2026-04-17 10:17:08 PM,KXATPCHALLENGERMATCH-26APR17TULBRO-TUL,54,163,53,870,52,1387,51,2488,50,2108,55,8,56,8057,57,7635,58,2840,59,2200,54.5
2026-04-17 10:17:08 PM,KXATPCHALLENGERMATCH-26APR17TULBRO-TUL,54,163,53,870,52,1387,51,2488,50,2108,55,8,56,8857,57,7635,58,2840,59,2200,54.5
2026-04-17 10:17:08 PM,KXATPCHALLENGERMATCH-26APR17TULBRO-TUL,54,163,53,870,52,1387,51,2023,50,2108,55,8,56,8857,57,7635,58,2840,59,2200,54.5
2026-04-17 10:17:11 PM,KXATPCHALLENGERMATCH-26APR17TULBRO-TUL,54,163,53,870,52,1387,51,2023,50,7108,55,8,56,8857,57,7635,58,2840,59,2200,54.5
2026-04-17 10:17:14 PM,KXATPCHALLENGERMATCH-26APR17TULBRO-TUL,54,163,53,870,52,1854,51,2023,50,7108,55,8,56,8857,57,7635,58,2840,59,2200,54.5
2026-04-17 10:17:17 PM,KXATPCHALLENGERMATCH-26APR17TULBRO-TUL,54,163,53,870,52,1854,51,2023,50,7108,55,8,56,8857,57,6962,58,2840,59,2200,54.5
2026-04-17 10:17:17 PM,KXATPCHALLENGERMATCH-26APR17TULBRO-TUL,54,163,53,870,52,1854,51,2023,50,7108,55,8,56,9530,57,6962,58,2840,59,2200,54.5
2026-04-17 10:17:24 PM,KXATPCHALLENGERMATCH-26APR17TULBRO-TUL,54,163,53,870,52,1854,51,2023,50,7108,55,8,56,9064,57,6962,58,2840,59,2200,54.5
2026-04-17 10:17:36 PM,KXATPCHALLENGERMATCH-26APR17TULBRO-TUL,54,163,53,870,52,1854,51,2023,50,7108,55,8,56,9064,57,6962,58,2454,59,2200,54.5
2026-04-17 10:17:36 PM,KXATPCHALLENGERMATCH-26APR17TULBRO-TUL,54,163,53,870,52,1854,51,2023,50,7108,55,8,56,9064,57,6962,58,2454,59,1825,54.5
2026-04-17 10:17:36 PM,KXATPCHALLENGERMATCH-26APR17TULBRO-TUL,54,163,53,870,52,1854,51,2023,50,7108,55,8,56,8853,57,6962,58,2454,59,1825,54.5
2026-04-17 10:17:36 PM,KXATPCHALLENGERMATCH-26APR17TULBRO-TUL,54,163,53,870,52,1854,51,2023,50,7108,55,214,56,8853,57,6962,58,2454,59,1825,54.5
2026-04-17 10:17:36 PM,KXATPCHALLENGERMATCH-26APR17TULBRO-TUL,54,163,53,870,52,1854,51,2023,50,7108,55,214,56,8801,57,6962,58,2454,59,1825,54.5
2026-04-17 10:17:36 PM,KXATPCHALLENGERMATCH-26APR17TULBRO-TUL,54,163,53,870,52,1854,51,2023,50,7108,55,214,56,9268,57,6962,58,2454,59,1825,54.5
2026-04-17 10:17:42 PM,KXATPCHALLENGERMATCH-26APR17TULBRO-TUL,54,163,53,870,52,1854,51,2023,50,7108,55,214,56,8801,57,6962,58,2454,59,1825,54.5
2026-04-17 10:17:43 PM,KXATPCHALLENGERMATCH-26APR17TULBRO-TUL,54,163,53,870,52,1854,51,2023,50,7108,55,214,56,8801,57,6962,58,2454,59,1800,54.5
2026-04-17 10:17:43 PM,KXATPCHALLENGERMATCH-26APR17TULBRO-TUL,54,163,53,870,52,1854,51,2023,50,7108,55,214,56,8801,57,6962,58,2479,59,1800,54.5
2026-04-17 10:17:44 PM,KXATPCHALLENGERMATCH-26APR17TULBRO-TUL,54,163,53,870,52,1854,51,2023,50,2108,55,214,56,8801,57,6962,58,2479,59,1800,54.5
2026-04-17 10:17:47 PM,KXATPCHALLENGERMATCH-26APR17TULBRO-TUL,54,163,53,870,52,1854,51,2023,50,2108,55,249,56,8801,57,6962,58,2479,59,1800,54.5
2026-04-17 10:18:43 PM,KXATPCHALLENGERMATCH-26APR17TULBRO-TUL,54,163,53,870,52,1854,51,2023,50,2108,55,232,56,8801,57,6962,58,2479,59,1800,54.5
2026-04-17 10:18:43 PM,KXATPCHALLENGERMATCH-26APR17TULBRO-TUL,54,163,53,870,52,1854,51,2023,50,2108,55,197,56,8801,57,6962,58,2479,59,1800,54.5
2026-04-17 10:18:58 PM,KXATPCHALLENGERMATCH-26APR17TULBRO-TUL,54,163,53,870,52,1854,51,2023,50,2108,55,168,56,8801,57,6962,58,2479,59,1800,54.5
2026-04-17 10:19:35 PM,KXATPCHALLENGERMATCH-26APR17TULBRO-TUL,54,163,53,870,52,1854,51,2023,50,2108,55,168,56,8801,57,6962,58,2454,59,1800,54.5
2026-04-17 10:19:35 PM,KXATPCHALLENGERMATCH-26APR17TULBRO-TUL,54,163,53,870,52,1854,51,2023,50,2108,55,168,56,8801,57,6962,58,2479,59,1800,54.5
2026-04-17 10:20:22 PM,KXATPCHALLENGERMATCH-26APR17TULBRO-TUL,54,163,53,870,52,1854,51,2023,50,2108,55,223,56,8801,57,6962,58,2479,59,1800,54.5
2026-04-17 10:22:07 PM,KXATPCHALLENGERMATCH-26APR17TULBRO-TUL,54,163,53,870,52,1854,51,2023,50,2108,55,266,56,8801,57,6962,58,2479,59,1800,54.5
2026-04-17 10:22:56 PM,KXATPCHALLENGERMATCH-26APR17TULBRO-TUL,54,163,53,870,52,1854,51,2023,50,2108,55,266,56,9268,57,6962,58,2479,59,1800,54.5
2026-04-17 10:22:57 PM,KXATPCHALLENGERMATCH-26APR17TULBRO-TUL,54,163,53,870,52,1854,51,2023,50,2108,55,266,56,8801,57,6962,58,2479,59,1800,54.5
2026-04-17 10:25:02 PM,KXATPCHALLENGERMATCH-26APR17TULBRO-TUL,54,152,53,870,52,1854,51,2023,50,2108,55,266,56,8801,57,6962,58,2479,59,1800,54.5
2026-04-17 10:25:42 PM,KXATPCHALLENGERMATCH-26APR17TULBRO-TUL,54,152,53,870,52,1854,51,2023,50,2108,55,266,56,9268,57,6962,58,2479,59,1800,54.5
2026-04-17 10:25:43 PM,KXATPCHALLENGERMATCH-26APR17TULBRO-TUL,54,152,53,870,52,1854,51,2023,50,2108,55,266,56,8801,57,6962,58,2479,59,1800,54.5
2026-04-17 10:26:29 PM,KXATPCHALLENGERMATCH-26APR17TULBRO-TUL,54,152,53,870,52,1854,51,2023,50,2108,55,266,56,9268,57,6962,58,2479,59,1800,54.5
2026-04-17 10:26:29 PM,KXATPCHALLENGERMATCH-26APR17TULBRO-TUL,54,152,53,870,52,1854,51,2023,50,2108,55,266,56,8801,57,6962,58,2479,59,1800,54.5
2026-04-17 10:27:24 PM,KXATPCHALLENGERMATCH-26APR17TULBRO-TUL,54,152,53,870,52,1854,51,2023,50,2108,55,166,56,8801,57,6962,58,2479,59,1800,54.5
2026-04-17 10:27:40 PM,KXATPCHALLENGERMATCH-26APR17TULBRO-TUL,54,152,53,870,52,1854,51,2023,50,2108,55,108,56,8801,57,6962,58,2479,59,1800,54.5
2026-04-17 10:27:40 PM,KXATPCHALLENGERMATCH-26APR17TULBRO-TUL,54,152,53,870,52,1854,51,2023,50,2108,55,53,56,8801,57,6962,58,2479,59,1800,54.5
2026-04-17 10:27:40 PM,KXATPCHALLENGERMATCH-26APR17TULBRO-TUL,54,152,53,870,52,1854,51,2023,50,2108,55,10,56,8801,57,6962,58,2479,59,1800,54.5
2026-04-17 10:27:40 PM,KXATPCHALLENGERMATCH-26APR17TULBRO-TUL,54,152,53,870,52,1854,51,2023,50,2108,55,10,56,8389,57,6962,58,2479,59,1800,54.5
2026-04-17 10:27:40 PM,KXATPCHALLENGERMATCH-26APR17TULBRO-TUL,54,152,53,870,52,1854,51,2023,50,2108,55,10,56,8278,57,6962,58,2479,59,1800,54.5
2026-04-17 10:27:40 PM,KXATPCHALLENGERMATCH-26APR17TULBRO-TUL,54,152,53,870,52,1854,51,2023,50,2108,55,10,56,8269,57,6962,58,2479,59,1800,54.5
2026-04-17 10:27:40 PM,KXATPCHALLENGERMATCH-26APR17TULBRO-TUL,54,152,53,870,52,1854,51,2023,50,2108,55,10,56,7369,57,6962,58,2479,59,1800,54.5
2026-04-17 10:27:40 PM,KXATPCHALLENGERMATCH-26APR17TULBRO-TUL,54,152,53,870,52,1854,51,2023,50,2108,55,10,56,7105,57,6962,58,2479,59,1800,54.5
2026-04-17 10:27:40 PM,KXATPCHALLENGERMATCH-26APR17TULBRO-TUL,54,152,53,870,52,1854,51,2023,50,2108,55,10,56,6493,57,6962,58,2479,59,1800,54.5
2026-04-17 10:27:40 PM,KXATPCHALLENGERMATCH-26APR17TULBRO-TUL,54,152,53,870,52,1854,51,2023,50,2108,55,10,56,5489,57,6962,58,2479,59,1800,54.5
2026-04-17 10:27:40 PM,KXATPCHALLENGERMATCH-26APR17TULBRO-TUL,54,152,53,870,52,1854,51,2023,50,2108,55,10,56,5489,57,6967,58,2479,59,1800,54.5
2026-04-17 10:27:40 PM,KXATPCHALLENGERMATCH-26APR17TULBRO-TUL,54,152,53,870,52,1854,51,2023,50,2108,55,10,56,5489,57,6967,58,2489,59,1800,54.5
2026-04-17 10:27:40 PM,KXATPCHALLENGERMATCH-26APR17TULBRO-TUL,54,152,53,870,52,1854,51,2023,50,2108,55,10,56,6461,57,6967,58,2489,59,1800,54.5
2026-04-17 10:27:40 PM,KXATPCHALLENGERMATCH-26APR17TULBRO-TUL,54,152,53,870,52,1854,51,2023,50,2108,55,10,56,7064,57,6967,58,2489,59,1800,54.5
2026-04-17 10:27:41 PM,KXATPCHALLENGERMATCH-26APR17TULBRO-TUL,54,152,53,870,52,1854,51,2023,50,2108,55,10,56,7531,57,6967,58,2489,59,1800,54.5
2026-04-17 10:27:42 PM,KXATPCHALLENGERMATCH-26APR17TULBRO-TUL,54,152,53,870,52,1854,51,2023,50,2108,55,10,56,7064,57,6967,58,2489,59,1800,54.5
2026-04-17 10:27:56 PM,KXATPCHALLENGERMATCH-26APR17TULBRO-TUL,54,273,53,870,52,1854,51,2023,50,2108,55,10,56,7064,57,6967,58,2489,59,1800,54.5
2026-04-17 10:27:56 PM,KXATPCHALLENGERMATCH-26APR17TULBRO-TUL,54,273,53,870,52,1854,51,2023,50,2108,55,10,56,7064,57,6967,58,2868,59,1800,54.5
2026-04-17 10:27:56 PM,KXATPCHALLENGERMATCH-26APR17TULBRO-TUL,54,273,53,870,52,1854,51,2023,50,2108,55,10,56,7064,57,6967,58,2843,59,1800,54.5
2026-04-17 10:27:56 PM,KXATPCHALLENGERMATCH-26APR17TULBRO-TUL,54,273,53,870,52,1854,51,2023,50,2108,55,10,56,7064,57,6967,58,2843,59,1825,54.5
2026-04-17 10:28:20 PM,KXATPCHALLENGERMATCH-26APR17TULBRO-TUL,54,272,53,870,52,1854,51,2023,50,2108,55,10,56,7064,57,6967,58,2843,59,1825,54.5
2026-04-17 10:28:20 PM,KXATPCHALLENGERMATCH-26APR17TULBRO-TUL,54,272,53,870,52,1854,51,2023,50,2108,55,10,56,7064,57,6967,58,2843,59,2201,54.5
2026-04-17 10:29:08 PM,KXATPCHALLENGERMATCH-26APR17TULBRO-TUL,54,272,53,870,52,1854,51,2023,50,2108,55,10,56,7087,57,6967,58,2843,59,2201,54.5
2026-04-17 10:29:11 PM,KXATPCHALLENGERMATCH-26APR17TULBRO-TUL,54,272,53,870,52,1854,51,2023,50,2108,55,10,56,7053,57,6967,58,2843,59,2201,54.5
2026-04-17 10:29:34 PM,KXATPCHALLENGERMATCH-26APR17TULBRO-TUL,54,272,53,870,52,1854,51,2023,50,2108,55,10,56,7053,57,6967,58,2843,59,2176,54.5
2026-04-17 10:30:06 PM,KXATPCHALLENGERMATCH-26APR17TULBRO-TUL,54,272,53,870,52,1854,51,2023,50,2108,55,10,56,7053,57,6967,58,2843,59,2201,54.5
2026-04-17 10:30:17 PM,KXATPCHALLENGERMATCH-26APR17TULBRO-TUL,54,251,53,870,52,1854,51,2023,50,2108,55,10,56,7053,57,6967,58,2843,59,2201,54.5
2026-04-17 10:30:17 PM,KXATPCHALLENGERMATCH-26APR17TULBRO-TUL,54,251,53,870,52,1854,51,2023,50,2108,55,10,56,7162,57,6967,58,2843,59,2201,54.5
2026-04-17 10:31:01 PM,KXATPCHALLENGERMATCH-26APR17TULBRO-TUL,54,251,53,870,52,1854,51,2023,50,2108,55,10,56,7162,57,6967,58,2843,59,2242,54.5
2026-04-17 10:31:17 PM,KXATPCHALLENGERMATCH-26APR17TULBRO-TUL,54,251,53,870,52,1854,51,2023,50,2108,55,10,56,7629,57,6967,58,2843,59,2242,54.5
2026-04-17 10:31:18 PM,KXATPCHALLENGERMATCH-26APR17TULBRO-TUL,54,251,53,870,52,1854,51,2023,50,2108,55,10,56,7162,57,6967,58,2843,59,2242,54.5
2026-04-17 10:31:20 PM,KXATPCHALLENGERMATCH-26APR17TULBRO-TUL,54,251,53,870,52,1844,51,2023,50,2108,55,10,56,7162,57,6967,58,2843,59,2242,54.5
2026-04-17 10:31:21 PM,KXATPCHALLENGERMATCH-26APR17TULBRO-TUL,54,251,53,870,52,1834,51,2023,50,2108,55,10,56,7162,57,6967,58,2843,59,2242,54.5
2026-04-17 10:31:21 PM,KXATPCHALLENGERMATCH-26APR17TULBRO-TUL,54,251,53,870,52,1834,51,2023,50,2118,55,10,56,7162,57,6967,58,2843,59,2242,54.5
2026-04-17 10:31:21 PM,KXATPCHALLENGERMATCH-26APR17TULBRO-TUL,54,251,53,870,52,1834,51,2023,50,2128,55,10,56,7162,57,6967,58,2843,59,2242,54.5
2026-04-17 10:32:16 PM,KXATPCHALLENGERMATCH-26APR17TULBRO-TUL,54,251,53,870,52,1834,51,2023,50,2128,55,10,56,6816,57,6967,58,2843,59,2242,54.5
2026-04-17 10:32:47 PM,KXATPCHALLENGERMATCH-26APR17TULBRO-TUL,54,251,53,870,52,1834,51,2023,50,2128,55,10,56,6813,57,6967,58,2843,59,2242,54.5
2026-04-17 10:33:23 PM,KXATPCHALLENGERMATCH-26APR17TULBRO-TUL,54,251,53,870,52,1834,51,2023,50,2128,55,10,56,3202,57,6967,58,2843,59,2242,54.5
2026-04-17 10:33:23 PM,KXATPCHALLENGERMATCH-26APR17TULBRO-TUL,54,251,53,870,52,1834,51,2023,50,2128,55,10,56,3189,57,6967,58,2843,59,2242,54.5
2026-04-17 10:33:23 PM,KXATPCHALLENGERMATCH-26APR17TULBRO-TUL,54,251,53,870,52,1834,51,2023,50,2128,55,10,56,2741,57,6967,58,2843,59,2242,54.5
2026-04-17 10:33:23 PM,KXATPCHALLENGERMATCH-26APR17TULBRO-TUL,54,251,53,870,52,1834,51,2023,50,2128,55,10,56,2390,57,6967,58,2843,59,2242,54.5
2026-04-17 10:33:23 PM,KXATPCHALLENGERMATCH-26APR17TULBRO-TUL,54,251,53,870,52,1834,51,1223,50,2128,55,10,56,2390,57,6967,58,2843,59,2242,54.5
2026-04-17 10:33:23 PM,KXATPCHALLENGERMATCH-26APR17TULBRO-TUL,54,251,53,870,52,1834,51,1223,50,2128,55,10,56,2390,57,6967,58,2843,59,1442,54.5
2026-04-17 10:33:23 PM,KXATPCHALLENGERMATCH-26APR17TULBRO-TUL,54,251,53,870,52,1834,51,1223,50,1328,55,10,56,2390,57,6967,58,2843,59,1442,54.5
2026-04-17 10:33:23 PM,KXATPCHALLENGERMATCH-26APR17TULBRO-TUL,54,251,53,70,52,1834,51,1223,50,1328,55,10,56,2390,57,6967,58,2843,59,1442,54.5
2026-04-17 10:33:23 PM,KXATPCHALLENGERMATCH-26APR17TULBRO-TUL,54,251,53,70,52,1834,51,1223,50,1328,55,10,56,2390,57,6967,58,2043,59,1442,54.5
2026-04-17 10:33:23 PM,KXATPCHALLENGERMATCH-26APR17TULBRO-TUL,54,239,53,70,52,1834,51,1223,50,1328,55,10,56,2390,57,6967,58,2043,59,1442,54.5
2026-04-17 10:33:23 PM,KXATPCHALLENGERMATCH-26APR17TULBRO-TUL,54,215,53,70,52,1834,51,1223,50,1328,55,10,56,2390,57,6967,58,2043,59,1442,54.5
2026-04-17 10:33:23 PM,KXATPCHALLENGERMATCH-26APR17TULBRO-TUL,54,164,53,70,52,1834,51,1223,50,1328,55,10,56,2390,57,6967,58,2043,59,1442,54.5
2026-04-17 10:33:23 PM,KXATPCHALLENGERMATCH-26APR17TULBRO-TUL,54,132,53,70,52,1834,51,1223,50,1328,55,10,56,2390,57,6967,58,2043,59,1442,54.5
2026-04-17 10:33:23 PM,KXATPCHALLENGERMATCH-26APR17TULBRO-TUL,54,11,53,70,52,1834,51,1223,50,1328,55,10,56,2390,57,6967,58,2043,59,1442,54.5
2026-04-17 10:33:23 PM,KXATPCHALLENGERMATCH-26APR17TULBRO-TUL,54,11,53,70,52,1834,51,1223,50,1328,55,10,56,2390,57,6967,58,2043,59,1066,54.5
2026-04-17 10:33:23 PM,KXATPCHALLENGERMATCH-26APR17TULBRO-TUL,54,11,53,298,52,1834,51,1223,50,1328,55,10,56,2390,57,6967,58,2043,59,1066,54.5
2026-04-17 10:33:23 PM,KXATPCHALLENGERMATCH-26APR17TULBRO-TUL,53,298,52,1834,51,1223,50,1328,49,5165,55,10,56,2390,57,6967,58,2043,59,1066,54.0
2026-04-17 10:33:23 PM,KXATPCHALLENGERMATCH-26APR17TULBRO-TUL,53,307,52,1834,51,1223,50,1328,49,5165,55,10,56,2390,57,6967,58,2043,59,1066,54.0
2026-04-17 10:33:23 PM,KXATPCHALLENGERMATCH-26APR17TULBRO-TUL,53,307,52,1838,51,1223,50,1328,49,5165,55,10,56,2390,57,6967,58,2043,59,1066,54.0
2026-04-17 10:33:23 PM,KXATPCHALLENGERMATCH-26APR17TULBRO-TUL,53,307,52,1838,51,1223,50,1328,49,165,55,10,56,2390,57,6967,58,2043,59,1066,54.0
2026-04-17 10:33:23 PM,KXATPCHALLENGERMATCH-26APR17TULBRO-TUL,53,307,52,1838,51,6223,50,1328,49,165,55,10,56,2390,57,6967,58,2043,59,1066,54.0
2026-04-17 10:33:23 PM,KXATPCHALLENGERMATCH-26APR17TULBRO-TUL,53,307,52,1838,51,6223,50,6328,49,165,55,10,56,2390,57,6967,58,2043,59,1066,54.0
2026-04-17 10:33:23 PM,KXATPCHALLENGERMATCH-26APR17TULBRO-TUL,53,307,52,1838,51,6223,50,6328,49,165,55,10,56,2390,57,6967,58,7043,59,1066,54.0
2026-04-17 10:33:23 PM,KXATPCHALLENGERMATCH-26APR17TULBRO-TUL,53,307,52,1838,51,6223,50,6328,49,165,55,202,56,2390,57,6967,58,7043,59,1066,54.0
2026-04-17 10:33:23 PM,KXATPCHALLENGERMATCH-26APR17TULBRO-TUL,53,307,52,1838,51,6223,50,6328,49,165,55,202,56,2390,57,6967,58,7043,59,1025,54.0
2026-04-17 10:33:23 PM,KXATPCHALLENGERMATCH-26APR17TULBRO-TUL,53,307,52,1838,51,6223,50,6328,49,165,55,202,56,2857,57,6967,58,7043,59,1025,54.0
2026-04-17 10:33:23 PM,KXATPCHALLENGERMATCH-26APR17TULBRO-TUL,53,307,52,1838,51,6223,50,6328,49,165,55,202,56,2857,57,6967,58,7084,59,1025,54.0
2026-04-17 10:33:23 PM,KXATPCHALLENGERMATCH-26APR17TULBRO-TUL,53,307,52,1838,51,6223,50,6328,49,165,55,253,56,2857,57,6967,58,7084,59,1025,54.0
2026-04-17 10:33:23 PM,KXATPCHALLENGERMATCH-26APR17TULBRO-TUL,53,307,52,1844,51,6223,50,6328,49,165,55,253,56,2857,57,6967,58,7084,59,1025,54.0
2026-04-17 10:33:25 PM,KXATPCHALLENGERMATCH-26APR17TULBRO-TUL,53,307,52,1844,51,7023,50,6328,49,165,55,253,56,2857,57,6967,58,7084,59,1025,54.0
2026-04-17 10:33:25 PM,KXATPCHALLENGERMATCH-26APR17TULBRO-TUL,53,307,52,2644,51,7023,50,6328,49,165,55,253,56,2857,57,6967,58,7084,59,1025,54.0
2026-04-17 10:33:25 PM,KXATPCHALLENGERMATCH-26APR17TULBRO-TUL,53,1107,52,2644,51,7023,50,6328,49,165,55,253,56,2857,57,6967,58,7084,59,1025,54.0
2026-04-17 10:33:25 PM,KXATPCHALLENGERMATCH-26APR17TULBRO-TUL,53,1107,52,2644,51,7023,50,6328,49,165,55,253,56,2857,57,7767,58,7084,59,1025,54.0
2026-04-17 10:33:25 PM,KXATPCHALLENGERMATCH-26APR17TULBRO-TUL,53,1107,52,2644,51,7023,50,6328,49,165,55,253,56,2857,57,7767,58,7084,59,1825,54.0
2026-04-17 10:33:25 PM,KXATPCHALLENGERMATCH-26APR17TULBRO-TUL,53,1107,52,2644,51,7023,50,6328,49,165,55,253,56,2857,57,7767,58,7084,59,1800,54.0
2026-04-17 10:33:25 PM,KXATPCHALLENGERMATCH-26APR17TULBRO-TUL,53,1107,52,2644,51,7023,50,6328,49,165,55,253,56,2857,57,7767,58,7109,59,1800,54.0
2026-04-17 10:33:25 PM,KXATPCHALLENGERMATCH-26APR17TULBRO-TUL,53,1107,52,2644,51,7023,50,6328,49,165,55,253,56,2390,57,7767,58,7109,59,1800,54.0
2026-04-17 10:33:26 PM,KXATPCHALLENGERMATCH-26APR17TULBRO-TUL,53,307,52,2644,51,7023,50,6328,49,165,55,253,56,2390,57,7767,58,7109,59,1800,54.0
2026-04-17 10:33:26 PM,KXATPCHALLENGERMATCH-26APR17TULBRO-TUL,54,800,53,307,52,2644,51,7023,50,6328,55,253,56,2390,57,7767,58,7109,59,1800,54.5
2026-04-17 10:33:26 PM,KXATPCHALLENGERMATCH-26APR17TULBRO-TUL,54,800,53,307,52,2640,51,7023,50,6328,55,253,56,2390,57,7767,58,7109,59,1800,54.5
2026-04-17 10:33:26 PM,KXATPCHALLENGERMATCH-26APR17TULBRO-TUL,54,800,53,307,52,2634,51,7023,50,6328,55,253,56,2390,57,7767,58,7109,59,1800,54.5
2026-04-17 10:33:26 PM,KXATPCHALLENGERMATCH-26APR17TULBRO-TUL,54,800,53,292,52,2634,51,7023,50,6328,55,253,56,2390,57,7767,58,7109,59,1800,54.5
2026-04-17 10:33:26 PM,KXATPCHALLENGERMATCH-26APR17TULBRO-TUL,54,805,53,292,52,2634,51,7023,50,6328,55,253,56,2390,57,7767,58,7109,59,1800,54.5
2026-04-17 10:33:27 PM,KXATPCHALLENGERMATCH-26APR17TULBRO-TUL,54,814,53,292,52,2634,51,7023,50,6328,55,253,56,2390,57,7767,58,7109,59,1800,54.5
2026-04-17 10:33:29 PM,KXATPCHALLENGERMATCH-26APR17TULBRO-TUL,54,814,53,292,52,2634,51,2023,50,6328,55,253,56,2390,57,7767,58,7109,59,1800,54.5
2026-04-17 10:33:29 PM,KXATPCHALLENGERMATCH-26APR17TULBRO-TUL,54,814,53,292,52,2634,51,2023,50,1328,55,253,56,2390,57,7767,58,7109,59,1800,54.5
2026-04-17 10:33:31 PM,KXATPCHALLENGERMATCH-26APR17TULBRO-TUL,54,814,53,292,52,2634,51,2023,50,1328,55,253,56,2857,57,7767,58,7109,59,1800,54.5
2026-04-17 10:33:38 PM,KXATPCHALLENGERMATCH-26APR17TULBRO-TUL,54,814,53,292,52,2634,51,7023,50,1328,55,253,56,2857,57,7767,58,7109,59,1800,54.5
2026-04-17 10:33:38 PM,KXATPCHALLENGERMATCH-26APR17TULBRO-TUL,54,814,53,292,52,2634,51,7023,50,6328,55,253,56,2857,57,7767,58,7109,59,1800,54.5
2026-04-17 10:33:38 PM,KXATPCHALLENGERMATCH-26APR17TULBRO-TUL,54,814,53,292,52,2634,51,2023,50,6328,55,253,56,2857,57,7767,58,7109,59,1800,54.5
2026-04-17 10:33:38 PM,KXATPCHALLENGERMATCH-26APR17TULBRO-TUL,54,814,53,292,52,2634,51,2023,50,6328,55,253,56,2390,57,7767,58,7109,59,1800,54.5
2026-04-17 10:33:47 PM,KXATPCHALLENGERMATCH-26APR17TULBRO-TUL,54,814,53,292,52,2634,51,2023,50,6328,55,253,56,2857,57,7767,58,7109,59,1800,54.5
2026-04-17 10:33:47 PM,KXATPCHALLENGERMATCH-26APR17TULBRO-TUL,54,814,53,292,52,2634,51,7023,50,6328,55,253,56,2857,57,7767,58,7109,59,1800,54.5
2026-04-17 10:33:53 PM,KXATPCHALLENGERMATCH-26APR17TULBRO-TUL,54,814,53,288,52,2634,51,7023,50,6328,55,253,56,2857,57,7767,58,7109,59,1800,54.5
2026-04-17 10:33:53 PM,KXATPCHALLENGERMATCH-26APR17TULBRO-TUL,54,814,53,61,52,2634,51,7023,50,6328,55,253,56,2857,57,7767,58,7109,59,1800,54.5
2026-04-17 10:33:53 PM,KXATPCHALLENGERMATCH-26APR17TULBRO-TUL,54,1055,53,61,52,2634,51,7023,50,6328,55,253,56,2857,57,7767,58,7109,59,1800,54.5
2026-04-17 10:33:53 PM,KXATPCHALLENGERMATCH-26APR17TULBRO-TUL,54,1055,53,61,52,2634,51,7023,50,6328,55,253,56,2857,57,7767,58,7109,59,2175,54.5
2026-04-17 10:33:53 PM,KXATPCHALLENGERMATCH-26APR17TULBRO-TUL,54,1055,53,61,52,2634,51,7023,50,6328,55,253,56,2390,57,7767,58,7109,59,2175,54.5
2026-04-17 10:35:14 PM,KXATPCHALLENGERMATCH-26APR17TULBRO-TUL,54,1055,53,61,52,2634,51,7023,50,6328,55,61,56,2390,57,7767,58,7109,59,2175,54.5
2026-04-17 10:35:14 PM,KXATPCHALLENGERMATCH-26APR17TULBRO-TUL,54,1055,53,61,52,2634,51,7023,50,6328,55,10,56,2390,57,7767,58,7109,59,2175,54.5
2026-04-17 10:35:14 PM,KXATPCHALLENGERMATCH-26APR17TULBRO-TUL,54,1055,53,61,52,2634,51,7023,50,6328,55,10,56,2283,57,7767,58,7109,59,2175,54.5
2026-04-17 10:35:14 PM,KXATPCHALLENGERMATCH-26APR17TULBRO-TUL,54,1055,53,61,52,2634,51,7023,50,6328,55,10,56,2283,57,7767,58,7068,59,2175,54.5
2026-04-17 10:35:14 PM,KXATPCHALLENGERMATCH-26APR17TULBRO-TUL,54,1055,53,61,52,2634,51,7023,50,6328,55,10,56,2283,57,7767,58,7068,59,2216,54.5
2026-04-17 10:35:18 PM,KXATPCHALLENGERMATCH-26APR17TULBRO-TUL,54,1055,53,61,52,2634,51,7023,50,6328,55,10,56,2273,57,7767,58,7068,59,2216,54.5
2026-04-17 10:35:34 PM,KXATPCHALLENGERMATCH-26APR17TULBRO-TUL,55,50,54,1055,53,61,52,2634,51,7023,55,10,56,2273,57,7767,58,7068,59,2216,55.0
2026-04-17 10:35:34 PM,KXATPCHALLENGERMATCH-26APR17TULBRO-TUL,55,50,54,1055,53,61,52,2634,51,7023,55,10,56,2273,57,7767,58,7043,59,2216,55.0
2026-04-17 10:35:34 PM,KXATPCHALLENGERMATCH-26APR17TULBRO-TUL,55,50,54,1055,53,61,52,2634,51,7023,55,10,56,2273,57,7767,58,7043,59,2241,55.0
2026-04-17 10:35:34 PM,KXATPCHALLENGERMATCH-26APR17TULBRO-TUL,55,50,54,1055,53,61,52,2634,51,7023,55,10,56,2740,57,7767,58,7043,59,2241,55.0
2026-04-17 10:35:49 PM,KXATPCHALLENGERMATCH-26APR17TULBRO-TUL,55,50,54,872,53,61,52,2634,51,7023,55,10,56,2740,57,7767,58,7043,59,2241,55.0
2026-04-17 10:35:49 PM,KXATPCHALLENGERMATCH-26APR17TULBRO-TUL,55,50,54,872,53,61,52,2634,51,7023,55,10,56,3508,57,7767,58,7043,59,2241,55.0
2026-04-17 10:35:49 PM,KXATPCHALLENGERMATCH-26APR17TULBRO-TUL,55,50,54,872,53,61,52,2634,51,7023,55,10,56,3508,57,7998,58,7043,59,2241,55.0
2026-04-17 10:35:49 PM,KXATPCHALLENGERMATCH-26APR17TULBRO-TUL,55,50,54,872,53,61,52,2634,51,7023,55,10,56,3041,57,7998,58,7043,59,2241,55.0
2026-04-17 10:35:49 PM,KXATPCHALLENGERMATCH-26APR17TULBRO-TUL,55,50,54,872,53,61,52,2634,51,7023,55,10,56,3076,57,7998,58,7043,59,2241,55.0
2026-04-17 10:35:50 PM,KXATPCHALLENGERMATCH-26APR17TULBRO-TUL,55,50,54,872,53,61,52,2634,51,7023,55,10,56,3086,57,7998,58,7043,59,2241,55.0
2026-04-17 10:36:22 PM,KXATPCHALLENGERMATCH-26APR17TULBRO-TUL,55,50,54,872,53,61,52,2634,51,6223,55,10,56,3086,57,7998,58,7043,59,2241,55.0
2026-04-17 10:36:22 PM,KXATPCHALLENGERMATCH-26APR17TULBRO-TUL,55,50,54,872,53,61,52,1834,51,6223,55,10,56,3086,57,7998,58,7043,59,2241,55.0
2026-04-17 10:36:22 PM,KXATPCHALLENGERMATCH-26APR17TULBRO-TUL,55,50,54,872,53,61,52,1834,51,6223,55,10,56,3086,57,7198,58,7043,59,2241,55.0
2026-04-17 10:36:22 PM,KXATPCHALLENGERMATCH-26APR17TULBRO-TUL,55,50,54,872,53,61,52,1834,51,6223,55,10,56,3086,57,7198,58,7043,59,1441,55.0
2026-04-17 10:36:22 PM,KXATPCHALLENGERMATCH-26APR17TULBRO-TUL,55,50,54,72,53,61,52,1834,51,6223,55,10,56,3086,57,7198,58,7043,59,1441,55.0
2026-04-17 10:36:22 PM,KXATPCHALLENGERMATCH-26APR17TULBRO-TUL,55,50,54,72,53,60,52,1834,51,6223,55,10,56,3086,57,7198,58,7043,59,1441,55.0
2026-04-17 10:36:22 PM,KXATPCHALLENGERMATCH-26APR17TULBRO-TUL,55,50,54,72,53,59,52,1834,51,6223,55,10,56,3086,57,7198,58,7043,59,1441,55.0
2026-04-17 10:36:22 PM,KXATPCHALLENGERMATCH-26APR17TULBRO-TUL,55,50,54,14,53,59,52,1834,51,6223,55,10,56,3086,57,7198,58,7043,59,1441,55.0
2026-04-17 10:36:22 PM,KXATPCHALLENGERMATCH-26APR17TULBRO-TUL,55,50,54,14,53,59,52,1834,51,6223,55,10,56,3086,57,7198,58,7043,59,1066,55.0
2026-04-17 10:36:22 PM,KXATPCHALLENGERMATCH-26APR17TULBRO-TUL,55,50,54,14,53,59,52,1834,51,6223,55,10,56,3553,57,7198,58,7043,59,1066,55.0
2026-04-17 10:36:22 PM,KXATPCHALLENGERMATCH-26APR17TULBRO-TUL,55,50,54,14,53,222,52,1834,51,6223,55,10,56,3553,57,7198,58,7043,59,1066,55.0
2026-04-17 10:36:22 PM,KXATPCHALLENGERMATCH-26APR17TULBRO-TUL,55,50,54,14,53,257,52,1834,51,6223,55,10,56,3553,57,7198,58,7043,59,1066,55.0
2026-04-17 10:36:22 PM,KXATPCHALLENGERMATCH-26APR17TULBRO-TUL,55,50,54,14,53,257,52,1834,51,6223,55,10,56,3086,57,7198,58,7043,59,1066,55.0
2026-04-17 10:36:23 PM,KXATPCHALLENGERMATCH-26APR17TULBRO-TUL,55,50,54,14,53,257,52,1834,51,7023,55,10,56,3086,57,7198,58,7043,59,1066,55.0
2026-04-17 10:36:23 PM,KXATPCHALLENGERMATCH-26APR17TULBRO-TUL,55,50,54,14,53,1057,52,1834,51,7023,55,10,56,3086,57,7198,58,7043,59,1066,55.0
2026-04-17 10:36:23 PM,KXATPCHALLENGERMATCH-26APR17TULBRO-TUL,55,50,54,14,53,1057,52,1834,51,7023,55,10,56,3886,57,7198,58,7043,59,1066,55.0
2026-04-17 10:36:23 PM,KXATPCHALLENGERMATCH-26APR17TULBRO-TUL,55,50,54,14,53,1057,52,1834,51,7023,55,10,56,3886,57,7198,58,7043,59,1866,55.0
2026-04-17 10:36:23 PM,KXATPCHALLENGERMATCH-26APR17TULBRO-TUL,55,50,54,14,53,1057,52,1834,51,7023,55,10,56,3886,57,7198,58,7843,59,1866,55.0
2026-04-17 10:36:33 PM,KXATPCHALLENGERMATCH-26APR17TULBRO-TUL,55,50,54,14,53,1057,52,1834,51,7023,55,10,56,4353,57,7198,58,7843,59,1866,55.0
2026-04-17 10:36:33 PM,KXATPCHALLENGERMATCH-26APR17TULBRO-TUL,55,50,54,14,53,1057,52,1834,51,7489,55,10,56,4353,57,7198,58,7843,59,1866,55.0
2026-04-17 10:36:33 PM,KXATPCHALLENGERMATCH-26APR17TULBRO-TUL,55,50,54,14,53,1057,52,1367,51,7489,55,10,56,4353,57,7198,58,7843,59,1866,55.0
2026-04-17 10:36:33 PM,KXATPCHALLENGERMATCH-26APR17TULBRO-TUL,55,50,54,14,53,1057,52,1367,51,2489,55,10,56,4353,57,7198,58,7843,59,1866,55.0
2026-04-17 10:36:34 PM,KXATPCHALLENGERMATCH-26APR17TULBRO-TUL,55,50,54,14,53,1057,52,1367,51,2023,55,10,56,4353,57,7198,58,7843,59,1866,55.0
2026-04-17 10:36:37 PM,KXATPCHALLENGERMATCH-26APR17TULBRO-TUL,55,50,54,14,53,257,52,1367,51,2023,55,10,56,4353,57,7198,58,7843,59,1866,55.0
2026-04-17 10:36:37 PM,KXATPCHALLENGERMATCH-26APR17TULBRO-TUL,55,50,54,14,53,257,52,1367,51,1223,55,10,56,4353,57,7198,58,7843,59,1866,55.0
2026-04-17 10:36:37 PM,KXATPCHALLENGERMATCH-26APR17TULBRO-TUL,55,50,54,14,53,257,52,1367,51,1223,55,10,56,3553,57,7198,58,7843,59,1866,55.0
2026-04-17 10:36:37 PM,KXATPCHALLENGERMATCH-26APR17TULBRO-TUL,55,50,54,14,53,257,52,1367,51,1223,55,10,56,3553,57,7198,58,7843,59,1066,55.0
2026-04-17 10:36:37 PM,KXATPCHALLENGERMATCH-26APR17TULBRO-TUL,55,50,54,14,53,257,52,2167,51,1223,55,10,56,3553,57,7198,58,7843,59,1066,55.0
2026-04-17 10:36:37 PM,KXATPCHALLENGERMATCH-26APR17TULBRO-TUL,55,50,54,14,53,257,52,2167,51,1223,55,10,56,3553,57,7998,58,7843,59,1066,55.0
2026-04-17 10:36:37 PM,KXATPCHALLENGERMATCH-26APR17TULBRO-TUL,55,50,54,14,53,257,52,2167,51,1223,55,10,56,4353,57,7998,58,7843,59,1066,55.0
2026-04-17 10:36:39 PM,KXATPCHALLENGERMATCH-26APR17TULBRO-TUL,55,50,54,14,53,257,52,2167,51,1223,55,10,56,3553,57,7998,58,7843,59,1066,55.0
2026-04-17 10:36:39 PM,KXATPCHALLENGERMATCH-26APR17TULBRO-TUL,55,50,54,14,53,257,52,2167,51,1223,55,10,56,4353,57,7998,58,7843,59,1066,55.0
2026-04-17 10:36:52 PM,KXATPCHALLENGERMATCH-26APR17TULBRO-TUL,55,50,54,14,53,257,52,2167,51,1689,55,10,56,4353,57,7998,58,7843,59,1066,55.0
2026-04-17 10:36:52 PM,KXATPCHALLENGERMATCH-26APR17TULBRO-TUL,55,50,54,14,53,257,52,2167,51,1689,55,10,56,4353,57,8295,58,7843,59,1066,55.0
2026-04-17 10:36:52 PM,KXATPCHALLENGERMATCH-26APR17TULBRO-TUL,55,50,54,14,53,257,52,2167,51,1689,55,10,56,4353,57,8295,58,7952,59,1066,55.0
2026-04-17 10:37:02 PM,KXATPCHALLENGERMATCH-26APR17TULBRO-TUL,55,50,54,14,53,257,52,2633,51,1689,55,10,56,4353,57,8295,58,7952,59,1066,55.0
2026-04-17 10:37:02 PM,KXATPCHALLENGERMATCH-26APR17TULBRO-TUL,55,50,54,14,53,257,52,2633,51,6689,55,10,56,4353,57,8295,58,7952,59,1066,55.0
2026-04-17 10:37:02 PM,KXATPCHALLENGERMATCH-26APR17TULBRO-TUL,55,50,54,14,53,257,52,2633,51,6223,55,10,56,4353,57,8295,58,7952,59,1066,55.0
2026-04-17 10:37:02 PM,KXATPCHALLENGERMATCH-26APR17TULBRO-TUL,55,50,54,14,53,257,52,2633,51,6223,55,10,56,3553,57,8295,58,7952,59,1066,55.0
2026-04-17 10:37:02 PM,KXATPCHALLENGERMATCH-26APR17TULBRO-TUL,55,50,54,14,53,257,52,2633,51,6223,55,10,56,4353,57,8295,58,7952,59,1066,55.0
2026-04-17 10:37:13 PM,KXATPCHALLENGERMATCH-26APR17TULBRO-TUL,55,50,54,14,53,257,52,2633,51,6689,55,10,56,4353,57,8295,58,7952,59,1066,55.0
2026-04-17 10:37:13 PM,KXATPCHALLENGERMATCH-26APR17TULBRO-TUL,55,50,54,14,53,257,52,2167,51,6689,55,10,56,4353,57,8295,58,7952,59,1066,55.0
2026-04-17 10:37:13 PM,KXATPCHALLENGERMATCH-26APR17TULBRO-TUL,55,50,54,14,53,257,52,2167,51,1689,55,10,56,4353,57,8295,58,7952,59,1066,55.0
2026-04-17 10:37:21 PM,KXATPCHALLENGERMATCH-26APR17TULBRO-TUL,55,50,54,14,53,257,52,2633,51,1689,55,10,56,4353,57,8295,58,7952,59,1066,55.0
2026-04-17 10:37:21 PM,KXATPCHALLENGERMATCH-26APR17TULBRO-TUL,55,50,54,14,53,257,52,2633,51,6689,55,10,56,4353,57,8295,58,7952,59,1066,55.0
2026-04-17 10:37:22 PM,KXATPCHALLENGERMATCH-26APR17TULBRO-TUL,55,50,54,14,53,257,52,2633,51,6223,55,10,56,4353,57,8295,58,7952,59,1066,55.0
2026-04-17 10:37:53 PM,KXATPCHALLENGERMATCH-26APR17TULBRO-TUL,55,50,54,9,53,257,52,2633,51,6223,55,10,56,4353,57,8295,58,7952,59,1066,55.0
2026-04-17 10:37:53 PM,KXATPCHALLENGERMATCH-26APR17TULBRO-TUL,55,50,53,257,52,2633,51,6223,50,7128,55,10,56,4353,57,8295,58,7952,59,1066,55.0
2026-04-17 10:37:53 PM,KXATPCHALLENGERMATCH-26APR17TULBRO-TUL,55,50,53,258,52,2633,51,6223,50,7128,55,10,56,4353,57,8295,58,7952,59,1066,55.0
2026-04-17 10:37:53 PM,KXATPCHALLENGERMATCH-26APR17TULBRO-TUL,55,50,53,258,52,2643,51,6223,50,7128,55,10,56,4353,57,8295,58,7952,59,1066,55.0
2026-04-17 10:37:53 PM,KXATPCHALLENGERMATCH-26APR17TULBRO-TUL,55,50,53,262,52,2643,51,6223,50,7128,55,10,56,4353,57,8295,58,7952,59,1066,55.0
2026-04-17 10:37:53 PM,KXATPCHALLENGERMATCH-26APR17TULBRO-TUL,55,50,53,262,52,2643,51,6223,50,7128,55,10,56,4353,57,8295,58,7942,59,1066,55.0
2026-04-17 10:37:53 PM,KXATPCHALLENGERMATCH-26APR17TULBRO-TUL,55,50,53,262,52,2643,51,6223,50,7128,55,10,56,4368,57,8295,58,7942,59,1066,55.0
2026-04-17 10:37:59 PM,KXATPCHALLENGERMATCH-26APR17TULBRO-TUL,55,50,53,262,52,2643,51,6223,50,7128,55,10,56,4360,57,8295,58,7942,59,1066,55.0
2026-04-17 10:37:59 PM,KXATPCHALLENGERMATCH-26APR17TULBRO-TUL,55,50,53,262,52,2643,51,6223,50,7128,55,10,56,4325,57,8295,58,7942,59,1066,55.0
2026-04-17 10:38:02 PM,KXATPCHALLENGERMATCH-26APR17TULBRO-TUL,55,50,53,262,52,2643,51,6223,50,7128,55,10,56,3525,57,8295,58,7942,59,1066,55.0
2026-04-17 10:38:02 PM,KXATPCHALLENGERMATCH-26APR17TULBRO-TUL,55,50,53,262,52,2643,51,6223,50,7128,55,10,56,4325,57,8295,58,7942,59,1066,55.0
2026-04-17 10:38:10 PM,KXATPCHALLENGERMATCH-26APR17TULBRO-TUL,55,50,53,262,52,2643,51,6223,50,7128,55,10,56,4325,57,8295,58,7833,59,1066,55.0
2026-04-17 10:38:10 PM,KXATPCHALLENGERMATCH-26APR17TULBRO-TUL,55,50,53,262,52,2643,51,6223,50,7128,55,10,56,4325,57,8221,58,7833,59,1066,55.0
2026-04-17 10:38:13 PM,KXATPCHALLENGERMATCH-26APR17TULBRO-TUL,55,50,53,262,52,1843,51,6223,50,7128,55,10,56,4325,57,8221,58,7833,59,1066,55.0
2026-04-17 10:38:13 PM,KXATPCHALLENGERMATCH-26APR17TULBRO-TUL,55,50,53,262,52,1843,51,6223,50,7128,55,10,56,4325,57,7421,58,7833,59,1066,55.0
2026-04-17 10:38:13 PM,KXATPCHALLENGERMATCH-26APR17TULBRO-TUL,55,50,53,1062,52,1843,51,6223,50,7128,55,10,56,4325,57,7421,58,7833,59,1066,55.0
2026-04-17 10:38:13 PM,KXATPCHALLENGERMATCH-26APR17TULBRO-TUL,55,50,53,1062,52,1843,51,7023,50,7128,55,10,56,4325,57,7421,58,7833,59,1066,55.0
2026-04-17 10:38:13 PM,KXATPCHALLENGERMATCH-26APR17TULBRO-TUL,55,50,53,1062,52,1843,51,7023,50,7128,55,10,56,4325,57,7421,58,7833,59,1866,55.0
2026-04-17 10:38:40 PM,KXATPCHALLENGERMATCH-26APR17TULBRO-TUL,55,50,53,1062,52,1843,51,7023,50,7128,55,10,56,4825,57,7421,58,7833,59,1866,55.0
2026-04-17 10:38:41 PM,KXATPCHALLENGERMATCH-26APR17TULBRO-TUL,55,50,53,1062,52,1843,51,7023,50,7128,55,10,56,4825,57,7421,58,7833,59,2242,55.0
2026-04-17 10:39:09 PM,KXATPCHALLENGERMATCH-26APR17TULBRO-TUL,55,50,53,1062,52,1843,51,7490,50,7128,55,10,56,4825,57,7421,58,7833,59,2242,55.0
2026-04-17 10:39:09 PM,KXATPCHALLENGERMATCH-26APR17TULBRO-TUL,55,50,53,1062,52,1377,51,7490,50,7128,55,10,56,4825,57,7421,58,7833,59,2242,55.0
2026-04-17 10:39:09 PM,KXATPCHALLENGERMATCH-26APR17TULBRO-TUL,55,50,53,1062,52,1377,51,7490,50,7128,55,10,56,4860,57,7421,58,7833,59,2242,55.0
2026-04-17 10:39:09 PM,KXATPCHALLENGERMATCH-26APR17TULBRO-TUL,55,50,53,1062,52,1377,51,2490,50,7128,55,10,56,4860,57,7421,58,7833,59,2242,55.0
2026-04-17 10:39:09 PM,KXATPCHALLENGERMATCH-26APR17TULBRO-TUL,55,50,53,1062,52,1377,51,2490,50,2128,55,10,56,4860,57,7421,58,7833,59,2242,55.0
2026-04-17 10:39:22 PM,KXATPCHALLENGERMATCH-26APR17TULBRO-TUL,55,50,53,1062,52,1844,51,2490,50,2128,55,10,56,4860,57,7421,58,7833,59,2242,55.0
2026-04-17 10:39:22 PM,KXATPCHALLENGERMATCH-26APR17TULBRO-TUL,55,50,53,1062,52,1844,51,2023,50,2128,55,10,56,4860,57,7421,58,7833,59,2242,55.0
2026-04-17 10:39:22 PM,KXATPCHALLENGERMATCH-26APR17TULBRO-TUL,55,50,53,1097,52,1844,51,2023,50,2128,55,10,56,4860,57,7421,58,7833,59,2242,55.0
2026-04-17 10:39:22 PM,KXATPCHALLENGERMATCH-26APR17TULBRO-TUL,55,50,53,1062,52,1844,51,2023,50,2128,55,10,56,4860,57,7421,58,7833,59,2242,55.0
2026-04-17 10:39:27 PM,KXATPCHALLENGERMATCH-26APR17TULBRO-TUL,55,50,53,1062,52,1377,51,2023,50,2128,55,10,56,4860,57,7421,58,7833,59,2242,55.0
2026-04-17 10:39:27 PM,KXATPCHALLENGERMATCH-26APR17TULBRO-TUL,55,50,53,1062,52,1377,51,7023,50,2128,55,10,56,4860,57,7421,58,7833,59,2242,55.0
2026-04-17 10:39:27 PM,KXATPCHALLENGERMATCH-26APR17TULBRO-TUL,55,50,53,1062,52,1377,51,7023,50,7128,55,10,56,4860,57,7421,58,7833,59,2242,55.0
2026-04-17 10:39:27 PM,KXATPCHALLENGERMATCH-26APR17TULBRO-TUL,55,50,53,1062,52,1377,51,2023,50,7128,55,10,56,4860,57,7421,58,7833,59,2242,55.0
2026-04-17 10:39:27 PM,KXATPCHALLENGERMATCH-26APR17TULBRO-TUL,55,50,53,1062,52,1377,51,2023,50,2128,55,10,56,4860,57,7421,58,7833,59,2242,55.0
2026-04-17 10:39:30 PM,KXATPCHALLENGERMATCH-26APR17TULBRO-TUL,55,50,53,1062,52,1377,51,2490,50,2128,55,10,56,4860,57,7421,58,7833,59,2242,55.0
2026-04-17 10:39:34 PM,KXATPCHALLENGERMATCH-26APR17TULBRO-TUL,55,50,53,1062,52,1377,51,2490,50,2128,55,10,56,4825,57,7421,58,7833,59,2242,55.0
2026-04-17 10:39:40 PM,KXATPCHALLENGERMATCH-26APR17TULBRO-TUL,55,50,53,262,52,1377,51,2490,50,2128,55,10,56,4825,57,7421,58,7833,59,2242,55.0
2026-04-17 10:39:40 PM,KXATPCHALLENGERMATCH-26APR17TULBRO-TUL,55,50,53,262,52,1377,51,1690,50,2128,55,10,56,4825,57,7421,58,7833,59,2242,55.0
2026-04-17 10:39:40 PM,KXATPCHALLENGERMATCH-26APR17TULBRO-TUL,55,50,53,262,52,1377,51,1690,50,2128,55,10,56,4025,57,7421,58,7833,59,2242,55.0
2026-04-17 10:39:40 PM,KXATPCHALLENGERMATCH-26APR17TULBRO-TUL,55,50,53,262,52,1377,51,1690,50,2128,55,10,56,4025,57,7421,58,7833,59,1442,55.0
2026-04-17 10:39:40 PM,KXATPCHALLENGERMATCH-26APR17TULBRO-TUL,55,50,53,262,52,1844,51,1690,50,2128,55,10,56,4025,57,7421,58,7833,59,1442,55.0
2026-04-17 10:39:40 PM,KXATPCHALLENGERMATCH-26APR17TULBRO-TUL,55,50,53,262,52,1973,51,1690,50,2128,55,10,56,4025,57,7421,58,7833,59,1442,55.0
2026-04-17 10:39:40 PM,KXATPCHALLENGERMATCH-26APR17TULBRO-TUL,55,50,53,262,52,1973,51,1690,50,2128,55,10,56,4025,57,7421,58,7833,59,1066,55.0
2026-04-17 10:39:40 PM,KXATPCHALLENGERMATCH-26APR17TULBRO-TUL,55,50,53,262,52,2773,51,1690,50,2128,55,10,56,4025,57,7421,58,7833,59,1066,55.0
2026-04-17 10:39:40 PM,KXATPCHALLENGERMATCH-26APR17TULBRO-TUL,55,50,53,262,52,2773,51,1690,50,2128,55,10,56,4025,57,8221,58,7833,59,1066,55.0
2026-04-17 10:39:40 PM,KXATPCHALLENGERMATCH-26APR17TULBRO-TUL,55,50,53,262,52,2773,51,1690,50,2128,55,10,56,4825,57,8221,58,7833,59,1066,55.0
2026-04-17 10:39:40 PM,KXATPCHALLENGERMATCH-26APR17TULBRO-TUL,55,50,53,262,52,2773,51,1690,50,7128,55,10,56,4825,57,8221,58,7833,59,1066,55.0
2026-04-17 10:39:40 PM,KXATPCHALLENGERMATCH-26APR17TULBRO-TUL,55,50,53,262,52,2773,51,1223,50,7128,55,10,56,4825,57,8221,58,7833,59,1066,55.0
2026-04-17 10:39:40 PM,KXATPCHALLENGERMATCH-26APR17TULBRO-TUL,55,50,53,262,52,2773,51,1223,50,7128,55,10,56,4358,57,8221,58,7833,59,1066,55.0
2026-04-17 10:39:41 PM,KXATPCHALLENGERMATCH-26APR17TULBRO-TUL,55,50,53,262,52,2773,51,1223,50,7128,55,10,56,4825,57,8221,58,7833,59,1066,55.0
2026-04-17 10:40:06 PM,KXATPCHALLENGERMATCH-26APR17TULBRO-TUL,55,50,53,262,52,2773,51,1223,50,7128,55,10,56,4825,57,8221,58,7833,59,1041,55.0
2026-04-17 10:40:06 PM,KXATPCHALLENGERMATCH-26APR17TULBRO-TUL,55,50,53,262,52,2773,51,6223,50,7128,55,10,56,4825,57,8221,58,7833,59,1041,55.0
2026-04-17 10:40:06 PM,KXATPCHALLENGERMATCH-26APR17TULBRO-TUL,55,50,53,262,52,2773,51,6223,50,7128,55,10,56,4830,57,8221,58,7833,59,1041,55.0
2026-04-17 10:40:06 PM,KXATPCHALLENGERMATCH-26APR17TULBRO-TUL,55,50,53,262,52,2773,51,6223,50,7128,55,10,56,4830,57,8221,58,7833,59,1066,55.0
2026-04-17 10:41:30 PM,KXATPCHALLENGERMATCH-26APR17TULBRO-TUL,55,50,53,262,52,2773,51,6223,50,7128,55,10,56,4030,57,8221,58,7833,59,1066,55.0
2026-04-17 10:41:31 PM,KXATPCHALLENGERMATCH-26APR17TULBRO-TUL,55,50,53,262,52,2773,51,6223,50,7128,55,10,56,4830,57,8221,58,7833,59,1066,55.0
2026-04-17 10:41:45 PM,KXATPCHALLENGERMATCH-26APR17TULBRO-TUL,55,50,53,227,52,2773,51,6223,50,7128,55,10,56,4830,57,8221,58,7833,59,1066,55.0
2026-04-17 10:42:31 PM,KXATPCHALLENGERMATCH-26APR17TULBRO-TUL,55,50,53,227,52,2773,51,6223,50,7128,55,10,56,4795,57,8221,58,7833,59,1066,55.0
2026-04-17 10:42:35 PM,KXATPCHALLENGERMATCH-26APR17TULBRO-TUL,55,50,53,227,52,2773,51,6223,50,7128,55,10,56,3995,57,8221,58,7833,59,1066,55.0
2026-04-17 10:42:35 PM,KXATPCHALLENGERMATCH-26APR17TULBRO-TUL,55,50,53,227,52,2773,51,6223,50,7128,55,10,56,4795,57,8221,58,7833,59,1066,55.0
2026-04-17 10:43:41 PM,KXATPCHALLENGERMATCH-26APR17TULBRO-TUL,55,50,53,227,52,2773,51,6223,50,7128,55,10,56,3995,57,8221,58,7833,59,1066,55.0
2026-04-17 10:43:41 PM,KXATPCHALLENGERMATCH-26APR17TULBRO-TUL,55,50,53,227,52,2773,51,6223,50,7128,55,10,56,4795,57,8221,58,7833,59,1066,55.0
2026-04-17 10:44:24 PM,KXATPCHALLENGERMATCH-26APR17TULBRO-TUL,55,50,53,227,52,2773,51,6223,50,7128,55,10,56,3995,57,8221,58,7833,59,1066,55.0
2026-04-17 10:44:24 PM,KXATPCHALLENGERMATCH-26APR17TULBRO-TUL,55,50,53,227,52,2773,51,6223,50,7128,55,10,56,4795,57,8221,58,7833,59,1066,55.0
2026-04-17 10:44:37 PM,KXATPCHALLENGERMATCH-26APR17TULBRO-TUL,55,50,53,227,52,2773,51,6223,50,7128,55,10,56,3995,57,8221,58,7833,59,1066,55.0
2026-04-17 10:44:37 PM,KXATPCHALLENGERMATCH-26APR17TULBRO-TUL,55,50,53,227,52,2773,51,6223,50,7128,55,10,56,4795,57,8221,58,7833,59,1066,55.0
2026-04-17 10:44:51 PM,KXATPCHALLENGERMATCH-26APR17TULBRO-TUL,55,50,53,227,52,2773,51,6223,50,7128,55,10,56,3995,57,8221,58,7833,59,1066,55.0
2026-04-17 10:44:51 PM,KXATPCHALLENGERMATCH-26APR17TULBRO-TUL,55,50,53,227,52,2773,51,6223,50,7128,55,10,56,4795,57,8221,58,7833,59,1066,55.0
2026-04-17 10:45:11 PM,KXATPCHALLENGERMATCH-26APR17TULBRO-TUL,55,50,53,227,52,2773,51,6223,50,7128,55,10,56,4787,57,8221,58,7833,59,1066,55.0
2026-04-17 10:45:14 PM,KXATPCHALLENGERMATCH-26APR17TULBRO-TUL,55,50,53,227,52,2773,51,6223,50,7128,55,10,56,3987,57,8221,58,7833,59,1066,55.0
2026-04-17 10:45:14 PM,KXATPCHALLENGERMATCH-26APR17TULBRO-TUL,55,50,53,227,52,2773,51,6223,50,7128,55,10,56,4787,57,8221,58,7833,59,1066,55.0
2026-04-17 10:45:31 PM,KXATPCHALLENGERMATCH-26APR17TULBRO-TUL,55,50,53,227,52,2773,51,6223,50,7128,55,10,56,4313,57,8221,58,7833,59,1066,55.0
2026-04-17 10:45:34 PM,KXATPCHALLENGERMATCH-26APR17TULBRO-TUL,55,50,53,227,52,2773,51,6223,50,7128,55,10,56,3513,57,8221,58,7833,59,1066,55.0
2026-04-17 10:45:34 PM,KXATPCHALLENGERMATCH-26APR17TULBRO-TUL,55,50,53,227,52,2773,51,6223,50,7128,55,10,56,4313,57,8221,58,7833,59,1066,55.0
2026-04-17 10:45:45 PM,KXATPCHALLENGERMATCH-26APR17TULBRO-TUL,55,50,53,227,52,2773,51,6223,50,7128,55,10,56,4286,57,8221,58,7833,59,1066,55.0
2026-04-17 10:45:45 PM,KXATPCHALLENGERMATCH-26APR17TULBRO-TUL,55,50,53,227,52,2773,51,6223,50,7128,55,10,56,4238,57,8221,58,7833,59,1066,55.0
2026-04-17 10:45:48 PM,KXATPCHALLENGERMATCH-26APR17TULBRO-TUL,55,50,53,227,52,2773,51,6223,50,7128,55,10,56,4238,57,8074,58,7833,59,1066,55.0
2026-04-17 10:45:48 PM,KXATPCHALLENGERMATCH-26APR17TULBRO-TUL,55,50,54,44,53,227,52,2773,51,6223,55,10,56,4238,57,8074,58,7833,59,1066,55.0
2026-04-17 10:45:48 PM,KXATPCHALLENGERMATCH-26APR17TULBRO-TUL,55,50,54,44,53,227,52,2773,51,6223,55,10,56,3438,57,8074,58,7833,59,1066,55.0
2026-04-17 10:45:48 PM,KXATPCHALLENGERMATCH-26APR17TULBRO-TUL,55,50,54,44,53,227,52,2773,51,6223,55,10,56,4238,57,8074,58,7833,59,1066,55.0
2026-04-17 10:45:53 PM,KXATPCHALLENGERMATCH-26APR17TULBRO-TUL,55,50,54,44,53,227,52,2773,51,6223,55,10,56,3438,57,8074,58,7833,59,1066,55.0
2026-04-17 10:45:53 PM,KXATPCHALLENGERMATCH-26APR17TULBRO-TUL,55,50,54,44,53,227,52,2773,51,6223,55,10,56,4238,57,8074,58,7833,59,1066,55.0
2026-04-17 10:46:27 PM,KXATPCHALLENGERMATCH-26APR17TULBRO-TUL,55,50,54,44,53,227,52,2773,51,6223,55,10,56,4205,57,8074,58,7833,59,1066,55.0
2026-04-17 10:46:30 PM,KXATPCHALLENGERMATCH-26APR17TULBRO-TUL,55,50,54,44,53,227,52,2773,51,6223,55,10,56,3405,57,8074,58,7833,59,1066,55.0
2026-04-17 10:46:30 PM,KXATPCHALLENGERMATCH-26APR17TULBRO-TUL,55,50,54,44,53,227,52,2773,51,6223,55,10,56,4205,57,8074,58,7833,59,1066,55.0
2026-04-17 10:47:03 PM,KXATPCHALLENGERMATCH-26APR17TULBRO-TUL,55,50,54,44,53,227,52,2773,51,6223,55,10,56,4199,57,8074,58,7833,59,1066,55.0
2026-04-17 10:47:03 PM,KXATPCHALLENGERMATCH-26APR17TULBRO-TUL,55,50,54,44,53,227,52,2773,51,6223,55,10,56,4078,57,8074,58,7833,59,1066,55.0
2026-04-17 10:47:03 PM,KXATPCHALLENGERMATCH-26APR17TULBRO-TUL,55,50,54,44,53,227,52,2773,51,1223,55,10,56,4078,57,8074,58,7833,59,1066,55.0
2026-04-17 10:47:03 PM,KXATPCHALLENGERMATCH-26APR17TULBRO-TUL,55,50,54,44,53,875,52,2773,51,1223,55,10,56,4078,57,8074,58,7833,59,1066,55.0
2026-04-17 10:47:05 PM,KXATPCHALLENGERMATCH-26APR17TULBRO-TUL,55,50,54,44,53,875,52,2773,51,1223,55,10,56,3278,57,8074,58,7833,59,1066,55.0
2026-04-17 10:47:05 PM,KXATPCHALLENGERMATCH-26APR17TULBRO-TUL,55,50,54,44,53,875,52,2773,51,1223,55,10,56,4078,57,8074,58,7833,59,1066,55.0
2026-04-17 10:47:05 PM,KXATPCHALLENGERMATCH-26APR17TULBRO-TUL,55,50,54,44,53,875,52,2644,51,1223,55,10,56,4078,57,8074,58,7833,59,1066,55.0
2026-04-17 10:47:43 PM,KXATPCHALLENGERMATCH-26APR17TULBRO-TUL,55,50,54,44,53,875,52,2644,51,1223,55,10,56,3278,57,8074,58,7833,59,1066,55.0
2026-04-17 10:47:43 PM,KXATPCHALLENGERMATCH-26APR17TULBRO-TUL,55,50,54,44,53,875,52,2644,51,1223,55,10,56,4078,57,8074,58,7833,59,1066,55.0
2026-04-17 10:48:54 PM,KXATPCHALLENGERMATCH-26APR17TULBRO-TUL,55,50,54,44,53,875,52,2644,51,1223,55,10,56,3278,57,8074,58,7833,59,1066,55.0
2026-04-17 10:48:54 PM,KXATPCHALLENGERMATCH-26APR17TULBRO-TUL,55,50,54,44,53,875,52,2644,51,1223,55,10,56,4078,57,8074,58,7833,59,1066,55.0
2026-04-17 10:49:00 PM,KXATPCHALLENGERMATCH-26APR17TULBRO-TUL,55,50,54,20,53,875,52,2644,51,1223,55,10,56,4078,57,8074,58,7833,59,1066,55.0
2026-04-17 10:49:00 PM,KXATPCHALLENGERMATCH-26APR17TULBRO-TUL,55,50,54,20,53,875,52,2644,51,1223,55,10,56,4078,57,8208,58,7833,59,1066,55.0
2026-04-17 10:49:01 PM,KXATPCHALLENGERMATCH-26APR17TULBRO-TUL,55,50,54,20,53,875,52,2644,51,1223,55,10,56,3278,57,8208,58,7833,59,1066,55.0
2026-04-17 10:49:01 PM,KXATPCHALLENGERMATCH-26APR17TULBRO-TUL,55,50,54,20,53,875,52,2644,51,1223,55,10,56,4078,57,8208,58,7833,59,1066,55.0
2026-04-17 10:49:30 PM,KXATPCHALLENGERMATCH-26APR17TULBRO-TUL,55,50,54,20,53,875,52,2644,51,1223,55,10,56,3316,57,8208,58,7833,59,1066,55.0
2026-04-17 10:49:30 PM,KXATPCHALLENGERMATCH-26APR17TULBRO-TUL,55,50,54,20,53,875,52,2644,51,1223,55,10,56,2713,57,8208,58,7833,59,1066,55.0
2026-04-17 10:49:30 PM,KXATPCHALLENGERMATCH-26APR17TULBRO-TUL,55,50,54,20,53,875,52,2644,51,1223,55,10,56,2690,57,8208,58,7833,59,1066,55.0
2026-04-17 10:49:30 PM,KXATPCHALLENGERMATCH-26APR17TULBRO-TUL,55,50,54,20,53,875,52,2644,51,1223,55,10,56,2581,57,8208,58,7833,59,1066,55.0
2026-04-17 10:49:30 PM,KXATPCHALLENGERMATCH-26APR17TULBRO-TUL,55,50,54,20,53,875,52,2644,51,1223,55,10,56,2185,57,8208,58,7833,59,1066,55.0
2026-04-17 10:49:30 PM,KXATPCHALLENGERMATCH-26APR17TULBRO-TUL,55,50,54,20,53,875,52,2644,51,1223,55,10,56,2185,57,8199,58,7833,59,1066,55.0
2026-04-17 10:49:30 PM,KXATPCHALLENGERMATCH-26APR17TULBRO-TUL,55,50,54,20,53,875,52,2644,51,1223,55,10,56,2185,57,8079,58,7833,59,1066,55.0
2026-04-17 10:49:30 PM,KXATPCHALLENGERMATCH-26APR17TULBRO-TUL,55,50,54,20,53,875,52,2644,51,1223,55,10,56,2185,57,7980,58,7833,59,1066,55.0
2026-04-17 10:49:30 PM,KXATPCHALLENGERMATCH-26APR17TULBRO-TUL,55,50,54,122,53,875,52,2644,51,1223,55,10,56,2185,57,7980,58,7833,59,1066,55.0
2026-04-17 10:49:30 PM,KXATPCHALLENGERMATCH-26APR17TULBRO-TUL,55,50,54,122,53,1295,52,2644,51,1223,55,10,56,2185,57,7980,58,7833,59,1066,55.0
2026-04-17 10:49:30 PM,KXATPCHALLENGERMATCH-26APR17TULBRO-TUL,55,50,54,122,53,1295,52,2644,51,1223,55,10,56,2624,57,7980,58,7833,59,1066,55.0
2026-04-17 10:49:30 PM,KXATPCHALLENGERMATCH-26APR17TULBRO-TUL,55,50,54,122,53,1295,52,7644,51,1223,55,10,56,2624,57,7980,58,7833,59,1066,55.0
2026-04-17 10:49:30 PM,KXATPCHALLENGERMATCH-26APR17TULBRO-TUL,55,50,54,122,53,1295,52,7644,51,6223,55,10,56,2624,57,7980,58,7833,59,1066,55.0
2026-04-17 10:49:30 PM,KXATPCHALLENGERMATCH-26APR17TULBRO-TUL,55,50,54,122,53,1295,52,2644,51,6223,55,10,56,2624,57,7980,58,7833,59,1066,55.0
2026-04-17 10:49:30 PM,KXATPCHALLENGERMATCH-26APR17TULBRO-TUL,55,50,54,122,53,1295,52,2644,51,6223,55,10,56,2157,57,7980,58,7833,59,1066,55.0
2026-04-17 10:49:31 PM,KXATPCHALLENGERMATCH-26APR17TULBRO-TUL,55,50,54,122,53,1295,52,2644,51,6223,55,10,56,2624,57,7980,58,7833,59,1066,55.0
2026-04-17 10:49:33 PM,KXATPCHALLENGERMATCH-26APR17TULBRO-TUL,55,50,54,122,53,1295,52,2644,51,6223,55,10,56,2624,57,7904,58,7833,59,1066,55.0
2026-04-17 10:49:33 PM,KXATPCHALLENGERMATCH-26APR17TULBRO-TUL,55,50,54,122,53,1295,52,2644,51,6223,55,10,56,2624,57,7828,58,7833,59,1066,55.0
2026-04-17 10:49:34 PM,KXATPCHALLENGERMATCH-26APR17TULBRO-TUL,55,50,54,122,53,1295,52,2644,51,6223,55,10,56,1824,57,7828,58,7833,59,1066,55.0
2026-04-17 10:49:34 PM,KXATPCHALLENGERMATCH-26APR17TULBRO-TUL,55,50,54,122,53,1295,52,2644,51,6223,55,10,56,2624,57,7828,58,7833,59,1066,55.0
2026-04-17 10:49:34 PM,KXATPCHALLENGERMATCH-26APR17TULBRO-TUL,55,50,54,122,53,1295,52,7644,51,6223,55,10,56,2624,57,7828,58,7833,59,1066,55.0
2026-04-17 10:49:36 PM,KXATPCHALLENGERMATCH-26APR17TULBRO-TUL,55,50,54,122,53,1295,52,7644,51,6223,55,10,56,2537,57,7828,58,7833,59,1066,55.0
2026-04-17 10:49:36 PM,KXATPCHALLENGERMATCH-26APR17TULBRO-TUL,55,50,54,122,53,1295,52,7644,51,6223,55,10,56,2537,57,7793,58,7833,59,1066,55.0
2026-04-17 10:49:36 PM,KXATPCHALLENGERMATCH-26APR17TULBRO-TUL,55,50,54,122,53,1295,52,7644,51,6223,55,10,56,2537,57,7758,58,7833,59,1066,55.0
2026-04-17 10:49:38 PM,KXATPCHALLENGERMATCH-26APR17TULBRO-TUL,55,50,54,122,53,1295,52,7644,51,6223,55,10,56,1737,57,7758,58,7833,59,1066,55.0
2026-04-17 10:49:38 PM,KXATPCHALLENGERMATCH-26APR17TULBRO-TUL,55,50,54,122,53,1295,52,7644,51,6223,55,10,56,2537,57,7758,58,7833,59,1066,55.0
2026-04-17 10:49:40 PM,KXATPCHALLENGERMATCH-26APR17TULBRO-TUL,55,50,54,122,53,1295,52,7644,51,6223,55,10,56,2569,57,7758,58,7833,59,1066,55.0
2026-04-17 10:49:41 PM,KXATPCHALLENGERMATCH-26APR17TULBRO-TUL,55,50,54,122,53,1295,52,7644,51,6223,55,10,56,1769,57,7758,58,7833,59,1066,55.0
2026-04-17 10:49:41 PM,KXATPCHALLENGERMATCH-26APR17TULBRO-TUL,55,50,54,122,53,1295,52,7644,51,6223,55,10,56,2569,57,7758,58,7833,59,1066,55.0
2026-04-17 10:49:57 PM,KXATPCHALLENGERMATCH-26APR17TULBRO-TUL,55,50,54,32,53,1295,52,7644,51,6223,55,10,56,2569,57,7758,58,7833,59,1066,55.0
2026-04-17 10:49:57 PM,KXATPCHALLENGERMATCH-26APR17TULBRO-TUL,55,50,54,32,53,1295,52,7644,51,6223,55,10,56,2713,57,7758,58,7833,59,1066,55.0
2026-04-17 10:49:57 PM,KXATPCHALLENGERMATCH-26APR17TULBRO-TUL,55,50,54,32,53,1295,52,7644,51,6223,55,10,56,2713,57,8171,58,7833,59,1066,55.0
2026-04-17 10:50:00 PM,KXATPCHALLENGERMATCH-26APR17TULBRO-TUL,55,50,54,32,53,1295,52,7644,51,6223,55,10,56,1913,57,8171,58,7833,59,1066,55.0
2026-04-17 10:50:00 PM,KXATPCHALLENGERMATCH-26APR17TULBRO-TUL,55,50,54,32,53,1295,52,7644,51,6223,55,10,56,2713,57,8171,58,7833,59,1066,55.0
2026-04-17 10:50:00 PM,KXATPCHALLENGERMATCH-26APR17TULBRO-TUL,55,50,54,67,53,1295,52,7644,51,6223,55,10,56,2713,57,8171,58,7833,59,1066,55.0
2026-04-17 10:50:06 PM,KXATPCHALLENGERMATCH-26APR17TULBRO-TUL,55,50,54,67,53,1295,52,7644,51,6223,55,10,56,2713,57,8171,58,7833,59,1041,55.0
2026-04-17 10:50:06 PM,KXATPCHALLENGERMATCH-26APR17TULBRO-TUL,55,50,54,67,53,1295,52,7644,51,6223,55,10,56,2788,57,8171,58,7833,59,1041,55.0
2026-04-17 10:50:06 PM,KXATPCHALLENGERMATCH-26APR17TULBRO-TUL,55,50,54,67,53,1295,52,7644,51,6223,55,10,56,2788,57,8171,58,7833,59,1066,55.0
2026-04-17 10:50:51 PM,KXATPCHALLENGERMATCH-26APR17TULBRO-TUL,55,50,54,67,53,1295,52,7644,51,6223,55,10,56,1988,57,8171,58,7833,59,1066,55.0
2026-04-17 10:50:51 PM,KXATPCHALLENGERMATCH-26APR17TULBRO-TUL,55,50,54,67,53,1295,52,7644,51,6223,55,10,56,2788,57,8171,58,7833,59,1066,55.0
2026-04-17 10:51:47 PM,KXATPCHALLENGERMATCH-26APR17TULBRO-TUL,55,50,54,67,53,1295,52,7644,51,6223,55,10,56,2743,57,8171,58,7833,59,1066,55.0
2026-04-17 10:51:47 PM,KXATPCHALLENGERMATCH-26APR17TULBRO-TUL,55,50,54,67,53,1295,52,7644,51,6223,55,10,56,2743,57,8125,58,7833,59,1066,55.0
2026-04-17 10:51:47 PM,KXATPCHALLENGERMATCH-26APR17TULBRO-TUL,55,50,54,67,53,1295,52,7644,51,6223,55,10,56,2788,57,8125,58,7833,59,1066,55.0
2026-04-17 10:51:49 PM,KXATPCHALLENGERMATCH-26APR17TULBRO-TUL,55,50,54,67,53,1295,52,7644,51,6223,55,10,56,1988,57,8125,58,7833,59,1066,55.0
2026-04-17 10:51:49 PM,KXATPCHALLENGERMATCH-26APR17TULBRO-TUL,55,50,54,67,53,1295,52,7644,51,6223,55,10,56,2788,57,8125,58,7833,59,1066,55.0
2026-04-17 10:51:52 PM,KXATPCHALLENGERMATCH-26APR17TULBRO-TUL,55,50,54,67,53,1295,52,7644,51,6223,55,10,56,2750,57,8125,58,7833,59,1066,55.0
2026-04-17 10:51:52 PM,KXATPCHALLENGERMATCH-26APR17TULBRO-TUL,55,50,54,67,53,1295,52,7644,51,6223,55,10,56,2750,57,8086,58,7833,59,1066,55.0
2026-04-17 10:51:52 PM,KXATPCHALLENGERMATCH-26APR17TULBRO-TUL,55,50,54,67,53,1295,52,7644,51,6223,55,10,56,2788,57,8086,58,7833,59,1066,55.0
2026-04-17 10:51:54 PM,KXATPCHALLENGERMATCH-26APR17TULBRO-TUL,55,50,54,67,53,1295,52,7644,51,6223,55,10,56,2771,57,8086,58,7833,59,1066,55.0
2026-04-17 10:51:54 PM,KXATPCHALLENGERMATCH-26APR17TULBRO-TUL,55,50,54,67,53,1295,52,7644,51,6223,55,10,56,2771,57,8068,58,7833,59,1066,55.0
2026-04-17 10:51:56 PM,KXATPCHALLENGERMATCH-26APR17TULBRO-TUL,55,50,54,67,53,1295,52,7644,51,6223,55,10,56,1971,57,8068,58,7833,59,1066,55.0
2026-04-17 10:51:56 PM,KXATPCHALLENGERMATCH-26APR17TULBRO-TUL,55,50,54,67,53,1295,52,7644,51,6223,55,10,56,2771,57,8068,58,7833,59,1066,55.0
2026-04-17 10:51:57 PM,KXATPCHALLENGERMATCH-26APR17TULBRO-TUL,55,50,54,67,53,1295,52,7644,51,6223,55,10,56,1971,57,8068,58,7833,59,1066,55.0
2026-04-17 10:51:57 PM,KXATPCHALLENGERMATCH-26APR17TULBRO-TUL,55,50,54,67,53,1295,52,7644,51,6223,55,10,56,2771,57,8068,58,7833,59,1066,55.0
2026-04-17 10:52:00 PM,KXATPCHALLENGERMATCH-26APR17TULBRO-TUL,55,50,54,67,53,1295,52,7663,51,6223,55,10,56,2771,57,8068,58,7833,59,1066,55.0
2026-04-17 10:52:44 PM,KXATPCHALLENGERMATCH-26APR17TULBRO-TUL,55,50,54,67,53,1295,52,7663,51,6223,55,10,56,2668,57,8068,58,7833,59,1066,55.0
2026-04-17 10:52:44 PM,KXATPCHALLENGERMATCH-26APR17TULBRO-TUL,55,50,54,67,53,1295,52,7663,51,6223,55,10,56,2668,57,7962,58,7833,59,1066,55.0
2026-04-17 10:52:44 PM,KXATPCHALLENGERMATCH-26APR17TULBRO-TUL,55,50,54,106,53,1295,52,7663,51,6223,55,10,56,2668,57,7962,58,7833,59,1066,55.0
2026-04-17 10:52:44 PM,KXATPCHALLENGERMATCH-26APR17TULBRO-TUL,55,50,54,106,53,1295,52,7663,51,6223,55,10,56,2789,57,7962,58,7833,59,1066,55.0
2026-04-17 10:52:47 PM,KXATPCHALLENGERMATCH-26APR17TULBRO-TUL,55,50,54,106,53,1295,52,7663,51,6223,55,10,56,1989,57,7962,58,7833,59,1066,55.0
2026-04-17 10:52:47 PM,KXATPCHALLENGERMATCH-26APR17TULBRO-TUL,55,50,54,106,53,1295,52,7663,51,6223,55,10,56,2789,57,7962,58,7833,59,1066,55.0
2026-04-17 10:52:58 PM,KXATPCHALLENGERMATCH-26APR17TULBRO-TUL,55,50,54,106,53,1295,52,7663,51,6223,55,10,56,1989,57,7962,58,7833,59,1066,55.0
2026-04-17 10:52:58 PM,KXATPCHALLENGERMATCH-26APR17TULBRO-TUL,55,50,54,106,53,1295,52,7663,51,6223,55,10,56,2789,57,7962,58,7833,59,1066,55.0
2026-04-17 10:53:03 PM,KXATPCHALLENGERMATCH-26APR17TULBRO-TUL,55,50,54,106,53,1295,52,7663,51,6690,55,10,56,2789,57,7962,58,7833,59,1066,55.0
2026-04-17 10:53:03 PM,KXATPCHALLENGERMATCH-26APR17TULBRO-TUL,55,50,54,106,53,1295,52,7196,51,6690,55,10,56,2789,57,7962,58,7833,59,1066,55.0
2026-04-17 10:53:03 PM,KXATPCHALLENGERMATCH-26APR17TULBRO-TUL,55,50,54,106,53,1295,52,2196,51,6690,55,10,56,2789,57,7962,58,7833,59,1066,55.0
2026-04-17 10:53:03 PM,KXATPCHALLENGERMATCH-26APR17TULBRO-TUL,55,50,54,106,53,1295,52,2196,51,6690,55,10,56,2789,57,8429,58,7833,59,1066,55.0
2026-04-17 10:53:03 PM,KXATPCHALLENGERMATCH-26APR17TULBRO-TUL,55,50,54,106,53,1295,52,2196,51,6690,55,10,56,2322,57,8429,58,7833,59,1066,55.0
2026-04-17 10:53:03 PM,KXATPCHALLENGERMATCH-26APR17TULBRO-TUL,55,50,54,71,53,1295,52,2196,51,6690,55,10,56,2322,57,8429,58,7833,59,1066,55.0
2026-04-17 10:53:10 PM,KXATPCHALLENGERMATCH-26APR17TULBRO-TUL,55,50,54,52,53,1295,52,2196,51,6690,55,10,56,2322,57,8429,58,7833,59,1066,55.0
2026-04-17 10:53:10 PM,KXATPCHALLENGERMATCH-26APR17TULBRO-TUL,55,50,54,52,53,1295,52,2196,51,6690,55,10,56,2322,57,8534,58,7833,59,1066,55.0
2026-04-17 10:53:10 PM,KXATPCHALLENGERMATCH-26APR17TULBRO-TUL,55,50,54,52,53,1295,52,7196,51,6690,55,10,56,2322,57,8534,58,7833,59,1066,55.0
2026-04-17 10:53:10 PM,KXATPCHALLENGERMATCH-26APR17TULBRO-TUL,55,50,54,52,53,1295,52,7196,51,6690,55,10,56,2304,57,8534,58,7833,59,1066,55.0
2026-04-17 10:53:11 PM,KXATPCHALLENGERMATCH-26APR17TULBRO-TUL,55,50,54,52,53,1295,52,7196,51,6690,55,10,56,2304,57,8515,58,7833,59,1066,55.0
2026-04-17 10:53:11 PM,KXATPCHALLENGERMATCH-26APR17TULBRO-TUL,55,50,54,52,53,1295,52,7196,51,6690,55,10,56,1504,57,8515,58,7833,59,1066,55.0
2026-04-17 10:53:11 PM,KXATPCHALLENGERMATCH-26APR17TULBRO-TUL,55,50,54,52,53,1295,52,7196,51,6690,55,10,56,2304,57,8515,58,7833,59,1066,55.0
2026-04-17 10:53:12 PM,KXATPCHALLENGERMATCH-26APR17TULBRO-TUL,55,50,54,52,53,1295,52,7698,51,6690,55,10,56,2304,57,8515,58,7833,59,1066,55.0
2026-04-17 10:53:12 PM,KXATPCHALLENGERMATCH-26APR17TULBRO-TUL,55,50,54,52,53,1295,52,7698,51,6690,55,10,56,2806,57,8515,58,7833,59,1066,55.0
2026-04-17 10:53:13 PM,KXATPCHALLENGERMATCH-26APR17TULBRO-TUL,55,50,54,52,53,1295,52,7698,51,6223,55,10,56,2806,57,8515,58,7833,59,1066,55.0
2026-04-17 10:53:13 PM,KXATPCHALLENGERMATCH-26APR17TULBRO-TUL,55,50,54,52,53,1295,52,7698,51,6223,55,10,56,2806,57,8048,58,7833,59,1066,55.0
2026-04-17 10:53:15 PM,KXATPCHALLENGERMATCH-26APR17TULBRO-TUL,55,50,54,52,53,1295,52,7698,51,6223,55,10,56,2304,57,8048,58,7833,59,1066,55.0
2026-04-17 10:53:19 PM,KXATPCHALLENGERMATCH-26APR17TULBRO-TUL,55,50,54,52,53,1295,52,7196,51,6223,55,10,56,2304,57,8048,58,7833,59,1066,55.0
2026-04-17 10:53:24 PM,KXATPCHALLENGERMATCH-26APR17TULBRO-TUL,55,50,54,52,53,1295,52,7698,51,6223,55,10,56,2304,57,8048,58,7833,59,1066,55.0
2026-04-17 10:53:24 PM,KXATPCHALLENGERMATCH-26APR17TULBRO-TUL,55,50,54,52,53,1295,52,7698,51,6223,55,10,56,2806,57,8048,58,7833,59,1066,55.0
2026-04-17 10:53:24 PM,KXATPCHALLENGERMATCH-26APR17TULBRO-TUL,55,50,54,40,53,1295,52,7698,51,6223,55,10,56,2806,57,8048,58,7833,59,1066,55.0
2026-04-17 10:53:24 PM,KXATPCHALLENGERMATCH-26APR17TULBRO-TUL,55,50,54,20,53,1295,52,7698,51,6223,55,10,56,2806,57,8048,58,7833,59,1066,55.0
2026-04-17 10:53:24 PM,KXATPCHALLENGERMATCH-26APR17TULBRO-TUL,55,50,53,1295,52,7698,51,6223,50,2128,55,10,56,2806,57,8048,58,7833,59,1066,55.0
2026-04-17 10:53:26 PM,KXATPCHALLENGERMATCH-26APR17TULBRO-TUL,55,50,53,1295,52,7698,51,6223,50,2128,55,10,56,2006,57,8048,58,7833,59,1066,55.0
2026-04-17 10:53:26 PM,KXATPCHALLENGERMATCH-26APR17TULBRO-TUL,55,50,53,1295,52,7698,51,6223,50,2128,55,10,56,2806,57,8048,58,7833,59,1066,55.0
2026-04-17 10:53:29 PM,KXATPCHALLENGERMATCH-26APR17TULBRO-TUL,55,50,53,1295,52,7698,51,6223,50,2128,55,10,56,2794,57,8048,58,7833,59,1066,55.0
2026-04-17 10:53:31 PM,KXATPCHALLENGERMATCH-26APR17TULBRO-TUL,55,50,53,1295,52,7698,51,6223,50,2128,55,10,56,2745,57,8048,58,7833,59,1066,55.0
2026-04-17 10:53:31 PM,KXATPCHALLENGERMATCH-26APR17TULBRO-TUL,55,50,53,1295,52,7698,51,6223,50,2128,55,10,56,2735,57,8048,58,7833,59,1066,55.0
2026-04-17 10:53:31 PM,KXATPCHALLENGERMATCH-26APR17TULBRO-TUL,55,50,53,1295,52,7698,51,6223,50,2128,55,10,56,2728,57,8048,58,7833,59,1066,55.0
2026-04-17 10:53:31 PM,KXATPCHALLENGERMATCH-26APR17TULBRO-TUL,55,50,53,1295,52,7688,51,6223,50,2128,55,10,56,2728,57,8048,58,7833,59,1066,55.0
2026-04-17 10:53:31 PM,KXATPCHALLENGERMATCH-26APR17TULBRO-TUL,55,50,54,7,53,1295,52,7688,51,6223,55,10,56,2728,57,8048,58,7833,59,1066,55.0
2026-04-17 10:53:31 PM,KXATPCHALLENGERMATCH-26APR17TULBRO-TUL,55,50,54,7,53,1295,52,7688,51,6223,55,10,56,2732,57,8048,58,7833,59,1066,55.0
2026-04-17 10:53:32 PM,KXATPCHALLENGERMATCH-26APR17TULBRO-TUL,55,50,54,35,53,1295,52,7688,51,6223,55,10,56,2732,57,8048,58,7833,59,1066,55.0
2026-04-17 10:53:32 PM,KXATPCHALLENGERMATCH-26APR17TULBRO-TUL,55,50,54,35,53,1295,52,7688,51,6223,55,10,56,2812,57,8048,58,7833,59,1066,55.0
2026-04-17 10:53:32 PM,KXATPCHALLENGERMATCH-26APR17TULBRO-TUL,55,50,54,35,53,1295,52,7688,51,6223,55,10,56,2812,57,8208,58,7833,59,1066,55.0
2026-04-17 10:53:32 PM,KXATPCHALLENGERMATCH-26APR17TULBRO-TUL,55,50,54,35,53,1295,52,7688,51,6223,55,10,56,2012,57,8208,58,7833,59,1066,55.0
2026-04-17 10:53:32 PM,KXATPCHALLENGERMATCH-26APR17TULBRO-TUL,55,50,54,35,53,1295,52,7688,51,6223,55,10,56,2812,57,8208,58,7833,59,1066,55.0
2026-04-17 10:53:58 PM,KXATPCHALLENGERMATCH-26APR17TULBRO-TUL,55,50,54,7,53,1295,52,7688,51,6223,55,10,56,2812,57,8208,58,7833,59,1066,55.0
2026-04-17 10:53:58 PM,KXATPCHALLENGERMATCH-26APR17TULBRO-TUL,55,50,54,7,53,1295,52,7688,51,6223,55,10,56,2310,57,8208,58,7833,59,1066,55.0
2026-04-17 10:53:58 PM,KXATPCHALLENGERMATCH-26APR17TULBRO-TUL,55,50,54,7,53,1295,52,7688,51,6223,55,10,56,2812,57,8208,58,7833,59,1066,55.0
2026-04-17 10:54:01 PM,KXATPCHALLENGERMATCH-26APR17TULBRO-TUL,55,50,54,7,53,1295,52,7688,51,6223,55,10,56,2012,57,8208,58,7833,59,1066,55.0
2026-04-17 10:54:01 PM,KXATPCHALLENGERMATCH-26APR17TULBRO-TUL,55,50,54,7,53,1295,52,7688,51,6223,55,10,56,2812,57,8208,58,7833,59,1066,55.0
2026-04-17 10:54:01 PM,KXATPCHALLENGERMATCH-26APR17TULBRO-TUL,55,50,54,7,53,1295,52,7688,51,6223,55,10,56,2847,57,8208,58,7833,59,1066,55.0
2026-04-17 10:54:01 PM,KXATPCHALLENGERMATCH-26APR17TULBRO-TUL,55,50,54,7,53,1295,52,7688,51,6223,55,10,56,2847,57,8208,58,7833,59,1041,55.0
2026-04-17 10:54:01 PM,KXATPCHALLENGERMATCH-26APR17TULBRO-TUL,55,50,54,7,53,1295,52,7688,51,6223,55,10,56,2847,57,8208,58,7858,59,1041,55.0
2026-04-17 10:55:00 PM,KXATPCHALLENGERMATCH-26APR17TULBRO-TUL,54,7,53,1295,52,7688,51,6223,50,2128,55,10,56,2847,57,8208,58,7858,59,1041,54.5
2026-04-17 10:55:00 PM,KXATPCHALLENGERMATCH-26APR17TULBRO-TUL,53,1295,52,7688,51,6223,50,2128,49,965,55,10,56,2847,57,8208,58,7858,59,1041,54.0
2026-04-17 10:55:00 PM,KXATPCHALLENGERMATCH-26APR17TULBRO-TUL,53,1289,52,7688,51,6223,50,2128,49,965,55,10,56,2847,57,8208,58,7858,59,1041,54.0
2026-04-17 10:55:00 PM,KXATPCHALLENGERMATCH-26APR17TULBRO-TUL,53,1126,52,7688,51,6223,50,2128,49,965,55,10,56,2847,57,8208,58,7858,59,1041,54.0
2026-04-17 10:55:00 PM,KXATPCHALLENGERMATCH-26APR17TULBRO-TUL,53,1126,52,7698,51,6223,50,2128,49,965,55,10,56,2847,57,8208,58,7858,59,1041,54.0
2026-04-17 10:55:00 PM,KXATPCHALLENGERMATCH-26APR17TULBRO-TUL,53,1126,52,7698,51,6223,50,2128,49,965,55,10,56,2829,57,8208,58,7858,59,1041,54.0
2026-04-17 10:55:00 PM,KXATPCHALLENGERMATCH-26APR17TULBRO-TUL,53,1126,52,7698,51,6223,50,2128,49,965,55,10,56,2829,57,8004,58,7858,59,1041,54.0
2026-04-17 10:55:00 PM,KXATPCHALLENGERMATCH-26APR17TULBRO-TUL,53,1126,52,7698,51,6223,50,2128,49,965,55,10,56,2829,57,7918,58,7858,59,1041,54.0
2026-04-17 10:55:00 PM,KXATPCHALLENGERMATCH-26APR17TULBRO-TUL,53,1126,52,7698,51,6223,50,2128,49,965,55,10,56,2794,57,7918,58,7858,59,1041,54.0
2026-04-17 10:55:00 PM,KXATPCHALLENGERMATCH-26APR17TULBRO-TUL,53,1126,52,7698,51,6223,50,2128,49,965,55,10,56,2794,57,7758,58,7858,59,1041,54.0
2026-04-17 10:55:00 PM,KXATPCHALLENGERMATCH-26APR17TULBRO-TUL,53,1126,52,7698,51,6223,50,2128,49,965,55,10,56,2664,57,7758,58,7858,59,1041,54.0
2026-04-17 10:55:00 PM,KXATPCHALLENGERMATCH-26APR17TULBRO-TUL,53,1126,52,7698,51,6223,50,2128,49,965,55,93,56,2664,57,7758,58,7858,59,1041,54.0
2026-04-17 10:55:00 PM,KXATPCHALLENGERMATCH-26APR17TULBRO-TUL,53,1126,52,7698,51,6223,50,2128,49,965,55,93,56,2664,57,7758,58,7479,59,1041,54.0
2026-04-17 10:55:00 PM,KXATPCHALLENGERMATCH-26APR17TULBRO-TUL,53,1126,52,7698,51,6223,50,2128,49,965,55,93,56,2633,57,7758,58,7479,59,1041,54.0
2026-04-17 10:55:00 PM,KXATPCHALLENGERMATCH-26APR17TULBRO-TUL,53,1126,52,7698,51,6223,50,2128,49,965,55,93,56,2609,57,7758,58,7479,59,1041,54.0
2026-04-17 10:55:00 PM,KXATPCHALLENGERMATCH-26APR17TULBRO-TUL,53,1126,52,7698,51,6223,50,2128,49,965,55,93,56,2501,57,7758,58,7479,59,1041,54.0
2026-04-17 10:55:00 PM,KXATPCHALLENGERMATCH-26APR17TULBRO-TUL,53,1126,52,7698,51,6223,50,2128,49,965,55,93,56,2434,57,7758,58,7479,59,1041,54.0
2026-04-17 10:55:00 PM,KXATPCHALLENGERMATCH-26APR17TULBRO-TUL,53,1126,52,7698,51,6223,50,2128,49,965,55,973,56,2434,57,7758,58,7479,59,1041,54.0
2026-04-17 10:55:00 PM,KXATPCHALLENGERMATCH-26APR17TULBRO-TUL,53,1126,52,7698,51,6223,50,2128,49,965,55,973,56,2359,57,7758,58,7479,59,1041,54.0
2026-04-17 10:55:02 PM,KXATPCHALLENGERMATCH-26APR17TULBRO-TUL,53,1126,52,7698,51,6223,50,2128,49,965,55,973,56,2354,57,7758,58,7479,59,1041,54.0
2026-04-17 10:55:02 PM,KXATPCHALLENGERMATCH-26APR17TULBRO-TUL,53,1126,52,7698,51,6223,50,2128,49,965,55,978,56,2354,57,7758,58,7479,59,1041,54.0
2026-04-17 10:55:04 PM,KXATPCHALLENGERMATCH-26APR17TULBRO-TUL,53,1126,52,7698,51,6223,50,2128,49,965,55,978,56,1554,57,7758,58,7479,59,1041,54.0
2026-04-17 10:55:04 PM,KXATPCHALLENGERMATCH-26APR17TULBRO-TUL,53,1126,52,7698,51,6223,50,2128,49,965,55,1778,56,1554,57,7758,58,7479,59,1041,54.0
2026-04-17 10:55:19 PM,KXATPCHALLENGERMATCH-26APR17TULBRO-TUL,53,1126,52,7698,51,6223,50,2128,49,965,55,1777,56,1554,57,7758,58,7479,59,1041,54.0
2026-04-17 10:55:29 PM,KXATPCHALLENGERMATCH-26APR17TULBRO-TUL,53,1126,52,7698,51,6223,50,2128,49,965,55,1696,56,1554,57,7758,58,7479,59,1041,54.0
2026-04-17 10:55:29 PM,KXATPCHALLENGERMATCH-26APR17TULBRO-TUL,53,1126,52,7698,51,6223,50,2128,49,965,55,886,56,1554,57,7758,58,7479,59,1041,54.0
2026-04-17 10:55:29 PM,KXATPCHALLENGERMATCH-26APR17TULBRO-TUL,53,1126,52,7698,51,6223,50,2128,49,965,55,886,56,1503,57,7758,58,7479,59,1041,54.0
2026-04-17 10:55:29 PM,KXATPCHALLENGERMATCH-26APR17TULBRO-TUL,54,163,53,1126,52,7698,51,6223,50,2128,55,886,56,1503,57,7758,58,7479,59,1041,54.5
2026-04-17 10:55:29 PM,KXATPCHALLENGERMATCH-26APR17TULBRO-TUL,54,163,53,1126,52,7698,51,6223,50,2128,55,1048,56,1503,57,7758,58,7479,59,1041,54.5
2026-04-17 10:55:37 PM,KXATPCHALLENGERMATCH-26APR17TULBRO-TUL,54,163,53,1126,52,7698,51,6223,50,2128,55,1047,56,1503,57,7758,58,7479,59,1041,54.5
2026-04-17 10:55:37 PM,KXATPCHALLENGERMATCH-26APR17TULBRO-TUL,54,163,53,1126,52,7698,51,6223,50,2128,55,1047,56,1421,57,7758,58,7479,59,1041,54.5
2026-04-17 10:55:41 PM,KXATPCHALLENGERMATCH-26APR17TULBRO-TUL,54,163,53,1126,52,7698,51,6223,50,2128,55,980,56,1421,57,7758,58,7479,59,1041,54.5
2026-04-17 10:55:41 PM,KXATPCHALLENGERMATCH-26APR17TULBRO-TUL,54,163,53,1126,52,7698,51,6223,50,2128,55,975,56,1421,57,7758,58,7479,59,1041,54.5
2026-04-17 10:55:41 PM,KXATPCHALLENGERMATCH-26APR17TULBRO-TUL,54,163,53,1126,52,7698,51,6223,50,2128,55,698,56,1421,57,7758,58,7479,59,1041,54.5
2026-04-17 10:55:41 PM,KXATPCHALLENGERMATCH-26APR17TULBRO-TUL,54,163,53,1126,52,7698,51,6223,50,2128,55,703,56,1421,57,7758,58,7479,59,1041,54.5
2026-04-17 10:55:42 PM,KXATPCHALLENGERMATCH-26APR17TULBRO-TUL,54,163,53,1126,52,7698,51,6223,50,2128,55,981,56,1421,57,7758,58,7479,59,1041,54.5
2026-04-17 10:55:42 PM,KXATPCHALLENGERMATCH-26APR17TULBRO-TUL,54,163,53,1126,52,7698,51,6223,50,2128,55,1259,56,1421,57,7758,58,7479,59,1041,54.5
2026-04-17 10:55:44 PM,KXATPCHALLENGERMATCH-26APR17TULBRO-TUL,54,163,53,1126,52,7698,51,6223,50,2128,55,981,56,1421,57,7758,58,7479,59,1041,54.5
2026-04-17 10:56:59 PM,KXATPCHALLENGERMATCH-26APR17TULBRO-TUL,54,163,53,1126,52,7702,51,6223,50,2128,55,981,56,1421,57,7758,58,7479,59,1041,54.5
2026-04-17 10:56:59 PM,KXATPCHALLENGERMATCH-26APR17TULBRO-TUL,54,163,53,1126,52,7702,51,6233,50,2128,55,981,56,1421,57,7758,58,7479,59,1041,54.5
2026-04-17 10:56:59 PM,KXATPCHALLENGERMATCH-26APR17TULBRO-TUL,54,163,53,1126,52,7702,51,6233,50,2128,55,996,56,1421,57,7758,58,7479,59,1041,54.5
2026-04-17 10:56:59 PM,KXATPCHALLENGERMATCH-26APR17TULBRO-TUL,54,163,53,1117,52,7702,51,6233,50,2128,55,996,56,1421,57,7758,58,7479,59,1041,54.5
2026-04-17 10:56:59 PM,KXATPCHALLENGERMATCH-26APR17TULBRO-TUL,54,163,53,1116,52,7702,51,6233,50,2128,55,996,56,1421,57,7758,58,7479,59,1041,54.5
2026-04-17 10:56:59 PM,KXATPCHALLENGERMATCH-26APR17TULBRO-TUL,54,163,53,1112,52,7702,51,6233,50,2128,55,996,56,1421,57,7758,58,7479,59,1041,54.5
2026-04-17 10:56:59 PM,KXATPCHALLENGERMATCH-26APR17TULBRO-TUL,54,163,53,1112,52,7702,51,6233,50,2128,55,996,56,1421,57,7748,58,7479,59,1041,54.5
2026-04-17 10:56:59 PM,KXATPCHALLENGERMATCH-26APR17TULBRO-TUL,54,163,53,1112,52,7702,51,6233,50,2128,55,996,56,1421,57,7743,58,7479,59,1041,54.5
2026-04-17 10:57:01 PM,KXATPCHALLENGERMATCH-26APR17TULBRO-TUL,54,163,53,1112,52,7702,51,6233,50,2128,55,759,56,1421,57,7743,58,7479,59,1041,54.5
2026-04-17 10:57:01 PM,KXATPCHALLENGERMATCH-26APR17TULBRO-TUL,54,163,53,1112,52,7702,51,6233,50,2128,55,759,56,1456,57,7743,58,7479,59,1041,54.5
2026-04-17 10:57:01 PM,KXATPCHALLENGERMATCH-26APR17TULBRO-TUL,54,163,53,1112,52,7702,51,6233,50,2128,55,834,56,1456,57,7743,58,7479,59,1041,54.5
2026-04-17 10:57:03 PM,KXATPCHALLENGERMATCH-26APR17TULBRO-TUL,54,163,53,1112,52,7702,51,6233,50,2128,55,1072,56,1456,57,7743,58,7479,59,1041,54.5
2026-04-17 10:57:15 PM,KXATPCHALLENGERMATCH-26APR17TULBRO-TUL,54,26,53,1112,52,7702,51,6233,50,2128,55,1072,56,1456,57,7743,58,7479,59,1041,54.5
2026-04-17 10:57:15 PM,KXATPCHALLENGERMATCH-26APR17TULBRO-TUL,54,150,53,1112,52,7702,51,6233,50,2128,55,1072,56,1456,57,7743,58,7479,59,1041,54.5
2026-04-17 10:57:15 PM,KXATPCHALLENGERMATCH-26APR17TULBRO-TUL,54,150,53,1112,52,7702,51,6233,50,2128,55,1206,56,1456,57,7743,58,7479,59,1041,54.5
2026-04-17 10:57:16 PM,KXATPCHALLENGERMATCH-26APR17TULBRO-TUL,54,150,53,1147,52,7702,51,6233,50,2128,55,1206,56,1456,57,7743,58,7479,59,1041,54.5
2026-04-17 10:57:38 PM,KXATPCHALLENGERMATCH-26APR17TULBRO-TUL,54,150,53,1147,52,7702,51,6233,50,2128,55,1206,56,1956,57,7743,58,7479,59,1041,54.5
2026-04-17 10:57:54 PM,KXATPCHALLENGERMATCH-26APR17TULBRO-TUL,54,150,53,1147,52,7702,51,6233,50,2128,55,1206,56,2548,57,7743,58,7479,59,1041,54.5
2026-04-17 10:58:15 PM,KXATPCHALLENGERMATCH-26APR17TULBRO-TUL,54,150,53,1147,52,7702,51,6233,50,2128,55,1206,56,2548,57,7743,58,7479,59,1805,54.5
2026-04-17 10:58:16 PM,KXATPCHALLENGERMATCH-26APR17TULBRO-TUL,54,150,53,1147,52,7702,51,6233,50,2128,55,1201,56,2548,57,7743,58,7479,59,1805,54.5
2026-04-17 10:58:16 PM,KXATPCHALLENGERMATCH-26APR17TULBRO-TUL,54,150,53,1112,52,7702,51,6233,50,2128,55,1201,56,2548,57,7743,58,7479,59,1805,54.5
2026-04-17 10:58:17 PM,KXATPCHALLENGERMATCH-26APR17TULBRO-TUL,54,150,53,1147,52,7702,51,6233,50,2128,55,1201,56,2548,57,7743,58,7479,59,1805,54.5
2026-04-17 10:58:19 PM,KXATPCHALLENGERMATCH-26APR17TULBRO-TUL,54,150,53,1147,52,7702,51,6233,50,2128,55,963,56,2548,57,7743,58,7479,59,1805,54.5
2026-04-17 10:58:19 PM,KXATPCHALLENGERMATCH-26APR17TULBRO-TUL,54,150,53,1147,52,7702,51,6233,50,2128,55,1206,56,2548,57,7743,58,7479,59,1805,54.5
2026-04-17 10:58:22 PM,KXATPCHALLENGERMATCH-26APR17TULBRO-TUL,54,150,53,1147,52,7702,51,6233,50,2128,55,1156,56,2548,57,7743,58,7479,59,1805,54.5
2026-04-17 10:58:22 PM,KXATPCHALLENGERMATCH-26APR17TULBRO-TUL,54,150,53,1112,52,7702,51,6233,50,2128,55,1156,56,2548,57,7743,58,7479,59,1805,54.5
2026-04-17 10:58:24 PM,KXATPCHALLENGERMATCH-26APR17TULBRO-TUL,54,150,53,1112,52,7702,51,6233,50,2128,55,913,56,2548,57,7743,58,7479,59,1805,54.5
2026-04-17 10:58:24 PM,KXATPCHALLENGERMATCH-26APR17TULBRO-TUL,54,150,53,1112,52,7702,51,6233,50,2128,55,1206,56,2548,57,7743,58,7479,59,1805,54.5
2026-04-17 10:58:40 PM,KXATPCHALLENGERMATCH-26APR17TULBRO-TUL,54,150,53,1112,52,7702,51,6233,50,2128,55,1205,56,2548,57,7743,58,7479,59,1805,54.5
2026-04-17 10:58:40 PM,KXATPCHALLENGERMATCH-26APR17TULBRO-TUL,54,150,53,1112,52,7702,51,6233,50,2128,55,1197,56,2548,57,7743,58,7479,59,1805,54.5
2026-04-17 10:58:41 PM,KXATPCHALLENGERMATCH-26APR17TULBRO-TUL,54,150,53,1112,52,7702,51,6233,50,2128,55,904,56,2548,57,7743,58,7479,59,1805,54.5
2026-04-17 10:58:41 PM,KXATPCHALLENGERMATCH-26APR17TULBRO-TUL,54,150,53,1112,52,7702,51,6233,50,2128,55,1208,56,2548,57,7743,58,7479,59,1805,54.5
2026-04-17 10:59:11 PM,KXATPCHALLENGERMATCH-26APR17TULBRO-TUL,54,150,53,1112,52,7702,51,6233,50,2128,55,1205,56,2548,57,7743,58,7479,59,1805,54.5
2026-04-17 10:59:13 PM,KXATPCHALLENGERMATCH-26APR17TULBRO-TUL,54,150,53,1112,52,7702,51,6233,50,2128,55,1143,56,2548,57,7743,58,7479,59,1805,54.5
2026-04-17 10:59:13 PM,KXATPCHALLENGERMATCH-26APR17TULBRO-TUL,54,150,53,1112,52,7702,51,6233,50,2128,55,839,56,2548,57,7743,58,7479,59,1805,54.5
2026-04-17 10:59:13 PM,KXATPCHALLENGERMATCH-26APR17TULBRO-TUL,54,150,53,1112,52,7702,51,6233,50,2128,55,1209,56,2548,57,7743,58,7479,59,1805,54.5
2026-04-17 10:59:15 PM,KXATPCHALLENGERMATCH-26APR17TULBRO-TUL,54,150,53,1112,52,6902,51,6233,50,2128,55,1209,56,2548,57,7743,58,7479,59,1805,54.5
2026-04-17 10:59:15 PM,KXATPCHALLENGERMATCH-26APR17TULBRO-TUL,54,150,53,1112,52,6902,51,6233,50,2128,55,839,56,2548,57,7743,58,7479,59,1805,54.5
2026-04-17 10:59:15 PM,KXATPCHALLENGERMATCH-26APR17TULBRO-TUL,54,150,53,1112,52,6902,51,6233,50,2128,55,561,56,2548,57,7743,58,7479,59,1805,54.5
2026-04-17 10:59:15 PM,KXATPCHALLENGERMATCH-26APR17TULBRO-TUL,54,150,53,1112,52,6902,51,6233,50,2128,55,409,56,2548,57,7743,58,7479,59,1805,54.5
2026-04-17 10:59:15 PM,KXATPCHALLENGERMATCH-26APR17TULBRO-TUL,54,150,53,1112,52,6902,51,6233,50,2128,55,409,56,2548,57,6943,58,7479,59,1805,54.5
2026-04-17 10:59:15 PM,KXATPCHALLENGERMATCH-26APR17TULBRO-TUL,54,150,53,1912,52,6902,51,6233,50,2128,55,409,56,2548,57,6943,58,7479,59,1805,54.5
2026-04-17 10:59:15 PM,KXATPCHALLENGERMATCH-26APR17TULBRO-TUL,54,150,53,1912,52,6902,51,7033,50,2128,55,409,56,2548,57,6943,58,7479,59,1805,54.5
2026-04-17 10:59:15 PM,KXATPCHALLENGERMATCH-26APR17TULBRO-TUL,54,150,53,1912,52,6902,51,7033,50,2128,55,409,56,3348,57,6943,58,7479,59,1805,54.5
2026-04-17 10:59:15 PM,KXATPCHALLENGERMATCH-26APR17TULBRO-TUL,54,150,53,1912,52,6902,51,7033,50,2128,55,409,56,3348,57,6943,58,7479,59,2605,54.5
2026-04-17 10:59:15 PM,KXATPCHALLENGERMATCH-26APR17TULBRO-TUL,54,150,53,1912,52,6902,51,7033,50,2128,55,409,56,3313,57,6943,58,7479,59,2605,54.5
2026-04-17 10:59:29 PM,KXATPCHALLENGERMATCH-26APR17TULBRO-TUL,54,150,53,1912,52,6902,51,7033,50,2128,55,444,56,3313,57,6943,58,7479,59,2605,54.5
2026-04-17 10:59:44 PM,KXATPCHALLENGERMATCH-26APR17TULBRO-TUL,54,150,53,1912,52,6902,51,7033,50,2128,55,425,56,3313,57,6943,58,7479,59,2605,54.5
2026-04-17 10:59:45 PM,KXATPCHALLENGERMATCH-26APR17TULBRO-TUL,54,150,53,1947,52,6902,51,7033,50,2128,55,425,56,3313,57,6943,58,7479,59,2605,54.5
