ts_et,ticker,bid_1,bid_1_sz,bid_2,bid_2_sz,bid_3,bid_3_sz,bid_4,bid_4_sz,bid_5,bid_5_sz,ask_1,ask_1_sz,ask_2,ask_2_sz,ask_3,ask_3_sz,ask_4,ask_4_sz,ask_5,ask_5_sz,mid
2026-04-17 09:43:06 PM,KXWTACHALLENGERMATCH-26APR18CHWMON-CHW,68,1354,67,1162,66,740,65,288,64,417,70,220,71,358,72,1741,73,559,74,586,69.0
2026-04-17 09:49:21 PM,KXWTACHALLENGERMATCH-26APR18CHWMON-CHW,68,1354,67,1162,66,740,65,738,64,417,70,220,71,358,72,1741,73,559,74,586,69.0
2026-04-17 09:50:00 PM,KXWTACHALLENGERMATCH-26APR18CHWMON-CHW,68,1354,67,1162,66,740,65,288,64,417,70,220,71,358,72,1741,73,559,74,586,69.0
2026-04-17 09:54:49 PM,KXWTACHALLENGERMATCH-26APR18CHWMON-CHW,68,1354,67,1162,66,740,65,288,64,417,70,220,71,358,72,1741,73,1441,74,586,69.0
2026-04-17 09:54:49 PM,KXWTACHALLENGERMATCH-26APR18CHWMON-CHW,68,1354,67,1162,66,740,65,288,64,417,70,220,71,358,72,859,73,1441,74,586,69.0
2026-04-17 09:54:49 PM,KXWTACHALLENGERMATCH-26APR18CHWMON-CHW,68,472,67,1162,66,740,65,288,64,417,70,220,71,358,72,859,73,1441,74,586,69.0
2026-04-17 09:54:49 PM,KXWTACHALLENGERMATCH-26APR18CHWMON-CHW,68,1354,67,1162,66,740,65,288,64,417,70,220,71,358,72,859,73,1441,74,586,69.0
2026-04-17 09:54:58 PM,KXWTACHALLENGERMATCH-26APR18CHWMON-CHW,68,1354,67,1162,66,740,65,288,64,417,70,220,71,358,72,1741,73,1441,74,586,69.0
2026-04-17 09:54:59 PM,KXWTACHALLENGERMATCH-26APR18CHWMON-CHW,68,1354,67,1162,66,740,65,288,64,417,70,220,71,358,72,1741,73,559,74,586,69.0
2026-04-17 09:57:08 PM,KXWTACHALLENGERMATCH-26APR18CHWMON-CHW,68,1354,67,1162,66,740,65,288,64,417,70,170,71,358,72,1741,73,559,74,586,69.0
2026-04-17 09:59:49 PM,KXWTACHALLENGERMATCH-26APR18CHWMON-CHW,68,1354,67,1162,66,740,65,288,64,417,70,120,71,358,72,1741,73,559,74,586,69.0
2026-04-17 10:00:36 PM,KXWTACHALLENGERMATCH-26APR18CHWMON-CHW,68,1354,67,1172,66,740,65,288,64,417,70,120,71,358,72,1741,73,559,74,586,69.0
2026-04-17 10:00:36 PM,KXWTACHALLENGERMATCH-26APR18CHWMON-CHW,68,1354,67,1182,66,740,65,288,64,417,70,120,71,358,72,1741,73,559,74,586,69.0
2026-04-17 10:00:36 PM,KXWTACHALLENGERMATCH-26APR18CHWMON-CHW,68,1354,67,1182,66,740,65,288,64,417,70,120,71,358,72,1751,73,559,74,586,69.0
2026-04-17 10:00:36 PM,KXWTACHALLENGERMATCH-26APR18CHWMON-CHW,68,1354,67,1182,66,740,65,288,64,417,70,120,71,358,72,1761,73,559,74,586,69.0
2026-04-17 10:00:36 PM,KXWTACHALLENGERMATCH-26APR18CHWMON-CHW,68,1354,67,1182,66,740,65,288,64,417,70,120,71,358,72,1771,73,559,74,586,69.0
2026-04-17 10:01:10 PM,KXWTACHALLENGERMATCH-26APR18CHWMON-CHW,68,1354,67,1182,66,740,65,288,64,417,70,120,71,358,72,4003,73,559,74,586,69.0
2026-04-17 10:01:10 PM,KXWTACHALLENGERMATCH-26APR18CHWMON-CHW,68,1354,67,1182,66,740,65,738,64,417,70,120,71,358,72,4003,73,559,74,586,69.0
2026-04-17 10:02:10 PM,KXWTACHALLENGERMATCH-26APR18CHWMON-CHW,68,1354,67,1182,66,740,65,288,64,417,70,120,71,358,72,4003,73,559,74,586,69.0
2026-04-17 10:02:26 PM,KXWTACHALLENGERMATCH-26APR18CHWMON-CHW,68,1354,67,1182,66,740,65,288,64,417,70,25,71,358,72,4003,73,559,74,586,69.0
2026-04-17 10:02:27 PM,KXWTACHALLENGERMATCH-26APR18CHWMON-CHW,68,1354,67,1182,66,740,65,288,64,417,71,358,72,4003,73,559,74,586,92,339,69.5
2026-04-17 10:02:27 PM,KXWTACHALLENGERMATCH-26APR18CHWMON-CHW,68,1354,67,1182,66,740,65,288,64,417,71,358,72,4046,73,559,74,586,92,339,69.5
2026-04-17 10:02:57 PM,KXWTACHALLENGERMATCH-26APR18CHWMON-CHW,68,1354,67,1182,66,740,65,288,64,417,71,358,72,1814,73,559,74,586,92,339,69.5
2026-04-17 10:02:58 PM,KXWTACHALLENGERMATCH-26APR18CHWMON-CHW,68,1354,67,1182,66,740,65,288,64,417,71,358,72,4046,73,559,74,586,92,339,69.5
2026-04-17 10:04:50 PM,KXWTACHALLENGERMATCH-26APR18CHWMON-CHW,68,1354,67,1182,66,740,65,288,64,417,71,358,72,1814,73,559,74,586,92,339,69.5
2026-04-17 10:04:50 PM,KXWTACHALLENGERMATCH-26APR18CHWMON-CHW,68,1354,67,1182,66,740,65,288,64,417,71,358,72,4046,73,559,74,586,92,339,69.5
2026-04-17 10:06:59 PM,KXWTACHALLENGERMATCH-26APR18CHWMON-CHW,68,1354,67,1182,66,713,65,288,64,417,71,358,72,4046,73,559,74,586,92,339,69.5
2026-04-17 10:06:59 PM,KXWTACHALLENGERMATCH-26APR18CHWMON-CHW,68,1354,67,1182,66,713,65,288,64,417,71,333,72,4046,73,559,74,586,92,339,69.5
2026-04-17 10:06:59 PM,KXWTACHALLENGERMATCH-26APR18CHWMON-CHW,68,1354,67,1182,66,713,65,288,64,417,71,333,72,4003,73,559,74,586,92,339,69.5
2026-04-17 10:06:59 PM,KXWTACHALLENGERMATCH-26APR18CHWMON-CHW,68,1379,67,1182,66,713,65,288,64,417,71,333,72,4003,73,559,74,586,92,339,69.5
2026-04-17 10:06:59 PM,KXWTACHALLENGERMATCH-26APR18CHWMON-CHW,68,1379,67,1182,66,713,65,288,64,417,71,333,72,4003,73,589,74,586,92,339,69.5
2026-04-17 10:06:59 PM,KXWTACHALLENGERMATCH-26APR18CHWMON-CHW,68,1379,67,1182,66,713,65,288,64,417,71,333,72,1771,73,589,74,586,92,339,69.5
2026-04-17 10:06:59 PM,KXWTACHALLENGERMATCH-26APR18CHWMON-CHW,68,1379,67,1182,66,713,65,288,64,417,71,333,72,4003,73,589,74,586,92,339,69.5
2026-04-17 10:08:06 PM,KXWTACHALLENGERMATCH-26APR18CHWMON-CHW,68,1379,67,1182,66,713,65,1538,64,417,71,333,72,4003,73,589,74,586,92,339,69.5
2026-04-17 10:08:06 PM,KXWTACHALLENGERMATCH-26APR18CHWMON-CHW,68,1379,67,1182,66,713,65,1538,64,417,71,333,72,4028,73,589,74,586,92,339,69.5
2026-04-17 10:08:56 PM,KXWTACHALLENGERMATCH-26APR18CHWMON-CHW,68,1379,67,1182,66,713,65,1538,64,417,71,333,72,1796,73,589,74,586,92,339,69.5
2026-04-17 10:08:56 PM,KXWTACHALLENGERMATCH-26APR18CHWMON-CHW,68,1379,67,1182,66,713,65,1538,64,417,71,333,72,4028,73,589,74,586,92,339,69.5
2026-04-17 10:10:52 PM,KXWTACHALLENGERMATCH-26APR18CHWMON-CHW,68,1379,67,1182,66,713,65,1538,64,417,71,333,72,1796,73,589,74,586,92,339,69.5
2026-04-17 10:10:52 PM,KXWTACHALLENGERMATCH-26APR18CHWMON-CHW,68,1379,67,1182,66,713,65,1538,64,417,71,333,72,4028,73,589,74,586,92,339,69.5
2026-04-17 10:10:56 PM,KXWTACHALLENGERMATCH-26APR18CHWMON-CHW,68,1379,67,1182,66,713,65,288,64,417,71,333,72,4028,73,589,74,586,92,339,69.5
2026-04-17 10:12:56 PM,KXWTACHALLENGERMATCH-26APR18CHWMON-CHW,68,1379,67,1182,66,713,65,288,64,417,71,333,72,1796,73,589,74,586,92,339,69.5
2026-04-17 10:12:56 PM,KXWTACHALLENGERMATCH-26APR18CHWMON-CHW,68,1379,67,1182,66,713,65,288,64,417,71,333,72,4028,73,589,74,586,92,339,69.5
2026-04-17 10:14:33 PM,KXWTACHALLENGERMATCH-26APR18CHWMON-CHW,68,1379,67,1182,66,713,65,288,64,417,71,333,72,1796,73,589,74,586,92,339,69.5
2026-04-17 10:14:33 PM,KXWTACHALLENGERMATCH-26APR18CHWMON-CHW,68,1379,67,1182,66,713,65,288,64,417,71,333,72,4028,73,589,74,586,92,339,69.5
2026-04-17 10:16:58 PM,KXWTACHALLENGERMATCH-26APR18CHWMON-CHW,68,1379,67,1182,66,713,65,288,64,417,71,333,72,1796,73,589,74,586,92,339,69.5
2026-04-17 10:16:58 PM,KXWTACHALLENGERMATCH-26APR18CHWMON-CHW,68,1379,67,1182,66,713,65,288,64,417,71,333,72,4028,73,589,74,586,92,339,69.5
2026-04-17 10:18:51 PM,KXWTACHALLENGERMATCH-26APR18CHWMON-CHW,68,1379,67,1182,66,713,65,288,64,417,71,333,72,1796,73,589,74,586,92,339,69.5
2026-04-17 10:18:51 PM,KXWTACHALLENGERMATCH-26APR18CHWMON-CHW,68,1379,67,1182,66,713,65,288,64,417,71,333,72,4028,73,589,74,586,92,339,69.5
2026-04-17 10:19:24 PM,KXWTACHALLENGERMATCH-26APR18CHWMON-CHW,68,1379,67,1182,66,713,65,288,64,417,70,98,71,333,72,4028,73,589,74,586,69.0
2026-04-17 10:19:24 PM,KXWTACHALLENGERMATCH-26APR18CHWMON-CHW,68,1379,67,1182,66,713,65,288,64,417,70,98,71,333,72,4028,73,559,74,586,69.0
2026-04-17 10:19:24 PM,KXWTACHALLENGERMATCH-26APR18CHWMON-CHW,68,1379,67,1182,66,713,65,288,64,417,70,98,71,358,72,4028,73,559,74,586,69.0
2026-04-17 10:21:07 PM,KXWTACHALLENGERMATCH-26APR18CHWMON-CHW,68,1379,67,1182,66,713,65,288,64,417,70,98,71,358,72,1796,73,559,74,586,69.0
2026-04-17 10:21:07 PM,KXWTACHALLENGERMATCH-26APR18CHWMON-CHW,68,1379,67,1182,66,713,65,288,64,417,70,98,71,358,72,4028,73,559,74,586,69.0
2026-04-17 10:23:04 PM,KXWTACHALLENGERMATCH-26APR18CHWMON-CHW,68,1379,67,1182,66,713,65,288,64,417,70,98,71,358,72,1796,73,559,74,586,69.0
2026-04-17 10:23:04 PM,KXWTACHALLENGERMATCH-26APR18CHWMON-CHW,68,1379,67,1182,66,713,65,288,64,417,70,98,71,358,72,4028,73,559,74,586,69.0
2026-04-17 10:23:42 PM,KXWTACHALLENGERMATCH-26APR18CHWMON-CHW,68,1379,67,1182,66,713,65,1488,64,417,70,98,71,358,72,4028,73,559,74,586,69.0
2026-04-17 10:25:05 PM,KXWTACHALLENGERMATCH-26APR18CHWMON-CHW,68,1379,67,1182,66,713,65,1488,64,417,70,97,71,358,72,4028,73,559,74,586,69.0
2026-04-17 10:25:22 PM,KXWTACHALLENGERMATCH-26APR18CHWMON-CHW,68,1379,67,1182,66,713,65,1488,64,417,70,97,71,358,72,1796,73,559,74,586,69.0
2026-04-17 10:25:22 PM,KXWTACHALLENGERMATCH-26APR18CHWMON-CHW,68,1379,67,1182,66,713,65,1488,64,417,70,97,71,358,72,4028,73,559,74,586,69.0
2026-04-17 10:26:32 PM,KXWTACHALLENGERMATCH-26APR18CHWMON-CHW,68,1379,67,1182,66,713,65,288,64,417,70,97,71,358,72,4028,73,559,74,586,69.0
2026-04-17 10:27:28 PM,KXWTACHALLENGERMATCH-26APR18CHWMON-CHW,68,1379,67,1182,66,713,65,288,64,417,70,97,71,358,72,1796,73,559,74,586,69.0
2026-04-17 10:27:28 PM,KXWTACHALLENGERMATCH-26APR18CHWMON-CHW,68,1379,67,1182,66,713,65,288,64,417,70,97,71,358,72,4028,73,559,74,586,69.0
2026-04-17 10:29:16 PM,KXWTACHALLENGERMATCH-26APR18CHWMON-CHW,68,1379,67,1182,66,713,65,288,64,417,70,97,71,358,72,4028,73,1441,74,586,69.0
2026-04-17 10:29:16 PM,KXWTACHALLENGERMATCH-26APR18CHWMON-CHW,68,1379,67,1182,66,713,65,288,64,417,70,97,71,358,72,3146,73,1441,74,586,69.0
2026-04-17 10:29:23 PM,KXWTACHALLENGERMATCH-26APR18CHWMON-CHW,68,1379,67,1182,66,713,65,288,64,417,70,97,71,358,72,5378,73,1441,74,586,69.0
2026-04-17 10:29:23 PM,KXWTACHALLENGERMATCH-26APR18CHWMON-CHW,68,1379,67,1182,66,713,65,288,64,417,70,97,71,358,72,3146,73,1441,74,586,69.0
2026-04-17 10:29:25 PM,KXWTACHALLENGERMATCH-26APR18CHWMON-CHW,68,1379,67,1182,66,713,65,288,64,417,70,97,71,358,72,4028,73,1441,74,586,69.0
2026-04-17 10:29:26 PM,KXWTACHALLENGERMATCH-26APR18CHWMON-CHW,68,1379,67,1182,66,713,65,288,64,417,70,97,71,358,72,4028,73,559,74,586,69.0
2026-04-17 10:29:26 PM,KXWTACHALLENGERMATCH-26APR18CHWMON-CHW,68,1379,67,1182,66,713,65,338,64,417,70,97,71,358,72,4028,73,559,74,586,69.0
2026-04-17 10:29:40 PM,KXWTACHALLENGERMATCH-26APR18CHWMON-CHW,68,1379,67,1182,66,713,65,338,64,417,70,97,71,358,72,4028,73,1441,74,586,69.0
2026-04-17 10:29:40 PM,KXWTACHALLENGERMATCH-26APR18CHWMON-CHW,68,1379,67,1182,66,713,65,338,64,417,70,97,71,358,72,3146,73,1441,74,586,69.0
2026-04-17 10:30:10 PM,KXWTACHALLENGERMATCH-26APR18CHWMON-CHW,68,1379,67,1182,66,713,65,338,64,417,70,97,71,358,72,4028,73,1441,74,586,69.0
2026-04-17 10:30:20 PM,KXWTACHALLENGERMATCH-26APR18CHWMON-CHW,68,1379,67,1182,66,713,65,338,64,417,70,97,71,358,72,4028,73,559,74,586,69.0
2026-04-17 10:31:18 PM,KXWTACHALLENGERMATCH-26APR18CHWMON-CHW,68,1379,67,1182,66,713,65,338,64,417,70,97,71,358,72,1796,73,559,74,586,69.0
2026-04-17 10:31:18 PM,KXWTACHALLENGERMATCH-26APR18CHWMON-CHW,68,1379,67,1182,66,713,65,338,64,417,70,97,71,358,72,4028,73,559,74,586,69.0
2026-04-17 10:32:16 PM,KXWTACHALLENGERMATCH-26APR18CHWMON-CHW,68,1379,67,1182,66,713,65,288,64,417,70,97,71,358,72,4028,73,559,74,586,69.0
2026-04-17 10:32:49 PM,KXWTACHALLENGERMATCH-26APR18CHWMON-CHW,68,1379,67,1182,66,713,65,288,64,417,70,97,71,358,72,6260,73,559,74,586,69.0
2026-04-17 10:32:49 PM,KXWTACHALLENGERMATCH-26APR18CHWMON-CHW,68,1379,67,1182,66,713,65,288,64,417,70,97,71,358,72,4028,73,559,74,586,69.0
2026-04-17 10:34:08 PM,KXWTACHALLENGERMATCH-26APR18CHWMON-CHW,68,1379,67,1182,66,713,65,288,64,417,70,49,71,358,72,4028,73,559,74,586,69.0
2026-04-17 10:34:17 PM,KXWTACHALLENGERMATCH-26APR18CHWMON-CHW,68,1379,67,1182,66,713,65,288,64,417,70,49,71,358,72,3146,73,559,74,586,69.0
2026-04-17 10:34:18 PM,KXWTACHALLENGERMATCH-26APR18CHWMON-CHW,68,1379,67,1182,66,713,65,288,64,417,70,49,71,358,72,3146,73,1441,74,586,69.0
2026-04-17 10:34:28 PM,KXWTACHALLENGERMATCH-26APR18CHWMON-CHW,68,1379,67,1182,66,713,65,288,64,417,70,49,71,358,72,4028,73,1441,74,586,69.0
2026-04-17 10:34:28 PM,KXWTACHALLENGERMATCH-26APR18CHWMON-CHW,68,1379,67,1182,66,713,65,288,64,417,70,49,71,358,72,4028,73,559,74,586,69.0
2026-04-17 10:35:09 PM,KXWTACHALLENGERMATCH-26APR18CHWMON-CHW,68,1379,67,1182,66,713,65,288,64,417,70,49,71,358,72,1796,73,559,74,586,69.0
2026-04-17 10:35:09 PM,KXWTACHALLENGERMATCH-26APR18CHWMON-CHW,68,1379,67,1182,66,713,65,288,64,417,70,49,71,358,72,4028,73,559,74,586,69.0
2026-04-17 10:37:27 PM,KXWTACHALLENGERMATCH-26APR18CHWMON-CHW,68,1379,67,1182,66,713,65,288,64,417,70,49,71,358,72,1796,73,559,74,586,69.0
2026-04-17 10:37:27 PM,KXWTACHALLENGERMATCH-26APR18CHWMON-CHW,68,1379,67,1182,66,713,65,288,64,417,70,49,71,358,72,4028,73,559,74,586,69.0
2026-04-17 10:39:17 PM,KXWTACHALLENGERMATCH-26APR18CHWMON-CHW,68,1379,67,1182,66,713,65,288,64,417,70,49,71,358,72,3146,73,559,74,586,69.0
2026-04-17 10:39:18 PM,KXWTACHALLENGERMATCH-26APR18CHWMON-CHW,68,1379,67,1182,66,713,65,288,64,417,70,49,71,358,72,3146,73,1441,74,586,69.0
2026-04-17 10:39:24 PM,KXWTACHALLENGERMATCH-26APR18CHWMON-CHW,68,1379,67,1182,66,713,65,288,64,417,70,49,71,358,72,914,73,1441,74,586,69.0
2026-04-17 10:39:24 PM,KXWTACHALLENGERMATCH-26APR18CHWMON-CHW,68,1379,67,1182,66,713,65,288,64,417,70,49,71,358,72,3146,73,1441,74,586,69.0
2026-04-17 10:39:30 PM,KXWTACHALLENGERMATCH-26APR18CHWMON-CHW,68,1379,67,1182,66,713,65,288,64,417,70,49,71,358,72,4028,73,1441,74,586,69.0
2026-04-17 10:39:35 PM,KXWTACHALLENGERMATCH-26APR18CHWMON-CHW,68,1379,67,1182,66,713,65,288,64,417,70,49,71,358,72,4028,73,559,74,586,69.0
2026-04-17 10:39:35 PM,KXWTACHALLENGERMATCH-26APR18CHWMON-CHW,68,1379,67,1182,66,713,65,288,64,417,70,49,71,358,72,3146,73,559,74,586,69.0
2026-04-17 10:39:35 PM,KXWTACHALLENGERMATCH-26APR18CHWMON-CHW,68,1379,67,1182,66,713,65,688,64,417,70,49,71,358,72,3146,73,559,74,586,69.0
2026-04-17 10:39:42 PM,KXWTACHALLENGERMATCH-26APR18CHWMON-CHW,68,1379,67,1182,66,713,65,688,64,417,70,49,71,358,72,4028,73,559,74,586,69.0
2026-04-17 10:40:14 PM,KXWTACHALLENGERMATCH-26APR18CHWMON-CHW,68,1379,67,1182,66,713,65,688,64,417,70,49,71,358,72,3146,73,559,74,586,69.0
2026-04-17 10:40:15 PM,KXWTACHALLENGERMATCH-26APR18CHWMON-CHW,68,1379,67,1182,66,713,65,688,64,417,70,49,71,358,72,3146,73,1441,74,586,69.0
2026-04-17 10:40:38 PM,KXWTACHALLENGERMATCH-26APR18CHWMON-CHW,68,1379,67,1182,66,713,65,688,64,417,70,49,71,358,72,4028,73,1441,74,586,69.0
2026-04-17 10:40:41 PM,KXWTACHALLENGERMATCH-26APR18CHWMON-CHW,68,1379,67,1182,66,713,65,688,64,417,70,49,71,358,72,4028,73,559,74,586,69.0
2026-04-17 10:41:42 PM,KXWTACHALLENGERMATCH-26APR18CHWMON-CHW,68,1379,67,1182,66,713,65,688,64,417,70,49,71,358,72,1796,73,559,74,586,69.0
2026-04-17 10:41:42 PM,KXWTACHALLENGERMATCH-26APR18CHWMON-CHW,68,1379,67,1182,66,713,65,688,64,417,70,49,71,358,72,4028,73,559,74,586,69.0
2026-04-17 10:42:20 PM,KXWTACHALLENGERMATCH-26APR18CHWMON-CHW,68,1379,67,1182,66,713,65,288,64,417,70,49,71,358,72,4028,73,559,74,586,69.0
2026-04-17 10:42:31 PM,KXWTACHALLENGERMATCH-26APR18CHWMON-CHW,68,1379,67,1182,66,713,65,288,64,417,70,49,71,358,72,1796,73,559,74,586,69.0
2026-04-17 10:42:31 PM,KXWTACHALLENGERMATCH-26APR18CHWMON-CHW,68,1379,67,1182,66,713,65,288,64,417,70,49,71,358,72,4028,73,559,74,586,69.0
2026-04-17 10:43:23 PM,KXWTACHALLENGERMATCH-26APR18CHWMON-CHW,68,1379,67,1182,66,713,65,288,64,417,70,49,71,358,72,1796,73,559,74,586,69.0
2026-04-17 10:43:23 PM,KXWTACHALLENGERMATCH-26APR18CHWMON-CHW,68,1379,67,1182,66,713,65,288,64,417,70,49,71,358,72,4028,73,559,74,586,69.0
2026-04-17 10:43:25 PM,KXWTACHALLENGERMATCH-26APR18CHWMON-CHW,69,880,68,1379,67,1182,66,713,65,288,70,49,71,358,72,4028,73,559,74,586,69.5
2026-04-17 10:43:25 PM,KXWTACHALLENGERMATCH-26APR18CHWMON-CHW,69,880,68,1379,67,1182,66,713,65,288,70,49,71,358,72,4028,73,1439,74,586,69.5
2026-04-17 10:43:25 PM,KXWTACHALLENGERMATCH-26APR18CHWMON-CHW,69,880,68,1379,67,1182,66,713,65,288,70,49,71,358,72,3146,73,1439,74,586,69.5
2026-04-17 10:43:25 PM,KXWTACHALLENGERMATCH-26APR18CHWMON-CHW,69,880,68,1379,67,1182,66,713,65,288,70,141,71,358,72,3146,73,1439,74,586,69.5
2026-04-17 10:43:25 PM,KXWTACHALLENGERMATCH-26APR18CHWMON-CHW,69,880,68,497,67,1182,66,713,65,288,70,141,71,358,72,3146,73,1439,74,586,69.5
2026-04-17 10:43:42 PM,KXWTACHALLENGERMATCH-26APR18CHWMON-CHW,69,880,68,1377,67,1182,66,713,65,288,70,141,71,358,72,3146,73,1439,74,586,69.5
2026-04-17 10:43:42 PM,KXWTACHALLENGERMATCH-26APR18CHWMON-CHW,69,880,68,1377,67,1182,66,713,65,288,70,141,71,358,72,4026,73,1439,74,586,69.5
2026-04-17 10:43:42 PM,KXWTACHALLENGERMATCH-26APR18CHWMON-CHW,68,1377,67,1182,66,713,65,288,64,417,70,141,71,358,72,4026,73,1439,74,586,69.0
2026-04-17 10:43:42 PM,KXWTACHALLENGERMATCH-26APR18CHWMON-CHW,68,1377,67,1182,66,713,65,288,64,417,70,141,71,358,72,4026,73,559,74,586,69.0
2026-04-17 10:45:36 PM,KXWTACHALLENGERMATCH-26APR18CHWMON-CHW,68,1377,67,1182,66,713,65,288,64,417,70,141,71,358,72,1794,73,559,74,586,69.0
2026-04-17 10:45:36 PM,KXWTACHALLENGERMATCH-26APR18CHWMON-CHW,68,1377,67,1182,66,713,65,288,64,417,70,141,71,358,72,4026,73,559,74,586,69.0
2026-04-17 10:46:25 PM,KXWTACHALLENGERMATCH-26APR18CHWMON-CHW,68,1377,67,1182,66,713,65,288,64,417,70,141,71,358,72,4016,73,559,74,586,69.0
2026-04-17 10:46:26 PM,KXWTACHALLENGERMATCH-26APR18CHWMON-CHW,68,1377,67,1182,66,713,65,288,64,417,70,141,71,358,72,4006,73,559,74,586,69.0
2026-04-17 10:46:26 PM,KXWTACHALLENGERMATCH-26APR18CHWMON-CHW,68,1377,67,1182,66,713,65,288,64,417,70,141,71,358,72,3996,73,559,74,586,69.0
2026-04-17 10:46:26 PM,KXWTACHALLENGERMATCH-26APR18CHWMON-CHW,68,1377,67,1182,66,713,65,288,64,417,70,141,71,368,72,3996,73,559,74,586,69.0
2026-04-17 10:46:26 PM,KXWTACHALLENGERMATCH-26APR18CHWMON-CHW,68,1377,67,1182,66,713,65,288,64,417,70,141,71,378,72,3996,73,559,74,586,69.0
2026-04-17 10:47:29 PM,KXWTACHALLENGERMATCH-26APR18CHWMON-CHW,68,1377,67,1182,66,713,65,288,64,417,70,141,71,378,72,6228,73,559,74,586,69.0
2026-04-17 10:47:29 PM,KXWTACHALLENGERMATCH-26APR18CHWMON-CHW,68,1377,67,1182,66,713,65,288,64,417,70,141,71,378,72,3996,73,559,74,586,69.0
2026-04-17 10:47:41 PM,KXWTACHALLENGERMATCH-26APR18CHWMON-CHW,68,1377,67,1182,66,713,65,288,64,417,70,130,71,378,72,3996,73,559,74,586,69.0
2026-04-17 10:48:41 PM,KXWTACHALLENGERMATCH-26APR18CHWMON-CHW,68,1352,67,1182,66,713,65,288,64,417,70,130,71,378,72,3996,73,559,74,586,69.0
2026-04-17 10:48:41 PM,KXWTACHALLENGERMATCH-26APR18CHWMON-CHW,68,1352,67,1182,66,713,65,288,64,417,70,130,71,353,72,3996,73,559,74,586,69.0
2026-04-17 10:48:41 PM,KXWTACHALLENGERMATCH-26APR18CHWMON-CHW,68,1352,67,1182,66,743,65,288,64,417,70,130,71,353,72,3996,73,559,74,586,69.0
2026-04-17 10:48:41 PM,KXWTACHALLENGERMATCH-26APR18CHWMON-CHW,68,1352,67,1182,66,743,65,288,64,417,70,130,71,353,72,3996,73,589,74,586,69.0
2026-04-17 10:49:45 PM,KXWTACHALLENGERMATCH-26APR18CHWMON-CHW,68,1352,67,1182,66,743,65,288,64,417,70,130,71,353,72,1764,73,589,74,586,69.0
2026-04-17 10:49:45 PM,KXWTACHALLENGERMATCH-26APR18CHWMON-CHW,68,1352,67,1182,66,743,65,288,64,417,70,130,71,353,72,3996,73,589,74,586,69.0
2026-04-17 10:52:13 PM,KXWTACHALLENGERMATCH-26APR18CHWMON-CHW,68,1352,67,1182,66,743,65,288,64,417,70,130,71,353,72,1764,73,589,74,586,69.0
2026-04-17 10:52:13 PM,KXWTACHALLENGERMATCH-26APR18CHWMON-CHW,68,1352,67,1182,66,743,65,288,64,417,70,130,71,353,72,3996,73,589,74,586,69.0
2026-04-17 10:52:55 PM,KXWTACHALLENGERMATCH-26APR18CHWMON-CHW,68,1352,67,1182,66,743,65,288,64,596,70,130,71,353,72,3996,73,589,74,586,69.0
2026-04-17 10:54:19 PM,KXWTACHALLENGERMATCH-26APR18CHWMON-CHW,68,1352,67,1182,66,743,65,288,64,596,70,130,71,353,72,1764,73,589,74,586,69.0
2026-04-17 10:54:19 PM,KXWTACHALLENGERMATCH-26APR18CHWMON-CHW,68,1352,67,1182,66,743,65,288,64,596,70,130,71,353,72,3996,73,589,74,586,69.0
2026-04-17 10:55:21 PM,KXWTACHALLENGERMATCH-26APR18CHWMON-CHW,68,1352,67,1182,66,743,65,288,64,596,70,130,71,353,72,3971,73,589,74,586,69.0
2026-04-17 10:55:21 PM,KXWTACHALLENGERMATCH-26APR18CHWMON-CHW,68,1352,67,1182,66,743,65,288,64,596,70,155,71,353,72,3971,73,589,74,586,69.0
2026-04-17 10:55:21 PM,KXWTACHALLENGERMATCH-26APR18CHWMON-CHW,68,1352,67,1182,66,743,65,288,64,596,70,155,71,383,72,3971,73,589,74,586,69.0
2026-04-17 10:55:21 PM,KXWTACHALLENGERMATCH-26APR18CHWMON-CHW,68,1352,67,1182,66,743,65,288,64,596,70,155,71,383,72,3971,73,559,74,586,69.0
2026-04-17 10:55:25 PM,KXWTACHALLENGERMATCH-26APR18CHWMON-CHW,68,1352,67,1212,66,743,65,288,64,596,70,155,71,383,72,3971,73,559,74,586,69.0
2026-04-17 10:56:17 PM,KXWTACHALLENGERMATCH-26APR18CHWMON-CHW,68,1352,67,1212,66,743,65,288,64,596,70,155,71,383,72,1739,73,559,74,586,69.0
2026-04-17 10:56:17 PM,KXWTACHALLENGERMATCH-26APR18CHWMON-CHW,68,1352,67,1212,66,743,65,288,64,596,70,155,71,383,72,3971,73,559,74,586,69.0
2026-04-17 10:58:01 PM,KXWTACHALLENGERMATCH-26APR18CHWMON-CHW,68,1352,67,1212,66,743,65,288,64,596,70,155,71,383,72,1739,73,559,74,586,69.0
2026-04-17 10:58:01 PM,KXWTACHALLENGERMATCH-26APR18CHWMON-CHW,68,1352,67,1212,66,743,65,288,64,596,70,155,71,383,72,3971,73,559,74,586,69.0
2026-04-17 10:58:01 PM,KXWTACHALLENGERMATCH-26APR18CHWMON-CHW,68,1352,67,1212,66,743,65,738,64,596,70,155,71,383,72,3971,73,559,74,586,69.0
2026-04-17 11:00:21 PM,KXWTACHALLENGERMATCH-26APR18CHWMON-CHW,68,1352,67,1212,66,743,65,738,64,596,70,155,71,383,72,1739,73,559,74,586,69.0
2026-04-17 11:00:22 PM,KXWTACHALLENGERMATCH-26APR18CHWMON-CHW,68,1352,67,1212,66,743,65,738,64,596,70,155,71,383,72,3971,73,559,74,586,69.0
2026-04-17 11:00:23 PM,KXWTACHALLENGERMATCH-26APR18CHWMON-CHW,68,1352,67,1212,66,743,65,738,64,417,70,155,71,383,72,3971,73,559,74,586,69.0
2026-04-17 11:01:00 PM,KXWTACHALLENGERMATCH-26APR18CHWMON-CHW,68,1352,67,1212,66,743,65,288,64,417,70,155,71,383,72,3971,73,559,74,586,69.0
2026-04-17 11:01:59 PM,KXWTACHALLENGERMATCH-26APR18CHWMON-CHW,68,1352,67,1212,66,743,65,288,64,417,70,155,71,383,72,3971,73,1439,74,586,69.0
2026-04-17 11:01:59 PM,KXWTACHALLENGERMATCH-26APR18CHWMON-CHW,68,1352,67,1212,66,743,65,288,64,417,70,155,71,383,72,3091,73,1439,74,586,69.0
2026-04-17 11:01:59 PM,KXWTACHALLENGERMATCH-26APR18CHWMON-CHW,68,1352,67,1212,66,743,65,338,64,417,70,155,71,383,72,3091,73,1439,74,586,69.0
2026-04-17 11:02:10 PM,KXWTACHALLENGERMATCH-26APR18CHWMON-CHW,68,1352,67,1212,66,743,65,338,64,417,70,155,71,383,72,3971,73,1439,74,586,69.0
2026-04-17 11:02:11 PM,KXWTACHALLENGERMATCH-26APR18CHWMON-CHW,68,1352,67,1212,66,743,65,338,64,417,70,155,71,383,72,3971,73,559,74,586,69.0
2026-04-17 11:02:39 PM,KXWTACHALLENGERMATCH-26APR18CHWMON-CHW,68,1352,67,1212,66,743,65,338,64,417,70,155,71,383,72,1739,73,559,74,586,69.0
2026-04-17 11:02:39 PM,KXWTACHALLENGERMATCH-26APR18CHWMON-CHW,68,1352,67,1212,66,743,65,338,64,417,70,155,71,383,72,3971,73,559,74,586,69.0
2026-04-17 11:04:43 PM,KXWTACHALLENGERMATCH-26APR18CHWMON-CHW,68,1352,67,1212,66,743,65,288,64,417,70,155,71,383,72,3971,73,559,74,586,69.0
2026-04-17 11:05:07 PM,KXWTACHALLENGERMATCH-26APR18CHWMON-CHW,68,1352,67,1212,66,743,65,288,64,417,70,155,71,383,72,1739,73,559,74,586,69.0
2026-04-17 11:05:07 PM,KXWTACHALLENGERMATCH-26APR18CHWMON-CHW,68,1352,67,1212,66,743,65,288,64,417,70,155,71,383,72,3971,73,559,74,586,69.0
2026-04-17 11:06:24 PM,KXWTACHALLENGERMATCH-26APR18CHWMON-CHW,68,1352,67,1212,66,743,65,288,64,417,70,136,71,383,72,3971,73,559,74,586,69.0
2026-04-17 11:06:25 PM,KXWTACHALLENGERMATCH-26APR18CHWMON-CHW,68,1352,67,1212,66,743,65,288,64,417,70,118,71,383,72,3971,73,559,74,586,69.0
2026-04-17 11:06:59 PM,KXWTACHALLENGERMATCH-26APR18CHWMON-CHW,68,1352,67,1212,66,743,65,288,64,417,70,118,71,383,72,1739,73,559,74,586,69.0
2026-04-17 11:06:59 PM,KXWTACHALLENGERMATCH-26APR18CHWMON-CHW,68,1352,67,1212,66,743,65,288,64,417,70,118,71,383,72,3971,73,559,74,586,69.0
2026-04-17 11:07:31 PM,KXWTACHALLENGERMATCH-26APR18CHWMON-CHW,68,1352,67,1212,66,743,65,288,64,417,70,118,71,383,72,6203,73,559,74,586,69.0
2026-04-17 11:07:31 PM,KXWTACHALLENGERMATCH-26APR18CHWMON-CHW,68,1352,67,1212,66,743,65,288,64,417,70,118,71,383,72,3971,73,559,74,586,69.0
2026-04-17 11:08:33 PM,KXWTACHALLENGERMATCH-26APR18CHWMON-CHW,68,1352,67,1212,66,743,65,288,64,417,70,118,71,383,72,1739,73,559,74,586,69.0
2026-04-17 11:08:33 PM,KXWTACHALLENGERMATCH-26APR18CHWMON-CHW,68,1352,67,1212,66,743,65,288,64,417,70,118,71,383,72,3971,73,559,74,586,69.0
2026-04-17 11:08:52 PM,KXWTACHALLENGERMATCH-26APR18CHWMON-CHW,68,1352,67,1212,66,743,65,288,64,817,70,118,71,383,72,3971,73,559,74,586,69.0
2026-04-17 11:08:52 PM,KXWTACHALLENGERMATCH-26APR18CHWMON-CHW,68,1352,67,1212,66,743,65,338,64,817,70,118,71,383,72,3971,73,559,74,586,69.0
2026-04-17 11:09:43 PM,KXWTACHALLENGERMATCH-26APR18CHWMON-CHW,68,1352,67,1212,66,743,65,288,64,817,70,118,71,383,72,3971,73,559,74,586,69.0
2026-04-17 11:10:03 PM,KXWTACHALLENGERMATCH-26APR18CHWMON-CHW,68,1352,67,1212,66,743,65,288,64,817,70,117,71,383,72,3971,73,559,74,586,69.0
2026-04-17 11:10:47 PM,KXWTACHALLENGERMATCH-26APR18CHWMON-CHW,68,1352,67,1212,66,743,65,288,64,817,70,117,71,383,72,1739,73,559,74,586,69.0
2026-04-17 11:10:47 PM,KXWTACHALLENGERMATCH-26APR18CHWMON-CHW,68,1352,67,1212,66,743,65,288,64,817,70,117,71,383,72,3971,73,559,74,586,69.0
2026-04-17 11:12:18 PM,KXWTACHALLENGERMATCH-26APR18CHWMON-CHW,68,1352,67,1212,66,743,65,288,64,817,70,117,71,383,72,1739,73,559,74,586,69.0
2026-04-17 11:12:18 PM,KXWTACHALLENGERMATCH-26APR18CHWMON-CHW,68,1352,67,1212,66,743,65,288,64,817,70,117,71,383,72,3971,73,559,74,586,69.0
2026-04-17 11:14:46 PM,KXWTACHALLENGERMATCH-26APR18CHWMON-CHW,68,1352,67,1212,66,743,65,288,64,817,70,117,71,383,72,1739,73,559,74,586,69.0
2026-04-17 11:14:46 PM,KXWTACHALLENGERMATCH-26APR18CHWMON-CHW,68,1352,67,1212,66,743,65,288,64,817,70,117,71,383,72,3971,73,559,74,586,69.0
2026-04-17 11:15:18 PM,KXWTACHALLENGERMATCH-26APR18CHWMON-CHW,68,1352,67,1212,66,743,65,288,64,817,70,112,71,383,72,3971,73,559,74,586,69.0
2026-04-17 11:16:05 PM,KXWTACHALLENGERMATCH-26APR18CHWMON-CHW,68,1352,67,1212,66,743,65,288,64,817,70,112,71,373,72,3971,73,559,74,586,69.0
2026-04-17 11:16:05 PM,KXWTACHALLENGERMATCH-26APR18CHWMON-CHW,68,1352,67,1212,66,743,65,288,64,817,70,112,71,363,72,3971,73,559,74,586,69.0
2026-04-17 11:16:06 PM,KXWTACHALLENGERMATCH-26APR18CHWMON-CHW,68,1352,67,1212,66,743,65,288,64,817,70,112,71,363,72,3981,73,559,74,586,69.0
2026-04-17 11:16:06 PM,KXWTACHALLENGERMATCH-26APR18CHWMON-CHW,68,1352,67,1212,66,743,65,288,64,817,70,112,71,363,72,3991,73,559,74,586,69.0
2026-04-17 11:17:07 PM,KXWTACHALLENGERMATCH-26APR18CHWMON-CHW,68,1352,67,1212,66,743,65,288,64,817,70,112,71,363,72,1759,73,559,74,586,69.0
2026-04-17 11:17:07 PM,KXWTACHALLENGERMATCH-26APR18CHWMON-CHW,68,1352,67,1212,66,743,65,288,64,817,70,112,71,363,72,3991,73,559,74,586,69.0
2026-04-17 11:18:06 PM,KXWTACHALLENGERMATCH-26APR18CHWMON-CHW,68,1352,67,1212,66,743,65,338,64,817,70,112,71,363,72,3991,73,559,74,586,69.0
2026-04-17 11:18:55 PM,KXWTACHALLENGERMATCH-26APR18CHWMON-CHW,68,1352,67,1212,66,743,65,338,64,817,70,112,71,363,72,1759,73,559,74,586,69.0
2026-04-17 11:18:55 PM,KXWTACHALLENGERMATCH-26APR18CHWMON-CHW,68,1352,67,1212,66,743,65,338,64,817,70,112,71,363,72,3991,73,559,74,586,69.0
2026-04-17 11:20:35 PM,KXWTACHALLENGERMATCH-26APR18CHWMON-CHW,68,1352,67,1212,66,743,65,338,64,992,70,112,71,363,72,3991,73,559,74,586,69.0
2026-04-17 11:20:40 PM,KXWTACHALLENGERMATCH-26APR18CHWMON-CHW,68,1352,67,1212,66,743,65,338,64,992,70,112,71,363,72,1759,73,559,74,586,69.0
2026-04-17 11:20:40 PM,KXWTACHALLENGERMATCH-26APR18CHWMON-CHW,68,1352,67,1212,66,743,65,338,64,992,70,112,71,363,72,3991,73,559,74,586,69.0
2026-04-17 11:20:58 PM,KXWTACHALLENGERMATCH-26APR18CHWMON-CHW,68,1352,67,1212,66,743,65,288,64,992,70,112,71,363,72,3991,73,559,74,586,69.0
2026-04-17 11:22:13 PM,KXWTACHALLENGERMATCH-26APR18CHWMON-CHW,68,1352,67,1212,66,743,65,288,64,992,70,112,71,363,72,1759,73,559,74,586,69.0
2026-04-17 11:22:13 PM,KXWTACHALLENGERMATCH-26APR18CHWMON-CHW,68,1352,67,1212,66,743,65,288,64,992,70,112,71,363,72,3991,73,559,74,586,69.0
2026-04-17 11:24:42 PM,KXWTACHALLENGERMATCH-26APR18CHWMON-CHW,68,1352,67,1212,66,743,65,288,64,992,70,112,71,363,72,1759,73,559,74,586,69.0
2026-04-17 11:24:42 PM,KXWTACHALLENGERMATCH-26APR18CHWMON-CHW,68,1352,67,1212,66,743,65,288,64,992,70,112,71,363,72,3991,73,559,74,586,69.0
2026-04-17 11:24:42 PM,KXWTACHALLENGERMATCH-26APR18CHWMON-CHW,68,1352,67,1212,66,743,65,838,64,992,70,112,71,363,72,3991,73,559,74,586,69.0
2026-04-17 11:26:25 PM,KXWTACHALLENGERMATCH-26APR18CHWMON-CHW,68,1352,67,1212,66,743,65,838,64,992,70,112,71,363,72,1759,73,559,74,586,69.0
2026-04-17 11:26:25 PM,KXWTACHALLENGERMATCH-26APR18CHWMON-CHW,68,1352,67,1212,66,743,65,838,64,992,70,112,71,363,72,3991,73,559,74,586,69.0
2026-04-17 11:27:34 PM,KXWTACHALLENGERMATCH-26APR18CHWMON-CHW,68,1352,67,1212,66,743,65,288,64,992,70,112,71,363,72,3991,73,559,74,586,69.0
2026-04-17 11:28:15 PM,KXWTACHALLENGERMATCH-26APR18CHWMON-CHW,68,1352,67,1212,66,743,65,288,64,992,70,112,71,363,72,1759,73,559,74,586,69.0
2026-04-17 11:28:15 PM,KXWTACHALLENGERMATCH-26APR18CHWMON-CHW,68,1352,67,1212,66,743,65,288,64,992,70,112,71,363,72,3991,73,559,74,586,69.0
2026-04-17 11:29:39 PM,KXWTACHALLENGERMATCH-26APR18CHWMON-CHW,68,1352,67,1222,66,743,65,288,64,992,70,112,71,363,72,3991,73,559,74,586,69.0
2026-04-17 11:30:14 PM,KXWTACHALLENGERMATCH-26APR18CHWMON-CHW,68,1352,67,1222,66,743,65,288,64,992,70,112,71,363,72,1759,73,559,74,586,69.0
2026-04-17 11:30:14 PM,KXWTACHALLENGERMATCH-26APR18CHWMON-CHW,68,1352,67,1222,66,743,65,288,64,992,70,112,71,363,72,3991,73,559,74,586,69.0
2026-04-17 11:31:17 PM,KXWTACHALLENGERMATCH-26APR18CHWMON-CHW,68,1352,67,1222,66,743,65,288,64,992,70,109,71,363,72,3991,73,559,74,586,69.0
2026-04-17 11:31:52 PM,KXWTACHALLENGERMATCH-26APR18CHWMON-CHW,68,1352,67,1222,66,743,65,288,64,817,70,109,71,363,72,3991,73,559,74,586,69.0
2026-04-17 11:32:33 PM,KXWTACHALLENGERMATCH-26APR18CHWMON-CHW,68,1352,67,1222,66,743,65,288,64,817,70,109,71,363,72,1759,73,559,74,586,69.0
2026-04-17 11:32:33 PM,KXWTACHALLENGERMATCH-26APR18CHWMON-CHW,68,1352,67,1222,66,743,65,288,64,817,70,109,71,363,72,3991,73,559,74,586,69.0
2026-04-17 11:34:02 PM,KXWTACHALLENGERMATCH-26APR18CHWMON-CHW,68,1352,67,1222,66,743,65,288,64,817,70,109,71,363,72,3991,73,1441,74,586,69.0
2026-04-17 11:34:02 PM,KXWTACHALLENGERMATCH-26APR18CHWMON-CHW,68,1352,67,1222,66,743,65,288,64,817,70,109,71,363,72,3111,73,1441,74,586,69.0
2026-04-17 11:34:03 PM,KXWTACHALLENGERMATCH-26APR18CHWMON-CHW,68,1352,67,1222,66,743,65,288,64,817,70,109,71,363,72,3111,73,559,74,586,69.0
2026-04-17 11:34:11 PM,KXWTACHALLENGERMATCH-26APR18CHWMON-CHW,68,1352,67,1222,66,743,65,288,64,817,70,109,71,363,72,3993,73,559,74,586,69.0
2026-04-17 11:34:11 PM,KXWTACHALLENGERMATCH-26APR18CHWMON-CHW,68,1352,67,1222,66,743,65,288,64,817,70,109,71,363,72,3111,73,559,74,586,69.0
2026-04-17 11:34:19 PM,KXWTACHALLENGERMATCH-26APR18CHWMON-CHW,68,1352,67,1222,66,743,65,288,64,817,70,109,71,363,72,3993,73,559,74,586,69.0
2026-04-17 11:34:25 PM,KXWTACHALLENGERMATCH-26APR18CHWMON-CHW,68,1352,67,1222,66,743,65,288,64,817,70,109,71,363,72,1761,73,559,74,586,69.0
2026-04-17 11:34:25 PM,KXWTACHALLENGERMATCH-26APR18CHWMON-CHW,68,1352,67,1222,66,743,65,288,64,817,70,109,71,363,72,3993,73,559,74,586,69.0
2026-04-17 11:35:01 PM,KXWTACHALLENGERMATCH-26APR18CHWMON-CHW,68,1352,67,1222,66,743,65,288,64,817,70,105,71,363,72,3993,73,559,74,586,69.0
2026-04-17 11:35:03 PM,KXWTACHALLENGERMATCH-26APR18CHWMON-CHW,68,1352,67,1222,66,743,65,288,64,817,70,105,71,363,72,3993,73,1441,74,586,69.0
2026-04-17 11:35:03 PM,KXWTACHALLENGERMATCH-26APR18CHWMON-CHW,68,1352,67,1222,66,743,65,288,64,817,70,105,71,363,72,3111,73,1441,74,586,69.0
2026-04-17 11:35:21 PM,KXWTACHALLENGERMATCH-26APR18CHWMON-CHW,68,1352,67,1222,66,743,65,288,64,817,70,105,71,363,72,3993,73,1441,74,586,69.0
2026-04-17 11:35:21 PM,KXWTACHALLENGERMATCH-26APR18CHWMON-CHW,68,1352,67,1222,66,743,65,288,64,817,70,105,71,363,72,3993,73,559,74,586,69.0
2026-04-17 11:35:24 PM,KXWTACHALLENGERMATCH-26APR18CHWMON-CHW,68,1352,67,1222,66,743,65,288,64,817,70,105,71,363,72,3111,73,559,74,586,69.0
2026-04-17 11:35:39 PM,KXWTACHALLENGERMATCH-26APR18CHWMON-CHW,68,1352,67,1222,66,743,65,288,64,817,70,105,71,363,72,3993,73,559,74,586,69.0
2026-04-17 11:36:31 PM,KXWTACHALLENGERMATCH-26APR18CHWMON-CHW,68,1352,67,1222,66,743,65,838,64,817,70,105,71,363,72,3993,73,559,74,586,69.0
2026-04-17 11:36:53 PM,KXWTACHALLENGERMATCH-26APR18CHWMON-CHW,68,1352,67,1222,66,743,65,838,64,817,70,105,71,363,72,1761,73,559,74,586,69.0
2026-04-17 11:36:53 PM,KXWTACHALLENGERMATCH-26APR18CHWMON-CHW,68,1352,67,1222,66,743,65,838,64,817,70,105,71,363,72,3993,73,559,74,586,69.0
2026-04-17 11:38:44 PM,KXWTACHALLENGERMATCH-26APR18CHWMON-CHW,68,1352,67,1222,66,743,65,838,64,817,70,105,71,363,72,1761,73,559,74,586,69.0
2026-04-17 11:38:44 PM,KXWTACHALLENGERMATCH-26APR18CHWMON-CHW,68,1352,67,1222,66,743,65,838,64,817,70,105,71,363,72,3993,73,559,74,586,69.0
2026-04-17 11:39:06 PM,KXWTACHALLENGERMATCH-26APR18CHWMON-CHW,68,1352,67,1222,66,743,65,838,64,817,70,105,71,363,72,3993,73,1441,74,586,69.0
2026-04-17 11:39:06 PM,KXWTACHALLENGERMATCH-26APR18CHWMON-CHW,68,1352,67,1222,66,743,65,838,64,817,70,105,71,363,72,3111,73,1441,74,586,69.0
2026-04-17 11:39:07 PM,KXWTACHALLENGERMATCH-26APR18CHWMON-CHW,68,1352,67,1222,66,743,65,838,64,817,70,105,71,363,72,3111,73,559,74,586,69.0
2026-04-17 11:39:19 PM,KXWTACHALLENGERMATCH-26APR18CHWMON-CHW,68,1352,67,1222,66,743,65,838,64,817,70,105,71,363,72,3993,73,559,74,586,69.0
2026-04-17 11:39:29 PM,KXWTACHALLENGERMATCH-26APR18CHWMON-CHW,68,1352,67,1222,66,743,65,288,64,817,70,105,71,363,72,3993,73,559,74,586,69.0
2026-04-17 11:40:18 PM,KXWTACHALLENGERMATCH-26APR18CHWMON-CHW,68,1352,67,1222,66,743,65,288,64,817,70,105,71,363,72,3993,73,1441,74,586,69.0
2026-04-17 11:40:18 PM,KXWTACHALLENGERMATCH-26APR18CHWMON-CHW,68,1352,67,1222,66,743,65,288,64,817,70,105,71,363,72,3111,73,1441,74,586,69.0
2026-04-17 11:40:18 PM,KXWTACHALLENGERMATCH-26APR18CHWMON-CHW,68,1352,67,1222,66,743,65,288,64,817,70,105,71,363,72,879,73,1441,74,586,69.0
2026-04-17 11:40:18 PM,KXWTACHALLENGERMATCH-26APR18CHWMON-CHW,68,1352,67,1222,66,743,65,288,64,817,70,105,71,363,72,3111,73,1441,74,586,69.0
2026-04-17 11:40:19 PM,KXWTACHALLENGERMATCH-26APR18CHWMON-CHW,68,1352,67,1222,66,743,65,288,64,817,70,105,71,363,72,3111,73,559,74,586,69.0
2026-04-17 11:40:29 PM,KXWTACHALLENGERMATCH-26APR18CHWMON-CHW,68,1352,67,1222,66,743,65,288,64,817,70,105,71,363,72,3993,73,559,74,586,69.0
2026-04-17 11:41:36 PM,KXWTACHALLENGERMATCH-26APR18CHWMON-CHW,68,1352,67,1212,66,743,65,288,64,817,70,105,71,363,72,3993,73,559,74,586,69.0
2026-04-17 11:42:26 PM,KXWTACHALLENGERMATCH-26APR18CHWMON-CHW,68,1352,67,1212,66,743,65,288,64,817,70,105,71,363,72,1761,73,559,74,586,69.0
2026-04-17 11:42:26 PM,KXWTACHALLENGERMATCH-26APR18CHWMON-CHW,68,1352,67,1212,66,743,65,288,64,817,70,105,71,363,72,3993,73,559,74,586,69.0
2026-04-17 11:42:28 PM,KXWTACHALLENGERMATCH-26APR18CHWMON-CHW,68,1352,67,1212,66,743,65,288,64,817,70,26,71,363,72,3993,73,559,74,586,69.0
2026-04-17 11:42:28 PM,KXWTACHALLENGERMATCH-26APR18CHWMON-CHW,68,1352,67,1212,66,743,65,288,64,817,70,1,71,363,72,3993,73,559,74,586,69.0
2026-04-17 11:42:28 PM,KXWTACHALLENGERMATCH-26APR18CHWMON-CHW,68,1352,67,1212,66,743,65,288,64,817,70,1,71,363,72,4036,73,559,74,586,69.0
2026-04-17 11:44:06 PM,KXWTACHALLENGERMATCH-26APR18CHWMON-CHW,68,1352,67,1212,66,743,65,788,64,817,70,1,71,363,72,4036,73,559,74,586,69.0
2026-04-17 11:44:45 PM,KXWTACHALLENGERMATCH-26APR18CHWMON-CHW,68,1352,67,1212,66,743,65,788,64,817,70,1,71,363,72,1804,73,559,74,586,69.0
2026-04-17 11:44:45 PM,KXWTACHALLENGERMATCH-26APR18CHWMON-CHW,68,1352,67,1212,66,743,65,788,64,817,70,1,71,363,72,4036,73,559,74,586,69.0
2026-04-17 11:46:41 PM,KXWTACHALLENGERMATCH-26APR18CHWMON-CHW,68,1352,67,1212,66,743,65,788,64,817,70,1,71,363,72,1804,73,559,74,586,69.0
2026-04-17 11:46:41 PM,KXWTACHALLENGERMATCH-26APR18CHWMON-CHW,68,1352,67,1212,66,743,65,788,64,817,70,1,71,363,72,4036,73,559,74,586,69.0
2026-04-17 11:47:04 PM,KXWTACHALLENGERMATCH-26APR18CHWMON-CHW,68,1352,67,1212,66,743,65,288,64,817,70,1,71,363,72,4036,73,559,74,586,69.0
2026-04-17 11:48:38 PM,KXWTACHALLENGERMATCH-26APR18CHWMON-CHW,68,1352,67,1212,66,743,65,288,64,817,70,1,71,363,72,1804,73,559,74,586,69.0
2026-04-17 11:48:38 PM,KXWTACHALLENGERMATCH-26APR18CHWMON-CHW,68,1352,67,1212,66,743,65,288,64,817,70,1,71,363,72,4036,73,559,74,586,69.0
2026-04-17 11:50:58 PM,KXWTACHALLENGERMATCH-26APR18CHWMON-CHW,68,1352,67,1212,66,743,65,288,64,817,70,1,71,363,72,1804,73,559,74,586,69.0
2026-04-17 11:50:58 PM,KXWTACHALLENGERMATCH-26APR18CHWMON-CHW,68,1352,67,1212,66,743,65,288,64,817,70,1,71,363,72,4036,73,559,74,586,69.0
2026-04-17 11:52:50 PM,KXWTACHALLENGERMATCH-26APR18CHWMON-CHW,68,1352,67,1212,66,743,65,288,64,817,70,1,71,363,72,1804,73,559,74,586,69.0
2026-04-17 11:52:50 PM,KXWTACHALLENGERMATCH-26APR18CHWMON-CHW,68,1352,67,1212,66,743,65,288,64,817,70,1,71,363,72,4036,73,559,74,586,69.0
2026-04-17 11:54:32 PM,KXWTACHALLENGERMATCH-26APR18CHWMON-CHW,68,1352,67,1212,66,743,65,288,64,817,70,1,71,363,72,1804,73,559,74,586,69.0
2026-04-17 11:54:32 PM,KXWTACHALLENGERMATCH-26APR18CHWMON-CHW,68,1352,67,1212,66,743,65,288,64,817,70,1,71,363,72,4036,73,559,74,586,69.0
2026-04-17 11:56:32 PM,KXWTACHALLENGERMATCH-26APR18CHWMON-CHW,68,1352,67,1212,66,743,65,288,64,817,70,1,71,363,72,1804,73,559,74,586,69.0
2026-04-17 11:56:32 PM,KXWTACHALLENGERMATCH-26APR18CHWMON-CHW,68,1352,67,1212,66,743,65,288,64,817,70,1,71,363,72,4036,73,559,74,586,69.0
2026-04-17 11:57:51 PM,KXWTACHALLENGERMATCH-26APR18CHWMON-CHW,68,1352,67,1212,66,743,65,288,64,817,70,1,71,343,72,4036,73,559,74,586,69.0
2026-04-17 11:57:52 PM,KXWTACHALLENGERMATCH-26APR18CHWMON-CHW,68,1352,67,1212,66,743,65,738,64,817,70,1,71,343,72,4036,73,559,74,586,69.0
2026-04-17 11:58:53 PM,KXWTACHALLENGERMATCH-26APR18CHWMON-CHW,68,1352,67,1212,66,743,65,738,64,817,70,1,71,343,72,1804,73,559,74,586,69.0
2026-04-17 11:58:53 PM,KXWTACHALLENGERMATCH-26APR18CHWMON-CHW,68,1352,67,1212,66,743,65,738,64,817,70,1,71,343,72,4036,73,559,74,586,69.0
2026-04-17 11:59:29 PM,KXWTACHALLENGERMATCH-26APR18CHWMON-CHW,68,1352,67,1212,66,743,65,788,64,817,70,1,71,343,72,4036,73,559,74,586,69.0
2026-04-18 12:00:30 AM,KXWTACHALLENGERMATCH-26APR18CHWMON-CHW,68,1352,67,1212,66,743,65,788,64,817,70,1,71,343,72,4036,73,1441,74,586,69.0
2026-04-18 12:00:30 AM,KXWTACHALLENGERMATCH-26APR18CHWMON-CHW,68,1352,67,1212,66,743,65,788,64,817,70,1,71,343,72,3154,73,1441,74,586,69.0
2026-04-18 12:00:36 AM,KXWTACHALLENGERMATCH-26APR18CHWMON-CHW,68,1352,67,1212,66,743,65,788,64,817,70,1,71,343,72,922,73,1441,74,586,69.0
2026-04-18 12:00:36 AM,KXWTACHALLENGERMATCH-26APR18CHWMON-CHW,68,1352,67,1212,66,743,65,788,64,817,70,1,71,343,72,3154,73,1441,74,586,69.0
2026-04-18 12:00:45 AM,KXWTACHALLENGERMATCH-26APR18CHWMON-CHW,68,1352,67,1212,66,743,65,788,64,817,70,1,71,343,72,4036,73,1441,74,586,69.0
2026-04-18 12:00:45 AM,KXWTACHALLENGERMATCH-26APR18CHWMON-CHW,68,1352,67,1212,66,743,65,788,64,817,70,1,71,343,72,4036,73,559,74,586,69.0
2026-04-18 12:00:49 AM,KXWTACHALLENGERMATCH-26APR18CHWMON-CHW,68,1352,67,1212,66,743,65,788,64,817,70,1,71,343,72,3154,73,559,74,586,69.0
2026-04-18 12:00:50 AM,KXWTACHALLENGERMATCH-26APR18CHWMON-CHW,68,1352,67,1212,66,743,65,838,64,817,70,1,71,343,72,3154,73,559,74,586,69.0
2026-04-18 12:00:51 AM,KXWTACHALLENGERMATCH-26APR18CHWMON-CHW,68,1352,67,1212,66,743,65,388,64,817,70,1,71,343,72,3154,73,559,74,586,69.0
2026-04-18 12:00:53 AM,KXWTACHALLENGERMATCH-26APR18CHWMON-CHW,68,1352,67,1212,66,743,65,389,64,817,70,1,71,343,72,3154,73,559,74,586,69.0
2026-04-18 12:00:53 AM,KXWTACHALLENGERMATCH-26APR18CHWMON-CHW,68,1352,67,1212,66,743,65,389,64,817,70,1,71,343,72,3154,73,562,74,586,69.0
2026-04-18 12:00:53 AM,KXWTACHALLENGERMATCH-26APR18CHWMON-CHW,68,1352,67,1212,66,743,65,389,64,818,70,1,71,343,72,3154,73,562,74,586,69.0
2026-04-18 12:00:53 AM,KXWTACHALLENGERMATCH-26APR18CHWMON-CHW,68,1352,67,1212,66,743,65,389,64,818,70,1,71,343,72,3154,73,562,74,589,69.0
2026-04-18 12:00:53 AM,KXWTACHALLENGERMATCH-26APR18CHWMON-CHW,68,1352,67,1212,66,743,65,389,64,818,70,1,71,343,72,3154,73,1444,74,589,69.0
2026-04-18 12:02:25 AM,KXWTACHALLENGERMATCH-26APR18CHWMON-CHW,68,1352,67,1212,66,743,65,339,64,818,70,1,71,343,72,3154,73,1444,74,589,69.0
2026-04-18 12:02:46 AM,KXWTACHALLENGERMATCH-26APR18CHWMON-CHW,68,1352,67,1212,66,743,65,339,64,818,70,1,71,343,72,922,73,1444,74,589,69.0
2026-04-18 12:02:46 AM,KXWTACHALLENGERMATCH-26APR18CHWMON-CHW,68,1352,67,1212,66,743,65,339,64,818,70,1,71,343,72,3154,73,1444,74,589,69.0
2026-04-18 12:03:41 AM,KXWTACHALLENGERMATCH-26APR18CHWMON-CHW,68,1352,67,1212,66,743,65,289,64,818,70,1,71,343,72,3154,73,1444,74,589,69.0
2026-04-18 12:05:04 AM,KXWTACHALLENGERMATCH-26APR18CHWMON-CHW,68,1352,67,1212,66,743,65,289,64,818,70,1,71,343,72,922,73,1444,74,589,69.0
2026-04-18 12:05:04 AM,KXWTACHALLENGERMATCH-26APR18CHWMON-CHW,68,1352,67,1212,66,743,65,289,64,818,70,1,71,343,72,3154,73,1444,74,589,69.0
2026-04-18 12:06:36 AM,KXWTACHALLENGERMATCH-26APR18CHWMON-CHW,68,1352,67,1212,66,743,65,289,64,818,70,1,71,343,72,922,73,1444,74,589,69.0
2026-04-18 12:06:36 AM,KXWTACHALLENGERMATCH-26APR18CHWMON-CHW,68,1352,67,1212,66,743,65,289,64,818,70,1,71,343,72,3154,73,1444,74,589,69.0
2026-04-18 12:08:44 AM,KXWTACHALLENGERMATCH-26APR18CHWMON-CHW,68,1352,67,1212,66,743,65,289,64,818,70,1,71,343,72,922,73,1444,74,589,69.0
2026-04-18 12:08:44 AM,KXWTACHALLENGERMATCH-26APR18CHWMON-CHW,68,1352,67,1212,66,743,65,289,64,818,70,1,71,343,72,3154,73,1444,74,589,69.0
2026-04-18 12:10:19 AM,KXWTACHALLENGERMATCH-26APR18CHWMON-CHW,68,1352,67,1212,66,743,65,289,64,818,70,1,71,343,72,922,73,1444,74,589,69.0
2026-04-18 12:10:19 AM,KXWTACHALLENGERMATCH-26APR18CHWMON-CHW,68,1352,67,1212,66,743,65,289,64,818,70,1,71,343,72,3154,73,1444,74,589,69.0
2026-04-18 12:11:13 AM,KXWTACHALLENGERMATCH-26APR18CHWMON-CHW,68,1352,67,1212,66,743,65,339,64,818,70,1,71,343,72,3154,73,1444,74,589,69.0
2026-04-18 12:12:12 AM,KXWTACHALLENGERMATCH-26APR18CHWMON-CHW,68,1352,67,1212,66,743,65,339,64,818,70,1,71,343,72,922,73,1444,74,589,69.0
2026-04-18 12:12:12 AM,KXWTACHALLENGERMATCH-26APR18CHWMON-CHW,68,1352,67,1212,66,743,65,339,64,818,70,1,71,343,72,3154,73,1444,74,589,69.0
2026-04-18 12:13:54 AM,KXWTACHALLENGERMATCH-26APR18CHWMON-CHW,68,1352,67,1212,66,743,65,289,64,818,70,1,71,343,72,3154,73,1444,74,589,69.0
2026-04-18 12:14:39 AM,KXWTACHALLENGERMATCH-26APR18CHWMON-CHW,68,1352,67,1212,66,743,65,289,64,818,70,1,71,343,72,922,73,1444,74,589,69.0
2026-04-18 12:14:39 AM,KXWTACHALLENGERMATCH-26APR18CHWMON-CHW,68,1352,67,1212,66,743,65,289,64,818,70,1,71,343,72,3154,73,1444,74,589,69.0
2026-04-18 12:16:33 AM,KXWTACHALLENGERMATCH-26APR18CHWMON-CHW,68,1352,67,1212,66,743,65,289,64,818,70,1,71,343,72,922,73,1444,74,589,69.0
2026-04-18 12:16:33 AM,KXWTACHALLENGERMATCH-26APR18CHWMON-CHW,68,1352,67,1212,66,743,65,289,64,818,70,1,71,343,72,3154,73,1444,74,589,69.0
2026-04-18 12:18:17 AM,KXWTACHALLENGERMATCH-26APR18CHWMON-CHW,68,1352,67,1212,66,743,65,289,64,818,70,1,71,342,72,3154,73,1444,74,589,69.0
2026-04-18 12:18:55 AM,KXWTACHALLENGERMATCH-26APR18CHWMON-CHW,68,1352,67,1212,66,743,65,289,64,818,70,1,71,342,72,922,73,1444,74,589,69.0
2026-04-18 12:18:55 AM,KXWTACHALLENGERMATCH-26APR18CHWMON-CHW,68,1352,67,1212,66,743,65,289,64,818,70,1,71,342,72,3154,73,1444,74,589,69.0
2026-04-18 12:20:08 AM,KXWTACHALLENGERMATCH-26APR18CHWMON-CHW,68,1352,67,1212,66,743,65,789,64,818,70,1,71,342,72,3154,73,1444,74,589,69.0
2026-04-18 12:21:05 AM,KXWTACHALLENGERMATCH-26APR18CHWMON-CHW,68,1352,67,1212,66,743,65,789,64,818,70,1,71,342,72,922,73,1444,74,589,69.0
2026-04-18 12:21:05 AM,KXWTACHALLENGERMATCH-26APR18CHWMON-CHW,68,1352,67,1212,66,743,65,789,64,818,70,1,71,342,72,3154,73,1444,74,589,69.0
2026-04-18 12:21:05 AM,KXWTACHALLENGERMATCH-26APR18CHWMON-CHW,68,1352,67,1212,66,743,65,839,64,818,70,1,71,342,72,3154,73,1444,74,589,69.0
2026-04-18 12:22:52 AM,KXWTACHALLENGERMATCH-26APR18CHWMON-CHW,68,1352,67,1212,66,743,65,839,64,818,70,1,71,342,72,922,73,1444,74,589,69.0
2026-04-18 12:22:52 AM,KXWTACHALLENGERMATCH-26APR18CHWMON-CHW,68,1352,67,1212,66,743,65,839,64,818,70,1,71,342,72,3154,73,1444,74,589,69.0
2026-04-18 12:23:08 AM,KXWTACHALLENGERMATCH-26APR18CHWMON-CHW,68,1352,67,1212,66,743,65,339,64,818,70,1,71,342,72,3154,73,1444,74,589,69.0
2026-04-18 12:24:00 AM,KXWTACHALLENGERMATCH-26APR18CHWMON-CHW,68,1352,67,1212,66,743,65,289,64,818,70,1,71,342,72,3154,73,1444,74,589,69.0
2026-04-18 12:24:54 AM,KXWTACHALLENGERMATCH-26APR18CHWMON-CHW,68,1352,67,1212,66,743,65,289,64,818,70,1,71,342,72,922,73,1444,74,589,69.0
2026-04-18 12:24:54 AM,KXWTACHALLENGERMATCH-26APR18CHWMON-CHW,68,1352,67,1212,66,743,65,289,64,818,70,1,71,342,72,3154,73,1444,74,589,69.0
2026-04-18 12:26:59 AM,KXWTACHALLENGERMATCH-26APR18CHWMON-CHW,68,1352,67,1212,66,743,65,289,64,818,70,1,71,342,72,922,73,1444,74,589,69.0
2026-04-18 12:26:59 AM,KXWTACHALLENGERMATCH-26APR18CHWMON-CHW,68,1352,67,1212,66,743,65,289,64,818,70,1,71,342,72,3154,73,1444,74,589,69.0
2026-04-18 12:28:43 AM,KXWTACHALLENGERMATCH-26APR18CHWMON-CHW,68,1352,67,1212,66,743,65,289,64,818,70,1,71,342,72,922,73,1444,74,589,69.0
2026-04-18 12:28:43 AM,KXWTACHALLENGERMATCH-26APR18CHWMON-CHW,68,1352,67,1212,66,743,65,289,64,818,70,1,71,342,72,3154,73,1444,74,589,69.0
2026-04-18 12:29:56 AM,KXWTACHALLENGERMATCH-26APR18CHWMON-CHW,68,1352,67,1212,66,743,65,289,64,818,70,1,71,341,72,3154,73,1444,74,589,69.0
2026-04-18 12:30:29 AM,KXWTACHALLENGERMATCH-26APR18CHWMON-CHW,68,1352,67,1212,66,743,65,289,64,818,70,1,71,341,72,922,73,1444,74,589,69.0
2026-04-18 12:30:29 AM,KXWTACHALLENGERMATCH-26APR18CHWMON-CHW,68,1352,67,1212,66,743,65,289,64,818,70,1,71,341,72,3154,73,1444,74,589,69.0
2026-04-18 12:32:49 AM,KXWTACHALLENGERMATCH-26APR18CHWMON-CHW,68,1352,67,1212,66,743,65,289,64,818,70,1,71,341,72,922,73,1444,74,589,69.0
2026-04-18 12:32:49 AM,KXWTACHALLENGERMATCH-26APR18CHWMON-CHW,68,1352,67,1212,66,743,65,289,64,818,70,1,71,341,72,3154,73,1444,74,589,69.0
2026-04-18 12:35:15 AM,KXWTACHALLENGERMATCH-26APR18CHWMON-CHW,68,1352,67,1212,66,743,65,289,64,818,70,1,71,341,72,922,73,1444,74,589,69.0
2026-04-18 12:35:15 AM,KXWTACHALLENGERMATCH-26APR18CHWMON-CHW,68,1352,67,1212,66,743,65,289,64,818,70,1,71,341,72,3154,73,1444,74,589,69.0
2026-04-18 12:36:05 AM,KXWTACHALLENGERMATCH-26APR18CHWMON-CHW,68,1352,67,1212,66,743,65,289,64,818,70,1,71,314,72,3154,73,1444,74,589,69.0
2026-04-18 12:36:40 AM,KXWTACHALLENGERMATCH-26APR18CHWMON-CHW,68,1352,67,1212,66,750,65,289,64,818,70,1,71,314,72,3154,73,1444,74,589,69.0
2026-04-18 12:36:46 AM,KXWTACHALLENGERMATCH-26APR18CHWMON-CHW,68,1352,67,1212,66,750,65,289,64,818,70,1,71,314,72,922,73,1444,74,589,69.0
2026-04-18 12:36:46 AM,KXWTACHALLENGERMATCH-26APR18CHWMON-CHW,68,1352,67,1212,66,750,65,289,64,818,70,1,71,314,72,3154,73,1444,74,589,69.0
2026-04-18 12:38:43 AM,KXWTACHALLENGERMATCH-26APR18CHWMON-CHW,68,1352,67,1212,66,750,65,289,64,818,70,1,71,314,72,922,73,1444,74,589,69.0
2026-04-18 12:38:43 AM,KXWTACHALLENGERMATCH-26APR18CHWMON-CHW,68,1352,67,1212,66,750,65,289,64,818,70,1,71,314,72,3154,73,1444,74,589,69.0
2026-04-18 12:40:35 AM,KXWTACHALLENGERMATCH-26APR18CHWMON-CHW,68,1352,67,1212,66,750,65,289,64,818,70,1,71,314,72,922,73,1444,74,589,69.0
2026-04-18 12:40:35 AM,KXWTACHALLENGERMATCH-26APR18CHWMON-CHW,68,1352,67,1212,66,750,65,289,64,818,70,1,71,314,72,3154,73,1444,74,589,69.0
2026-04-18 12:42:21 AM,KXWTACHALLENGERMATCH-26APR18CHWMON-CHW,68,1352,67,1212,66,750,65,289,64,818,70,1,71,314,72,922,73,1444,74,589,69.0
2026-04-18 12:42:21 AM,KXWTACHALLENGERMATCH-26APR18CHWMON-CHW,68,1352,67,1212,66,750,65,289,64,818,70,1,71,314,72,3154,73,1444,74,589,69.0
2026-04-18 12:42:23 AM,KXWTACHALLENGERMATCH-26APR18CHWMON-CHW,68,1352,67,1212,66,750,65,289,64,818,70,1,71,295,72,3154,73,1444,74,589,69.0
2026-04-18 12:42:23 AM,KXWTACHALLENGERMATCH-26APR18CHWMON-CHW,68,1352,67,1212,66,750,65,289,64,818,70,1,71,295,72,3154,73,1810,74,589,69.0
2026-04-18 12:42:51 AM,KXWTACHALLENGERMATCH-26APR18CHWMON-CHW,68,1352,67,1212,66,750,65,289,64,818,70,1,71,268,72,3154,73,1810,74,589,69.0
2026-04-18 12:42:57 AM,KXWTACHALLENGERMATCH-26APR18CHWMON-CHW,68,1352,67,1212,66,750,65,739,64,818,70,1,71,268,72,3154,73,1810,74,589,69.0
2026-04-18 12:43:18 AM,KXWTACHALLENGERMATCH-26APR18CHWMON-CHW,68,1352,67,1212,66,743,65,739,64,818,70,1,71,268,72,3154,73,1810,74,589,69.0
2026-04-18 12:43:18 AM,KXWTACHALLENGERMATCH-26APR18CHWMON-CHW,68,1352,67,1212,66,750,65,739,64,818,70,1,71,268,72,3154,73,1810,74,589,69.0
2026-04-18 12:44:04 AM,KXWTACHALLENGERMATCH-26APR18CHWMON-CHW,68,1352,67,1212,66,750,65,739,64,818,70,1,71,268,72,922,73,1810,74,589,69.0
2026-04-18 12:44:04 AM,KXWTACHALLENGERMATCH-26APR18CHWMON-CHW,68,1352,67,1212,66,750,65,739,64,818,70,1,71,268,72,3154,73,1810,74,589,69.0
2026-04-18 12:44:04 AM,KXWTACHALLENGERMATCH-26APR18CHWMON-CHW,68,1352,67,1212,66,750,65,789,64,818,70,1,71,268,72,3154,73,1810,74,589,69.0
2026-04-18 12:45:50 AM,KXWTACHALLENGERMATCH-26APR18CHWMON-CHW,68,1352,67,1212,66,750,65,339,64,818,70,1,71,268,72,3154,73,1810,74,589,69.0
2026-04-18 12:46:07 AM,KXWTACHALLENGERMATCH-26APR18CHWMON-CHW,68,1352,67,1212,66,750,65,339,64,818,70,1,71,268,72,922,73,1810,74,589,69.0
2026-04-18 12:46:07 AM,KXWTACHALLENGERMATCH-26APR18CHWMON-CHW,68,1352,67,1212,66,750,65,339,64,818,70,1,71,268,72,3154,73,1810,74,589,69.0
2026-04-18 12:46:59 AM,KXWTACHALLENGERMATCH-26APR18CHWMON-CHW,68,1352,67,1212,66,750,65,289,64,818,70,1,71,268,72,3154,73,1810,74,589,69.0
2026-04-18 12:48:07 AM,KXWTACHALLENGERMATCH-26APR18CHWMON-CHW,68,1352,67,1212,66,750,65,289,64,818,70,1,71,268,72,922,73,1810,74,589,69.0
2026-04-18 12:48:07 AM,KXWTACHALLENGERMATCH-26APR18CHWMON-CHW,68,1352,67,1212,66,750,65,289,64,818,70,1,71,268,72,3154,73,1810,74,589,69.0
2026-04-18 12:49:38 AM,KXWTACHALLENGERMATCH-26APR18CHWMON-CHW,68,1352,67,1212,66,743,65,289,64,818,70,1,71,268,72,3154,73,1810,74,589,69.0
2026-04-18 12:50:19 AM,KXWTACHALLENGERMATCH-26APR18CHWMON-CHW,68,1352,67,1212,66,743,65,289,64,818,70,1,71,268,72,922,73,1810,74,589,69.0
2026-04-18 12:50:19 AM,KXWTACHALLENGERMATCH-26APR18CHWMON-CHW,68,1352,67,1212,66,743,65,289,64,818,70,1,71,268,72,3154,73,1810,74,589,69.0
2026-04-18 12:52:29 AM,KXWTACHALLENGERMATCH-26APR18CHWMON-CHW,68,1352,67,1212,66,743,65,289,64,818,70,1,71,268,72,922,73,1810,74,589,69.0
2026-04-18 12:52:29 AM,KXWTACHALLENGERMATCH-26APR18CHWMON-CHW,68,1352,67,1212,66,743,65,289,64,818,70,1,71,268,72,3154,73,1810,74,589,69.0
2026-04-18 12:54:01 AM,KXWTACHALLENGERMATCH-26APR18CHWMON-CHW,68,1352,67,1212,66,743,65,289,64,818,70,1,71,268,72,922,73,1810,74,589,69.0
2026-04-18 12:54:01 AM,KXWTACHALLENGERMATCH-26APR18CHWMON-CHW,68,1352,67,1212,66,743,65,289,64,818,70,1,71,268,72,3154,73,1810,74,589,69.0
2026-04-18 12:55:43 AM,KXWTACHALLENGERMATCH-26APR18CHWMON-CHW,68,1352,67,1212,66,743,65,289,64,818,70,1,71,268,72,922,73,1810,74,589,69.0
2026-04-18 12:55:43 AM,KXWTACHALLENGERMATCH-26APR18CHWMON-CHW,68,1352,67,1212,66,743,65,289,64,818,70,1,71,268,72,3154,73,1810,74,589,69.0
2026-04-18 12:57:46 AM,KXWTACHALLENGERMATCH-26APR18CHWMON-CHW,68,1352,67,1212,66,743,65,289,64,818,70,1,71,268,72,922,73,1810,74,589,69.0
2026-04-18 12:57:46 AM,KXWTACHALLENGERMATCH-26APR18CHWMON-CHW,68,1352,67,1212,66,743,65,289,64,818,70,1,71,268,72,3154,73,1810,74,589,69.0
2026-04-18 12:59:12 AM,KXWTACHALLENGERMATCH-26APR18CHWMON-CHW,68,1352,67,1212,66,743,65,289,64,818,70,1,71,31,72,3154,73,1810,74,589,69.0
2026-04-18 12:59:12 AM,KXWTACHALLENGERMATCH-26APR18CHWMON-CHW,68,1352,67,1212,66,743,65,289,64,818,70,1,71,1,72,3154,73,1810,74,589,69.0
2026-04-18 12:59:12 AM,KXWTACHALLENGERMATCH-26APR18CHWMON-CHW,68,1352,67,1212,66,743,65,289,64,818,70,1,71,1,72,3154,73,1853,74,589,69.0
2026-04-18 12:59:12 AM,KXWTACHALLENGERMATCH-26APR18CHWMON-CHW,68,1352,67,1212,66,743,65,289,64,818,70,1,71,1,72,3111,73,1853,74,589,69.0
2026-04-18 12:59:12 AM,KXWTACHALLENGERMATCH-26APR18CHWMON-CHW,68,1681,67,1212,66,743,65,289,64,818,70,1,71,1,72,3111,73,1853,74,589,69.0
2026-04-18 12:59:12 AM,KXWTACHALLENGERMATCH-26APR18CHWMON-CHW,68,1681,67,1212,66,743,65,1,64,818,70,1,71,1,72,3111,73,1853,74,589,69.0
2026-04-18 12:59:12 AM,KXWTACHALLENGERMATCH-26APR18CHWMON-CHW,68,1681,67,1212,66,743,65,1,64,401,70,1,71,1,72,3111,73,1853,74,589,69.0
2026-04-18 12:59:13 AM,KXWTACHALLENGERMATCH-26APR18CHWMON-CHW,68,1681,67,1212,66,743,65,1,64,401,70,1,71,59,72,3111,73,1853,74,589,69.0
2026-04-18 12:59:13 AM,KXWTACHALLENGERMATCH-26APR18CHWMON-CHW,68,1704,67,1212,66,743,65,1,64,401,70,1,71,59,72,3111,73,1853,74,589,69.0
2026-04-18 12:59:13 AM,KXWTACHALLENGERMATCH-26APR18CHWMON-CHW,68,1704,67,1212,66,713,65,1,64,401,70,1,71,59,72,3111,73,1853,74,589,69.0
2026-04-18 12:59:13 AM,KXWTACHALLENGERMATCH-26APR18CHWMON-CHW,68,1704,67,1212,66,713,65,1,64,401,70,1,71,59,72,3136,73,1853,74,589,69.0
2026-04-18 12:59:13 AM,KXWTACHALLENGERMATCH-26APR18CHWMON-CHW,68,1704,67,1212,66,713,65,1,64,401,70,1,71,59,72,3136,73,1810,74,589,69.0
2026-04-18 12:59:13 AM,KXWTACHALLENGERMATCH-26APR18CHWMON-CHW,68,1704,67,1212,66,713,65,1,64,401,70,1,71,84,72,3136,73,1810,74,589,69.0
2026-04-18 12:59:13 AM,KXWTACHALLENGERMATCH-26APR18CHWMON-CHW,68,1704,67,1212,66,713,65,1,64,401,70,1,71,84,72,3151,73,1810,74,589,69.0
2026-04-18 12:59:16 AM,KXWTACHALLENGERMATCH-26APR18CHWMON-CHW,68,1704,67,1212,66,713,65,1,64,401,70,1,71,84,72,919,73,1810,74,589,69.0
2026-04-18 12:59:16 AM,KXWTACHALLENGERMATCH-26APR18CHWMON-CHW,68,1704,67,1212,66,713,65,1,64,401,70,1,71,84,72,3151,73,1810,74,589,69.0
2026-04-18 12:59:21 AM,KXWTACHALLENGERMATCH-26APR18CHWMON-CHW,68,1704,67,1212,66,713,65,1,64,401,70,1,71,26,72,3151,73,1810,74,589,69.0
2026-04-18 12:59:21 AM,KXWTACHALLENGERMATCH-26APR18CHWMON-CHW,68,1704,67,1212,66,713,65,1,64,401,70,1,71,1,72,3151,73,1810,74,589,69.0
2026-04-18 12:59:21 AM,KXWTACHALLENGERMATCH-26APR18CHWMON-CHW,68,1704,67,1212,66,713,65,1,64,401,70,1,71,1,72,3126,73,1810,74,589,69.0
2026-04-18 12:59:21 AM,KXWTACHALLENGERMATCH-26APR18CHWMON-CHW,68,1704,67,1212,66,713,65,1,64,401,70,1,71,1,72,3126,73,1853,74,589,69.0
2026-04-18 12:59:22 AM,KXWTACHALLENGERMATCH-26APR18CHWMON-CHW,68,1704,67,1212,66,713,65,1,64,401,70,1,71,1,72,3136,73,1853,74,589,69.0
2026-04-18 01:00:04 AM,KXWTACHALLENGERMATCH-26APR18CHWMON-CHW,69,628,68,1704,67,1212,66,713,65,1,70,1,71,1,72,3136,73,1853,74,589,69.5
2026-04-18 01:00:06 AM,KXWTACHALLENGERMATCH-26APR18CHWMON-CHW,69,1515,68,1704,67,1212,66,713,65,1,70,1,71,1,72,3136,73,1853,74,589,69.5
2026-04-18 01:00:06 AM,KXWTACHALLENGERMATCH-26APR18CHWMON-CHW,69,1515,68,1704,67,1212,66,713,65,401,70,1,71,1,72,3136,73,1853,74,589,69.5
2026-04-18 01:00:07 AM,KXWTACHALLENGERMATCH-26APR18CHWMON-CHW,69,1515,68,824,67,1212,66,713,65,401,70,1,71,1,72,3136,73,1853,74,589,69.5
2026-04-18 01:00:45 AM,KXWTACHALLENGERMATCH-26APR18CHWMON-CHW,69,1515,68,824,67,1212,66,713,65,451,70,1,71,1,72,3136,73,1853,74,589,69.5
2026-04-18 01:01:33 AM,KXWTACHALLENGERMATCH-26APR18CHWMON-CHW,69,1515,68,824,67,1212,66,713,65,451,70,1,71,1,72,904,73,1853,74,589,69.5
2026-04-18 01:01:33 AM,KXWTACHALLENGERMATCH-26APR18CHWMON-CHW,69,1515,68,824,67,1212,66,713,65,451,70,1,71,1,72,3136,73,1853,74,589,69.5
2026-04-18 01:01:33 AM,KXWTACHALLENGERMATCH-26APR18CHWMON-CHW,69,1515,68,824,67,1212,66,713,65,651,70,1,71,1,72,3136,73,1853,74,589,69.5
2026-04-18 01:02:33 AM,KXWTACHALLENGERMATCH-26APR18CHWMON-CHW,69,1515,68,824,67,1212,66,748,65,651,70,1,71,1,72,3136,73,1853,74,589,69.5
2026-04-18 01:02:42 AM,KXWTACHALLENGERMATCH-26APR18CHWMON-CHW,69,1515,68,824,67,1212,66,748,65,451,70,1,71,1,72,3136,73,1853,74,589,69.5
2026-04-18 01:03:04 AM,KXWTACHALLENGERMATCH-26APR18CHWMON-CHW,69,1515,68,824,67,1212,66,748,65,51,70,1,71,1,72,3136,73,1853,74,589,69.5
2026-04-18 01:03:29 AM,KXWTACHALLENGERMATCH-26APR18CHWMON-CHW,69,1515,68,824,67,1212,66,748,65,1,70,1,71,1,72,3136,73,1853,74,589,69.5
2026-04-18 01:03:48 AM,KXWTACHALLENGERMATCH-26APR18CHWMON-CHW,69,1515,68,824,67,1212,66,748,65,1,70,1,71,1,72,904,73,1853,74,589,69.5
2026-04-18 01:03:48 AM,KXWTACHALLENGERMATCH-26APR18CHWMON-CHW,69,1515,68,824,67,1212,66,748,65,1,70,1,71,1,72,3136,73,1853,74,589,69.5
2026-04-18 01:04:06 AM,KXWTACHALLENGERMATCH-26APR18CHWMON-CHW,71,1,69,1515,68,824,67,1212,66,748,70,1,71,1,72,3136,73,1853,74,589,70.5
2026-04-18 01:05:21 AM,KXWTACHALLENGERMATCH-26APR18CHWMON-CHW,71,1,69,1515,68,824,67,1212,66,748,70,1,71,1,72,904,73,1853,74,589,70.5
2026-04-18 01:05:21 AM,KXWTACHALLENGERMATCH-26APR18CHWMON-CHW,71,1,69,1515,68,824,67,1212,66,748,70,1,71,1,72,3136,73,1853,74,589,70.5
2026-04-18 01:05:38 AM,KXWTACHALLENGERMATCH-26APR18CHWMON-CHW,71,1,69,1515,68,824,67,1222,66,748,70,1,71,1,72,3136,73,1853,74,589,70.5
2026-04-18 01:06:32 AM,KXWTACHALLENGERMATCH-26APR18CHWMON-CHW,71,1,69,1515,68,824,67,1222,66,713,70,1,71,1,72,3136,73,1853,74,589,70.5
2026-04-18 01:07:08 AM,KXWTACHALLENGERMATCH-26APR18CHWMON-CHW,71,1,69,1515,68,824,67,1222,66,713,70,1,71,1,72,3000,73,1853,74,589,70.5
2026-04-18 01:07:28 AM,KXWTACHALLENGERMATCH-26APR18CHWMON-CHW,71,1,69,1515,68,824,67,1222,66,713,70,1,71,1,72,768,73,1853,74,589,70.5
2026-04-18 01:07:28 AM,KXWTACHALLENGERMATCH-26APR18CHWMON-CHW,71,1,69,1515,68,824,67,1222,66,713,70,1,71,1,72,3000,73,1853,74,589,70.5
2026-04-18 01:09:23 AM,KXWTACHALLENGERMATCH-26APR18CHWMON-CHW,71,1,69,1515,68,824,67,1222,66,713,70,1,71,1,72,768,73,1853,74,589,70.5
2026-04-18 01:09:23 AM,KXWTACHALLENGERMATCH-26APR18CHWMON-CHW,71,1,69,1515,68,824,67,1222,66,713,70,1,71,1,72,3000,73,1853,74,589,70.5
2026-04-18 01:10:44 AM,KXWTACHALLENGERMATCH-26APR18CHWMON-CHW,71,1,69,1515,68,824,67,1222,66,748,70,1,71,1,72,3000,73,1853,74,589,70.5
2026-04-18 01:11:00 AM,KXWTACHALLENGERMATCH-26APR18CHWMON-CHW,71,1,69,1515,68,824,67,1222,66,748,70,1,71,1,72,768,73,1853,74,589,70.5
2026-04-18 01:11:00 AM,KXWTACHALLENGERMATCH-26APR18CHWMON-CHW,71,1,69,1515,68,824,67,1222,66,748,70,1,71,1,72,3000,73,1853,74,589,70.5
2026-04-18 01:11:00 AM,KXWTACHALLENGERMATCH-26APR18CHWMON-CHW,71,1,69,1515,68,824,67,1222,66,713,70,1,71,1,72,3000,73,1853,74,589,70.5
2026-04-18 01:11:00 AM,KXWTACHALLENGERMATCH-26APR18CHWMON-CHW,71,1,70,35,69,1515,68,824,67,1222,70,1,71,1,72,3000,73,1853,74,589,70.5
2026-04-18 01:11:00 AM,KXWTACHALLENGERMATCH-26APR18CHWMON-CHW,71,1,69,1515,68,824,67,1222,66,713,70,1,71,1,72,3000,73,1853,74,589,70.5
2026-04-18 01:11:00 AM,KXWTACHALLENGERMATCH-26APR18CHWMON-CHW,71,1,69,1515,68,824,67,1222,66,748,70,1,71,1,72,3000,73,1853,74,589,70.5
2026-04-18 01:12:06 AM,KXWTACHALLENGERMATCH-26APR18CHWMON-CHW,71,1,69,1515,68,824,67,1222,66,748,72,3000,73,1853,74,589,77,895,78,35,71.5
2026-04-18 01:12:54 AM,KXWTACHALLENGERMATCH-26APR18CHWMON-CHW,71,1,69,1515,68,824,67,1222,66,748,72,768,73,1853,74,589,77,895,78,35,71.5
2026-04-18 01:12:54 AM,KXWTACHALLENGERMATCH-26APR18CHWMON-CHW,71,1,69,1515,68,824,67,1222,66,748,72,3000,73,1853,74,589,77,895,78,35,71.5
2026-04-18 01:12:54 AM,KXWTACHALLENGERMATCH-26APR18CHWMON-CHW,71,1,69,1515,68,824,67,1222,66,713,72,3000,73,1853,74,589,77,895,78,35,71.5
2026-04-18 01:12:54 AM,KXWTACHALLENGERMATCH-26APR18CHWMON-CHW,71,1,70,35,69,1515,68,824,67,1222,72,3000,73,1853,74,589,77,895,78,35,71.5
2026-04-18 01:12:54 AM,KXWTACHALLENGERMATCH-26APR18CHWMON-CHW,71,1,69,1515,68,824,67,1222,66,713,72,3000,73,1853,74,589,77,895,78,35,71.5
2026-04-18 01:12:54 AM,KXWTACHALLENGERMATCH-26APR18CHWMON-CHW,71,1,69,1515,68,824,67,1222,66,748,72,3000,73,1853,74,589,77,895,78,35,71.5
2026-04-18 01:13:15 AM,KXWTACHALLENGERMATCH-26APR18CHWMON-CHW,71,1,69,1515,68,824,67,1222,66,748,72,3000,73,1853,74,589,77,673,78,35,71.5
2026-04-18 01:13:31 AM,KXWTACHALLENGERMATCH-26APR18CHWMON-CHW,71,1,69,1515,68,824,67,1222,66,748,72,3000,73,1853,74,589,78,35,81,1,71.5
2026-04-18 01:14:35 AM,KXWTACHALLENGERMATCH-26APR18CHWMON-CHW,71,1,69,1515,68,824,67,1222,66,748,72,3000,73,1853,74,589,81,1,86,351,71.5
2026-04-18 01:14:35 AM,KXWTACHALLENGERMATCH-26APR18CHWMON-CHW,71,1,69,1515,68,824,67,1222,66,713,72,3000,73,1853,74,589,81,1,86,351,71.5
2026-04-18 01:15:22 AM,KXWTACHALLENGERMATCH-26APR18CHWMON-CHW,71,1,69,1515,68,824,67,1222,66,713,72,768,73,1853,74,589,81,1,86,351,71.5
2026-04-18 01:15:22 AM,KXWTACHALLENGERMATCH-26APR18CHWMON-CHW,71,1,69,1515,68,824,67,1222,66,713,72,3000,73,1853,74,589,81,1,86,351,71.5
2026-04-18 01:17:13 AM,KXWTACHALLENGERMATCH-26APR18CHWMON-CHW,71,1,69,1515,68,824,67,1222,66,713,72,768,73,1853,74,589,81,1,86,351,71.5
2026-04-18 01:17:13 AM,KXWTACHALLENGERMATCH-26APR18CHWMON-CHW,71,1,69,1515,68,824,67,1222,66,713,72,3000,73,1853,74,589,81,1,86,351,71.5
2026-04-18 01:17:29 AM,KXWTACHALLENGERMATCH-26APR18CHWMON-CHW,71,1,69,1515,68,824,67,1222,66,713,72,3000,73,1853,74,589,81,1,86,351,71.5
2026-04-18 01:18:56 AM,KXWTACHALLENGERMATCH-26APR18CHWMON-CHW,71,1,69,1515,68,824,67,1222,66,713,72,768,73,1853,74,589,81,1,86,351,71.5
2026-04-18 01:18:56 AM,KXWTACHALLENGERMATCH-26APR18CHWMON-CHW,71,1,69,1515,68,824,67,1222,66,713,72,3000,73,1853,74,589,81,1,86,351,71.5
2026-04-18 01:20:57 AM,KXWTACHALLENGERMATCH-26APR18CHWMON-CHW,71,1,69,1515,68,824,67,1222,66,713,72,768,73,1853,74,589,81,1,86,351,71.5
2026-04-18 01:20:57 AM,KXWTACHALLENGERMATCH-26APR18CHWMON-CHW,71,1,69,1515,68,824,67,1222,66,713,72,3000,73,1853,74,589,81,1,86,351,71.5
2026-04-18 01:22:31 AM,KXWTACHALLENGERMATCH-26APR18CHWMON-CHW,71,1,69,1515,68,824,67,1222,66,713,72,768,73,1853,74,589,81,1,86,351,71.5
2026-04-18 01:22:31 AM,KXWTACHALLENGERMATCH-26APR18CHWMON-CHW,71,1,69,1515,68,824,67,1222,66,713,72,3000,73,1853,74,589,81,1,86,351,71.5
2026-04-18 01:24:16 AM,KXWTACHALLENGERMATCH-26APR18CHWMON-CHW,71,1,69,1515,68,824,67,1222,66,713,72,768,73,1853,74,589,81,1,86,351,71.5
2026-04-18 01:24:16 AM,KXWTACHALLENGERMATCH-26APR18CHWMON-CHW,71,1,69,1515,68,824,67,1222,66,713,72,3000,73,1853,74,589,81,1,86,351,71.5
2026-04-18 01:26:39 AM,KXWTACHALLENGERMATCH-26APR18CHWMON-CHW,71,1,69,1515,68,824,67,1222,66,713,72,768,73,1853,74,589,81,1,86,351,71.5
2026-04-18 01:26:39 AM,KXWTACHALLENGERMATCH-26APR18CHWMON-CHW,71,1,69,1515,68,824,67,1222,66,713,72,3000,73,1853,74,589,81,1,86,351,71.5
2026-04-18 01:28:23 AM,KXWTACHALLENGERMATCH-26APR18CHWMON-CHW,71,1,69,1515,68,824,67,1222,66,713,72,768,73,1853,74,589,81,1,86,351,71.5
2026-04-18 01:28:23 AM,KXWTACHALLENGERMATCH-26APR18CHWMON-CHW,71,1,69,1515,68,824,67,1222,66,713,72,3000,73,1853,74,589,81,1,86,351,71.5
2026-04-18 01:30:03 AM,KXWTACHALLENGERMATCH-26APR18CHWMON-CHW,69,1515,68,824,67,1222,66,713,65,451,72,3000,73,1853,74,589,81,1,86,351,70.5
2026-04-18 01:30:03 AM,KXWTACHALLENGERMATCH-26APR18CHWMON-CHW,69,1208,68,824,67,1222,66,713,65,451,72,3000,73,1853,74,589,81,1,86,351,70.5
2026-04-18 01:30:16 AM,KXWTACHALLENGERMATCH-26APR18CHWMON-CHW,69,1208,68,824,67,1222,66,713,65,451,72,768,73,1853,74,589,81,1,86,351,70.5
2026-04-18 01:30:16 AM,KXWTACHALLENGERMATCH-26APR18CHWMON-CHW,69,1208,68,824,67,1222,66,713,65,451,72,3000,73,1853,74,589,81,1,86,351,70.5
2026-04-18 01:30:41 AM,KXWTACHALLENGERMATCH-26APR18CHWMON-CHW,69,1208,68,824,67,1222,66,713,65,451,72,3000,73,1853,74,589,78,35,81,1,70.5
2026-04-18 01:30:41 AM,KXWTACHALLENGERMATCH-26APR18CHWMON-CHW,69,1208,68,824,67,1222,66,748,65,451,72,3000,73,1853,74,589,78,35,81,1,70.5
2026-04-18 01:30:46 AM,KXWTACHALLENGERMATCH-26APR18CHWMON-CHW,69,1208,68,824,67,1222,66,748,65,1,72,3000,73,1853,74,589,78,35,81,1,70.5
2026-04-18 01:30:46 AM,KXWTACHALLENGERMATCH-26APR18CHWMON-CHW,69,1208,68,824,67,1222,66,713,65,1,72,3000,73,1853,74,589,78,35,81,1,70.5
2026-04-18 01:32:01 AM,KXWTACHALLENGERMATCH-26APR18CHWMON-CHW,69,1208,68,824,67,1222,66,713,65,1,72,768,73,1853,74,589,78,35,81,1,70.5
2026-04-18 01:32:01 AM,KXWTACHALLENGERMATCH-26APR18CHWMON-CHW,69,1208,68,824,67,1222,66,713,65,1,72,3000,73,1853,74,589,78,35,81,1,70.5
2026-04-18 01:32:01 AM,KXWTACHALLENGERMATCH-26APR18CHWMON-CHW,69,1208,68,824,67,1222,66,713,65,1,72,3000,73,1853,74,589,81,1,86,351,70.5
2026-04-18 01:32:01 AM,KXWTACHALLENGERMATCH-26APR18CHWMON-CHW,69,1208,68,824,67,1222,66,713,65,1,72,3000,73,1853,74,589,80,35,81,1,70.5
2026-04-18 01:32:02 AM,KXWTACHALLENGERMATCH-26APR18CHWMON-CHW,69,1208,68,824,67,1222,66,713,65,1,72,3000,73,1853,74,589,81,1,86,351,70.5
2026-04-18 01:32:02 AM,KXWTACHALLENGERMATCH-26APR18CHWMON-CHW,69,1208,68,824,67,1222,66,713,65,1,72,3000,73,1853,74,589,78,35,81,1,70.5
2026-04-18 01:33:46 AM,KXWTACHALLENGERMATCH-26APR18CHWMON-CHW,69,1208,68,824,67,1222,66,713,65,101,72,3000,73,1853,74,589,78,35,81,1,70.5
2026-04-18 01:33:46 AM,KXWTACHALLENGERMATCH-26APR18CHWMON-CHW,69,1208,68,824,67,1222,66,748,65,101,72,3000,73,1853,74,589,78,35,81,1,70.5
2026-04-18 01:33:48 AM,KXWTACHALLENGERMATCH-26APR18CHWMON-CHW,69,1208,68,1043,67,1222,66,748,65,101,72,3000,73,1853,74,589,78,35,81,1,70.5
2026-04-18 01:33:48 AM,KXWTACHALLENGERMATCH-26APR18CHWMON-CHW,69,1208,68,1043,67,1197,66,748,65,101,72,3000,73,1853,74,589,78,35,81,1,70.5
2026-04-18 01:33:48 AM,KXWTACHALLENGERMATCH-26APR18CHWMON-CHW,69,1233,68,1043,67,1197,66,748,65,101,72,3000,73,1853,74,589,78,35,81,1,70.5
2026-04-18 01:34:02 AM,KXWTACHALLENGERMATCH-26APR18CHWMON-CHW,69,1233,68,1043,67,1197,66,748,65,151,72,3000,73,1853,74,589,78,35,81,1,70.5
2026-04-18 01:34:15 AM,KXWTACHALLENGERMATCH-26APR18CHWMON-CHW,69,1233,68,1043,67,1197,66,748,65,151,72,768,73,1853,74,589,78,35,81,1,70.5
2026-04-18 01:34:15 AM,KXWTACHALLENGERMATCH-26APR18CHWMON-CHW,69,1233,68,1043,67,1197,66,748,65,151,72,3000,73,1853,74,589,78,35,81,1,70.5
2026-04-18 01:34:15 AM,KXWTACHALLENGERMATCH-26APR18CHWMON-CHW,69,1233,68,1043,67,1197,66,748,65,151,72,3000,73,1853,74,589,81,1,85,100,70.5
2026-04-18 01:34:15 AM,KXWTACHALLENGERMATCH-26APR18CHWMON-CHW,69,1233,68,1043,67,1197,66,748,65,151,72,3000,73,1853,74,589,80,35,81,1,70.5
2026-04-18 01:34:16 AM,KXWTACHALLENGERMATCH-26APR18CHWMON-CHW,69,1233,68,1043,67,1197,66,748,65,151,72,3000,73,1853,74,589,81,1,85,100,70.5
2026-04-18 01:34:16 AM,KXWTACHALLENGERMATCH-26APR18CHWMON-CHW,69,1233,68,1043,67,1197,66,748,65,151,72,3000,73,1853,74,589,78,35,81,1,70.5
2026-04-18 01:34:50 AM,KXWTACHALLENGERMATCH-26APR18CHWMON-CHW,69,1233,68,1043,67,1197,66,748,65,151,72,3000,73,1853,74,589,77,673,78,35,70.5
2026-04-18 01:35:54 AM,KXWTACHALLENGERMATCH-26APR18CHWMON-CHW,69,1233,68,1043,67,1197,66,748,65,601,72,3000,73,1853,74,589,77,673,78,35,70.5
2026-04-18 01:36:13 AM,KXWTACHALLENGERMATCH-26APR18CHWMON-CHW,69,1233,68,1043,67,1197,66,748,65,151,72,3000,73,1853,74,589,77,673,78,35,70.5
2026-04-18 01:36:14 AM,KXWTACHALLENGERMATCH-26APR18CHWMON-CHW,69,1233,68,1043,67,1197,66,848,65,151,72,3000,73,1853,74,589,77,673,78,35,70.5
2026-04-18 01:36:27 AM,KXWTACHALLENGERMATCH-26APR18CHWMON-CHW,69,1233,68,1043,67,1197,66,848,65,51,72,3000,73,1853,74,589,77,673,78,35,70.5
2026-04-18 01:36:27 AM,KXWTACHALLENGERMATCH-26APR18CHWMON-CHW,69,1233,68,1043,67,1197,66,848,65,51,72,768,73,1853,74,589,77,673,78,35,70.5
2026-04-18 01:36:27 AM,KXWTACHALLENGERMATCH-26APR18CHWMON-CHW,69,1233,68,1043,67,1197,66,848,65,51,72,3000,73,1853,74,589,77,673,78,35,70.5
2026-04-18 01:36:34 AM,KXWTACHALLENGERMATCH-26APR18CHWMON-CHW,69,1233,68,1043,67,1197,66,898,65,51,72,3000,73,1853,74,589,77,673,78,35,70.5
2026-04-18 01:36:58 AM,KXWTACHALLENGERMATCH-26APR18CHWMON-CHW,69,1233,68,1043,67,1197,66,898,65,1,72,3000,73,1853,74,589,77,673,78,35,70.5
2026-04-18 01:38:01 AM,KXWTACHALLENGERMATCH-26APR18CHWMON-CHW,69,1233,68,1043,67,1197,66,898,65,1,72,768,73,1853,74,589,77,673,78,35,70.5
2026-04-18 01:38:01 AM,KXWTACHALLENGERMATCH-26APR18CHWMON-CHW,69,1233,68,1043,67,1197,66,898,65,1,72,3000,73,1853,74,589,77,673,78,35,70.5
2026-04-18 01:38:10 AM,KXWTACHALLENGERMATCH-26APR18CHWMON-CHW,69,1233,68,1043,67,1197,66,898,65,1,72,2999,73,1853,74,589,77,673,78,35,70.5
2026-04-18 01:38:38 AM,KXWTACHALLENGERMATCH-26APR18CHWMON-CHW,69,1233,68,1043,67,1197,66,898,65,1,72,2999,73,1853,74,589,77,673,81,1,70.5
2026-04-18 01:38:38 AM,KXWTACHALLENGERMATCH-26APR18CHWMON-CHW,69,1233,68,1043,67,1197,66,863,65,1,72,2999,73,1853,74,589,77,673,81,1,70.5
2026-04-18 01:39:11 AM,KXWTACHALLENGERMATCH-26APR18CHWMON-CHW,69,1233,68,1043,67,1197,66,763,65,1,72,2999,73,1853,74,589,77,673,81,1,70.5
2026-04-18 01:39:17 AM,KXWTACHALLENGERMATCH-26APR18CHWMON-CHW,69,1233,68,1043,67,1197,66,713,65,1,72,2999,73,1853,74,589,77,673,81,1,70.5
2026-04-18 01:39:53 AM,KXWTACHALLENGERMATCH-26APR18CHWMON-CHW,69,1233,68,1043,67,1197,66,713,65,1,72,767,73,1853,74,589,77,673,81,1,70.5
2026-04-18 01:39:53 AM,KXWTACHALLENGERMATCH-26APR18CHWMON-CHW,69,1233,68,1043,67,1197,66,713,65,1,72,2999,73,1853,74,589,77,673,81,1,70.5
2026-04-18 01:42:01 AM,KXWTACHALLENGERMATCH-26APR18CHWMON-CHW,69,1233,68,1043,67,1197,66,713,65,1,72,767,73,1853,74,589,77,673,81,1,70.5
2026-04-18 01:42:01 AM,KXWTACHALLENGERMATCH-26APR18CHWMON-CHW,69,1233,68,1043,67,1197,66,713,65,1,72,2999,73,1853,74,589,77,673,81,1,70.5
2026-04-18 01:42:41 AM,KXWTACHALLENGERMATCH-26APR18CHWMON-CHW,69,346,68,1043,67,1197,66,713,65,1,72,2999,73,1853,74,589,77,673,81,1,70.5
2026-04-18 01:42:41 AM,KXWTACHALLENGERMATCH-26APR18CHWMON-CHW,69,346,68,1930,67,1197,66,713,65,1,72,2999,73,1853,74,589,77,673,81,1,70.5
2026-04-18 01:43:27 AM,KXWTACHALLENGERMATCH-26APR18CHWMON-CHW,69,346,68,1930,67,1197,66,713,65,1,72,3886,73,1853,74,589,77,673,81,1,70.5
2026-04-18 01:43:28 AM,KXWTACHALLENGERMATCH-26APR18CHWMON-CHW,69,346,68,1930,67,1197,66,713,65,1,72,3886,73,971,74,589,77,673,81,1,70.5
2026-04-18 01:43:33 AM,KXWTACHALLENGERMATCH-26APR18CHWMON-CHW,69,346,68,1930,67,1197,66,713,65,1,72,2999,73,971,74,589,77,673,81,1,70.5
2026-04-18 01:43:38 AM,KXWTACHALLENGERMATCH-26APR18CHWMON-CHW,69,346,68,1930,67,1197,66,713,65,1,72,2999,73,1858,74,589,77,673,81,1,70.5
2026-04-18 01:44:07 AM,KXWTACHALLENGERMATCH-26APR18CHWMON-CHW,69,346,68,1930,67,1197,66,713,65,1,72,767,73,1858,74,589,77,673,81,1,70.5
2026-04-18 01:44:07 AM,KXWTACHALLENGERMATCH-26APR18CHWMON-CHW,69,346,68,1930,67,1197,66,713,65,1,72,2999,73,1858,74,589,77,673,81,1,70.5
2026-04-18 01:44:47 AM,KXWTACHALLENGERMATCH-26APR18CHWMON-CHW,69,346,68,1043,67,1197,66,713,65,1,72,2999,73,1858,74,589,77,673,81,1,70.5
2026-04-18 01:45:20 AM,KXWTACHALLENGERMATCH-26APR18CHWMON-CHW,69,346,68,1043,67,1197,66,713,65,1,72,2980,73,1858,74,589,77,673,81,1,70.5
2026-04-18 01:45:25 AM,KXWTACHALLENGERMATCH-26APR18CHWMON-CHW,69,346,68,1043,67,1197,66,713,65,1,72,2630,73,1858,74,589,77,673,81,1,70.5
2026-04-18 01:45:25 AM,KXWTACHALLENGERMATCH-26APR18CHWMON-CHW,69,346,68,1043,67,1197,66,713,65,1,72,2300,73,1858,74,589,77,673,81,1,70.5
2026-04-18 01:45:26 AM,KXWTACHALLENGERMATCH-26APR18CHWMON-CHW,69,726,68,1043,67,1197,66,713,65,1,72,2300,73,1858,74,589,77,673,81,1,70.5
2026-04-18 01:45:26 AM,KXWTACHALLENGERMATCH-26APR18CHWMON-CHW,69,726,68,1043,67,1197,66,713,65,1,72,2300,73,1858,74,589,77,315,81,1,70.5
2026-04-18 01:45:26 AM,KXWTACHALLENGERMATCH-26APR18CHWMON-CHW,69,726,68,1930,67,1197,66,713,65,1,72,2300,73,1858,74,589,77,315,81,1,70.5
2026-04-18 01:45:26 AM,KXWTACHALLENGERMATCH-26APR18CHWMON-CHW,69,726,68,1930,67,1197,66,713,65,1,72,2300,73,971,74,589,77,315,81,1,70.5
2026-04-18 01:45:26 AM,KXWTACHALLENGERMATCH-26APR18CHWMON-CHW,69,726,68,1930,67,1197,66,713,65,1,72,3187,73,971,74,589,77,315,81,1,70.5
2026-04-18 01:45:31 AM,KXWTACHALLENGERMATCH-26APR18CHWMON-CHW,69,726,68,1043,67,1197,66,713,65,1,72,3187,73,971,74,589,77,315,81,1,70.5
2026-04-18 01:45:31 AM,KXWTACHALLENGERMATCH-26APR18CHWMON-CHW,69,726,68,1043,67,1197,66,713,65,1,72,2300,73,971,74,589,77,315,81,1,70.5
2026-04-18 01:45:38 AM,KXWTACHALLENGERMATCH-26APR18CHWMON-CHW,69,726,68,1043,67,1197,66,713,65,1,72,2287,73,971,74,589,77,315,81,1,70.5
2026-04-18 01:45:38 AM,KXWTACHALLENGERMATCH-26APR18CHWMON-CHW,69,726,68,1930,67,1197,66,713,65,1,72,2287,73,971,74,589,77,315,81,1,70.5
2026-04-18 01:45:38 AM,KXWTACHALLENGERMATCH-26APR18CHWMON-CHW,69,726,68,1930,67,1197,66,713,65,1,72,2287,73,1858,74,589,77,315,81,1,70.5
2026-04-18 01:46:25 AM,KXWTACHALLENGERMATCH-26APR18CHWMON-CHW,69,726,68,1930,67,1197,66,713,65,1,72,55,73,1858,74,589,77,315,81,1,70.5
2026-04-18 01:46:25 AM,KXWTACHALLENGERMATCH-26APR18CHWMON-CHW,69,726,68,1930,67,1197,66,713,65,1,72,2287,73,1858,74,589,77,315,81,1,70.5
2026-04-18 01:46:42 AM,KXWTACHALLENGERMATCH-26APR18CHWMON-CHW,69,726,68,1930,67,1197,66,713,65,1,72,2287,73,1858,74,589,77,315,78,35,70.5
2026-04-18 01:46:42 AM,KXWTACHALLENGERMATCH-26APR18CHWMON-CHW,69,726,68,1930,67,1197,66,748,65,1,72,2287,73,1858,74,589,77,315,78,35,70.5
2026-04-18 01:48:01 AM,KXWTACHALLENGERMATCH-26APR18CHWMON-CHW,69,726,68,1930,67,1197,66,748,65,1751,72,2287,73,1858,74,589,77,315,78,35,70.5
2026-04-18 01:48:12 AM,KXWTACHALLENGERMATCH-26APR18CHWMON-CHW,69,726,68,1930,67,1197,66,748,65,1751,72,3174,73,1858,74,589,77,315,78,35,70.5
2026-04-18 01:48:13 AM,KXWTACHALLENGERMATCH-26APR18CHWMON-CHW,69,726,68,1930,67,1197,66,748,65,1751,72,3174,73,971,74,589,77,315,78,35,70.5
2026-04-18 01:48:13 AM,KXWTACHALLENGERMATCH-26APR18CHWMON-CHW,69,726,68,1930,67,1197,66,748,65,1751,72,2287,73,971,74,589,77,315,78,35,70.5
2026-04-18 01:48:23 AM,KXWTACHALLENGERMATCH-26APR18CHWMON-CHW,69,726,68,1930,67,1197,66,748,65,1751,72,2287,73,1858,74,589,77,315,78,35,70.5
2026-04-18 01:48:55 AM,KXWTACHALLENGERMATCH-26APR18CHWMON-CHW,69,726,68,1930,67,1197,66,748,65,1751,72,55,73,1858,74,589,77,315,78,35,70.5
2026-04-18 01:48:55 AM,KXWTACHALLENGERMATCH-26APR18CHWMON-CHW,69,726,68,1930,67,1197,66,748,65,1751,72,2287,73,1858,74,589,77,315,78,35,70.5
2026-04-18 01:48:55 AM,KXWTACHALLENGERMATCH-26APR18CHWMON-CHW,69,726,68,1930,67,1197,66,748,65,1751,72,2287,73,1858,74,589,77,315,81,1,70.5
2026-04-18 01:48:55 AM,KXWTACHALLENGERMATCH-26APR18CHWMON-CHW,69,726,68,1930,67,1197,66,748,65,1751,72,2322,73,1858,74,589,77,315,81,1,70.5
2026-04-18 01:48:55 AM,KXWTACHALLENGERMATCH-26APR18CHWMON-CHW,69,726,68,1930,67,1197,66,748,65,1751,72,2287,73,1858,74,589,77,315,81,1,70.5
2026-04-18 01:48:55 AM,KXWTACHALLENGERMATCH-26APR18CHWMON-CHW,69,726,68,1930,67,1197,66,748,65,1751,72,2287,73,1858,74,589,77,315,78,35,70.5
2026-04-18 01:49:35 AM,KXWTACHALLENGERMATCH-26APR18CHWMON-CHW,69,726,68,1930,67,1197,66,748,65,1,72,2287,73,1858,74,589,77,315,78,35,70.5
2026-04-18 01:49:39 AM,KXWTACHALLENGERMATCH-26APR18CHWMON-CHW,69,726,68,1930,67,1197,66,748,65,1701,72,2287,73,1858,74,589,77,315,78,35,70.5
2026-04-18 01:51:05 AM,KXWTACHALLENGERMATCH-26APR18CHWMON-CHW,69,726,68,1930,67,1197,66,748,65,1701,72,4519,73,1858,74,589,77,315,78,35,70.5
2026-04-18 01:51:05 AM,KXWTACHALLENGERMATCH-26APR18CHWMON-CHW,69,726,68,1930,67,1197,66,748,65,1701,72,2287,73,1858,74,589,77,315,78,35,70.5
2026-04-18 01:51:49 AM,KXWTACHALLENGERMATCH-26APR18CHWMON-CHW,69,726,68,1930,67,1197,66,748,65,1751,72,2287,73,1858,74,589,77,315,78,35,70.5
2026-04-18 01:52:23 AM,KXWTACHALLENGERMATCH-26APR18CHWMON-CHW,69,726,68,1930,67,1197,66,748,65,51,72,2287,73,1858,74,589,77,315,78,35,70.5
2026-04-18 01:52:24 AM,KXWTACHALLENGERMATCH-26APR18CHWMON-CHW,69,726,68,1930,67,1197,66,748,65,51,72,2286,73,1858,74,589,77,315,78,35,70.5
2026-04-18 01:53:22 AM,KXWTACHALLENGERMATCH-26APR18CHWMON-CHW,69,726,68,1930,67,1197,66,748,65,51,72,54,73,1858,74,589,77,315,78,35,70.5
2026-04-18 01:53:22 AM,KXWTACHALLENGERMATCH-26APR18CHWMON-CHW,69,726,68,1930,67,1197,66,748,65,51,72,2286,73,1858,74,589,77,315,78,35,70.5
2026-04-18 01:53:22 AM,KXWTACHALLENGERMATCH-26APR18CHWMON-CHW,69,726,68,1930,67,1197,66,748,65,51,72,2286,73,1858,74,589,77,315,81,1,70.5
2026-04-18 01:53:22 AM,KXWTACHALLENGERMATCH-26APR18CHWMON-CHW,69,726,68,1930,67,1197,66,748,65,51,72,2321,73,1858,74,589,77,315,81,1,70.5
2026-04-18 01:53:22 AM,KXWTACHALLENGERMATCH-26APR18CHWMON-CHW,69,726,68,1930,67,1197,66,748,65,51,72,2286,73,1858,74,589,77,315,81,1,70.5
2026-04-18 01:53:22 AM,KXWTACHALLENGERMATCH-26APR18CHWMON-CHW,69,726,68,1930,67,1197,66,748,65,51,72,2286,73,1858,74,589,77,315,78,35,70.5
2026-04-18 01:53:46 AM,KXWTACHALLENGERMATCH-26APR18CHWMON-CHW,69,726,68,1930,67,1197,66,748,65,51,72,3173,73,1858,74,589,77,315,78,35,70.5
2026-04-18 01:53:46 AM,KXWTACHALLENGERMATCH-26APR18CHWMON-CHW,69,726,68,1930,67,1197,66,748,65,1,72,3173,73,1858,74,589,77,315,78,35,70.5
2026-04-18 01:53:47 AM,KXWTACHALLENGERMATCH-26APR18CHWMON-CHW,69,726,68,1930,67,1197,66,748,65,1,72,3173,73,971,74,589,77,315,78,35,70.5
2026-04-18 01:53:47 AM,KXWTACHALLENGERMATCH-26APR18CHWMON-CHW,69,726,68,1930,67,1197,66,748,65,1,72,2286,73,971,74,589,77,315,78,35,70.5
2026-04-18 01:53:49 AM,KXWTACHALLENGERMATCH-26APR18CHWMON-CHW,69,726,68,1930,67,1197,66,748,65,1,72,54,73,971,74,589,77,315,78,35,70.5
2026-04-18 01:53:49 AM,KXWTACHALLENGERMATCH-26APR18CHWMON-CHW,69,726,68,1930,67,1197,66,748,65,1,72,2286,73,971,74,589,77,315,78,35,70.5
2026-04-18 01:53:49 AM,KXWTACHALLENGERMATCH-26APR18CHWMON-CHW,69,726,68,1930,67,1197,66,748,65,1,72,2286,73,971,74,589,77,315,81,1,70.5
2026-04-18 01:53:49 AM,KXWTACHALLENGERMATCH-26APR18CHWMON-CHW,69,726,68,1930,67,1197,66,748,65,1,72,2321,73,971,74,589,77,315,81,1,70.5
2026-04-18 01:53:49 AM,KXWTACHALLENGERMATCH-26APR18CHWMON-CHW,69,726,68,1930,67,1197,66,748,65,1,72,2286,73,971,74,589,77,315,81,1,70.5
2026-04-18 01:53:49 AM,KXWTACHALLENGERMATCH-26APR18CHWMON-CHW,69,726,68,1930,67,1197,66,748,65,1,72,2286,73,971,74,589,77,315,78,35,70.5
2026-04-18 01:53:51 AM,KXWTACHALLENGERMATCH-26APR18CHWMON-CHW,69,1613,68,1930,67,1197,66,748,65,1,72,2286,73,971,74,589,77,315,78,35,70.5
2026-04-18 01:53:52 AM,KXWTACHALLENGERMATCH-26APR18CHWMON-CHW,69,1613,68,1043,67,1197,66,748,65,1,72,2286,73,971,74,589,77,315,78,35,70.5
2026-04-18 01:53:54 AM,KXWTACHALLENGERMATCH-26APR18CHWMON-CHW,69,1613,68,1043,67,1197,66,748,65,1,72,2286,73,1858,74,589,77,315,78,35,70.5
2026-04-18 01:54:37 AM,KXWTACHALLENGERMATCH-26APR18CHWMON-CHW,69,1613,68,1043,67,1197,66,713,65,1,72,2286,73,1858,74,589,77,315,78,35,70.5
2026-04-18 01:54:37 AM,KXWTACHALLENGERMATCH-26APR18CHWMON-CHW,69,1613,68,1043,67,1197,66,713,65,1,72,2286,73,1858,74,589,77,315,81,1,70.5
2026-04-18 01:55:30 AM,KXWTACHALLENGERMATCH-26APR18CHWMON-CHW,69,1613,68,1043,67,1197,66,713,65,1,72,54,73,1858,74,589,77,315,81,1,70.5
2026-04-18 01:55:30 AM,KXWTACHALLENGERMATCH-26APR18CHWMON-CHW,69,1613,68,1043,67,1197,66,713,65,1,72,2286,73,1858,74,589,77,315,81,1,70.5
2026-04-18 01:57:43 AM,KXWTACHALLENGERMATCH-26APR18CHWMON-CHW,69,1613,68,1043,67,1197,66,713,65,1,72,54,73,1858,74,589,77,315,81,1,70.5
2026-04-18 01:57:43 AM,KXWTACHALLENGERMATCH-26APR18CHWMON-CHW,69,1613,68,1043,67,1197,66,713,65,1,72,2286,73,1858,74,589,77,315,81,1,70.5
2026-04-18 01:59:33 AM,KXWTACHALLENGERMATCH-26APR18CHWMON-CHW,69,1613,68,1043,67,1197,66,713,65,1,72,54,73,1858,74,589,77,315,81,1,70.5
2026-04-18 01:59:33 AM,KXWTACHALLENGERMATCH-26APR18CHWMON-CHW,69,1613,68,1043,67,1197,66,713,65,1,72,2286,73,1858,74,589,77,315,81,1,70.5
2026-04-18 01:59:49 AM,KXWTACHALLENGERMATCH-26APR18CHWMON-CHW,69,1613,68,1043,67,1197,66,713,65,51,72,2286,73,1858,74,589,77,315,81,1,70.5
2026-04-18 02:00:49 AM,KXWTACHALLENGERMATCH-26APR18CHWMON-CHW,69,1613,68,1043,67,1197,66,713,65,51,72,54,73,1858,74,589,77,315,81,1,70.5
2026-04-18 02:00:49 AM,KXWTACHALLENGERMATCH-26APR18CHWMON-CHW,69,1613,68,1043,67,1197,66,713,65,51,72,4518,73,1858,74,589,77,315,81,1,70.5
2026-04-18 02:01:21 AM,KXWTACHALLENGERMATCH-26APR18CHWMON-CHW,69,1613,68,1043,67,1197,66,713,65,51,72,54,73,1858,74,589,77,315,81,1,70.5
2026-04-18 02:01:21 AM,KXWTACHALLENGERMATCH-26APR18CHWMON-CHW,69,1613,68,1043,67,1197,66,713,65,51,72,4518,73,1858,74,589,77,315,81,1,70.5
2026-04-18 02:02:32 AM,KXWTACHALLENGERMATCH-26APR18CHWMON-CHW,69,1613,68,1043,67,1197,66,713,65,1,72,4518,73,1858,74,589,77,315,81,1,70.5
2026-04-18 02:03:06 AM,KXWTACHALLENGERMATCH-26APR18CHWMON-CHW,69,1613,68,1043,67,1197,66,713,65,1501,72,4518,73,1858,74,589,77,315,81,1,70.5
2026-04-18 02:03:19 AM,KXWTACHALLENGERMATCH-26APR18CHWMON-CHW,69,1613,68,1043,67,1197,66,713,65,1501,72,54,73,1858,74,589,77,315,81,1,70.5
2026-04-18 02:03:19 AM,KXWTACHALLENGERMATCH-26APR18CHWMON-CHW,69,1613,68,1043,67,1197,66,713,65,1501,72,4518,73,1858,74,589,77,315,81,1,70.5
2026-04-18 02:03:23 AM,KXWTACHALLENGERMATCH-26APR18CHWMON-CHW,69,1613,68,1043,67,1197,66,713,65,1701,72,4518,73,1858,74,589,77,315,81,1,70.5
2026-04-18 02:04:05 AM,KXWTACHALLENGERMATCH-26APR18CHWMON-CHW,69,1613,68,1020,67,1197,66,713,65,1701,72,4518,73,1858,74,589,77,315,81,1,70.5
2026-04-18 02:04:05 AM,KXWTACHALLENGERMATCH-26APR18CHWMON-CHW,69,1613,68,1020,67,1197,66,713,65,1701,72,4503,73,1858,74,589,77,315,81,1,70.5
2026-04-18 02:04:05 AM,KXWTACHALLENGERMATCH-26APR18CHWMON-CHW,69,1613,68,1020,67,1197,66,713,65,1701,72,4503,73,1815,74,589,77,315,81,1,70.5
2026-04-18 02:04:05 AM,KXWTACHALLENGERMATCH-26APR18CHWMON-CHW,69,1613,68,1020,67,1197,66,713,65,1701,72,4493,73,1815,74,589,77,315,81,1,70.5
2026-04-18 02:04:05 AM,KXWTACHALLENGERMATCH-26APR18CHWMON-CHW,69,1588,68,1020,67,1197,66,713,65,1701,72,4493,73,1815,74,589,77,315,81,1,70.5
2026-04-18 02:04:09 AM,KXWTACHALLENGERMATCH-26APR18CHWMON-CHW,69,1588,68,1020,67,1197,66,713,65,1501,72,4493,73,1815,74,589,77,315,81,1,70.5
2026-04-18 02:05:05 AM,KXWTACHALLENGERMATCH-26APR18CHWMON-CHW,69,1588,68,1020,67,1197,66,713,65,1501,72,29,73,1815,74,589,77,315,81,1,70.5
2026-04-18 02:05:05 AM,KXWTACHALLENGERMATCH-26APR18CHWMON-CHW,69,1588,68,1020,67,1197,66,713,65,1501,72,4493,73,1815,74,589,77,315,81,1,70.5
2026-04-18 02:05:59 AM,KXWTACHALLENGERMATCH-26APR18CHWMON-CHW,69,1613,68,1020,67,1197,66,713,65,1501,72,4493,73,1815,74,589,77,315,81,1,70.5
2026-04-18 02:05:59 AM,KXWTACHALLENGERMATCH-26APR18CHWMON-CHW,69,1613,68,1050,67,1197,66,713,65,1501,72,4493,73,1815,74,589,77,315,81,1,70.5
2026-04-18 02:05:59 AM,KXWTACHALLENGERMATCH-26APR18CHWMON-CHW,69,1613,68,1050,67,1197,66,713,65,1501,72,4493,73,1840,74,589,77,315,81,1,70.5
2026-04-18 02:05:59 AM,KXWTACHALLENGERMATCH-26APR18CHWMON-CHW,69,1613,68,1050,67,1197,66,713,65,1501,72,4493,73,1840,74,620,77,315,81,1,70.5
2026-04-18 02:06:04 AM,KXWTACHALLENGERMATCH-26APR18CHWMON-CHW,69,1613,68,1050,67,1197,66,713,65,1,72,4493,73,1840,74,620,77,315,81,1,70.5
2026-04-18 02:06:37 AM,KXWTACHALLENGERMATCH-26APR18CHWMON-CHW,69,1613,68,1050,67,1197,66,713,65,1,72,29,73,1840,74,620,77,315,81,1,70.5
2026-04-18 02:06:37 AM,KXWTACHALLENGERMATCH-26APR18CHWMON-CHW,69,1613,68,1050,67,1197,66,713,65,1,72,4493,73,1840,74,620,77,315,81,1,70.5
2026-04-18 02:08:16 AM,KXWTACHALLENGERMATCH-26APR18CHWMON-CHW,69,1613,68,1050,67,1197,66,713,65,1,72,29,73,1840,74,620,77,315,81,1,70.5
2026-04-18 02:08:16 AM,KXWTACHALLENGERMATCH-26APR18CHWMON-CHW,69,1613,68,1050,67,1197,66,713,65,1,72,4493,73,1840,74,620,77,315,81,1,70.5
2026-04-18 02:09:00 AM,KXWTACHALLENGERMATCH-26APR18CHWMON-CHW,69,1613,68,1050,67,1197,66,713,65,201,72,4493,73,1840,74,620,77,315,81,1,70.5
2026-04-18 02:10:10 AM,KXWTACHALLENGERMATCH-26APR18CHWMON-CHW,69,1613,68,1050,67,1197,66,713,65,1,72,4493,73,1840,74,620,77,315,81,1,70.5
2026-04-18 02:10:18 AM,KXWTACHALLENGERMATCH-26APR18CHWMON-CHW,69,1613,68,1050,67,1197,66,713,65,201,72,4493,73,1840,74,620,77,315,81,1,70.5
2026-04-18 02:10:18 AM,KXWTACHALLENGERMATCH-26APR18CHWMON-CHW,69,1613,68,1050,67,1197,66,713,65,201,72,29,73,1840,74,620,77,315,81,1,70.5
2026-04-18 02:10:18 AM,KXWTACHALLENGERMATCH-26APR18CHWMON-CHW,69,1613,68,1050,67,1197,66,713,65,201,72,4493,73,1840,74,620,77,315,81,1,70.5
2026-04-18 02:10:22 AM,KXWTACHALLENGERMATCH-26APR18CHWMON-CHW,69,1613,68,1050,67,1197,66,713,65,1501,72,4493,73,1840,74,620,77,315,81,1,70.5
2026-04-18 02:10:31 AM,KXWTACHALLENGERMATCH-26APR18CHWMON-CHW,69,1613,68,1050,67,1197,66,713,65,1701,72,4493,73,1840,74,620,77,315,81,1,70.5
2026-04-18 02:11:10 AM,KXWTACHALLENGERMATCH-26APR18CHWMON-CHW,69,1613,68,1050,67,1197,66,713,65,401,72,4493,73,1840,74,620,77,315,81,1,70.5
2026-04-18 02:11:18 AM,KXWTACHALLENGERMATCH-26APR18CHWMON-CHW,69,1613,68,1050,67,1197,66,713,65,1701,72,4493,73,1840,74,620,77,315,81,1,70.5
2026-04-18 02:11:20 AM,KXWTACHALLENGERMATCH-26APR18CHWMON-CHW,69,1613,68,1050,67,1197,66,713,65,401,72,4493,73,1840,74,620,77,315,81,1,70.5
2026-04-18 02:11:26 AM,KXWTACHALLENGERMATCH-26APR18CHWMON-CHW,69,1613,68,1050,67,1197,66,713,65,1701,72,4493,73,1840,74,620,77,315,81,1,70.5
2026-04-18 02:11:29 AM,KXWTACHALLENGERMATCH-26APR18CHWMON-CHW,69,1613,68,1050,67,1197,66,713,65,401,72,4493,73,1840,74,620,77,315,81,1,70.5
2026-04-18 02:11:43 AM,KXWTACHALLENGERMATCH-26APR18CHWMON-CHW,69,1613,68,1050,67,1197,66,713,65,1701,72,4493,73,1840,74,620,77,315,81,1,70.5
2026-04-18 02:11:50 AM,KXWTACHALLENGERMATCH-26APR18CHWMON-CHW,69,1613,68,1050,67,1197,66,713,65,1701,72,8957,73,1840,74,620,77,315,81,1,70.5
2026-04-18 02:11:50 AM,KXWTACHALLENGERMATCH-26APR18CHWMON-CHW,69,1613,68,1050,67,1197,66,713,65,1701,72,4493,73,1840,74,620,77,315,81,1,70.5
2026-04-18 02:12:30 AM,KXWTACHALLENGERMATCH-26APR18CHWMON-CHW,69,1613,68,1050,67,1197,66,713,65,2701,72,4493,73,1840,74,620,77,315,81,1,70.5
2026-04-18 02:13:05 AM,KXWTACHALLENGERMATCH-26APR18CHWMON-CHW,69,1613,68,1050,67,1197,66,713,65,4701,72,4493,73,1840,74,620,77,315,81,1,70.5
2026-04-18 02:13:12 AM,KXWTACHALLENGERMATCH-26APR18CHWMON-CHW,69,1613,68,1050,67,1197,66,713,65,4501,72,4493,73,1840,74,620,77,315,81,1,70.5
2026-04-18 02:13:15 AM,KXWTACHALLENGERMATCH-26APR18CHWMON-CHW,69,1613,68,1050,67,1197,66,713,65,4301,72,4493,73,1840,74,620,77,315,81,1,70.5
2026-04-18 02:13:16 AM,KXWTACHALLENGERMATCH-26APR18CHWMON-CHW,69,1613,68,1050,67,1197,66,713,65,3301,72,4493,73,1840,74,620,77,315,81,1,70.5
2026-04-18 02:13:32 AM,KXWTACHALLENGERMATCH-26APR18CHWMON-CHW,69,1613,68,1050,67,1197,66,713,65,3301,70,15,72,4493,73,1840,74,620,77,315,69.5
2026-04-18 02:13:32 AM,KXWTACHALLENGERMATCH-26APR18CHWMON-CHW,69,1613,68,1050,67,1197,66,713,65,3301,70,15,72,4493,73,1840,74,589,77,315,69.5
2026-04-18 02:13:32 AM,KXWTACHALLENGERMATCH-26APR18CHWMON-CHW,69,1613,68,1050,67,1197,66,713,65,3301,70,15,72,4518,73,1840,74,589,77,315,69.5
2026-04-18 02:13:32 AM,KXWTACHALLENGERMATCH-26APR18CHWMON-CHW,69,1613,68,1050,67,1197,66,713,65,3301,70,143,72,4518,73,1840,74,589,77,315,69.5
2026-04-18 02:13:32 AM,KXWTACHALLENGERMATCH-26APR18CHWMON-CHW,69,1613,68,1937,67,1197,66,713,65,3301,70,143,72,4518,73,1840,74,589,77,315,69.5
2026-04-18 02:13:32 AM,KXWTACHALLENGERMATCH-26APR18CHWMON-CHW,69,726,68,1937,67,1197,66,713,65,3301,70,143,72,4518,73,1840,74,589,77,315,69.5
2026-04-18 02:13:40 AM,KXWTACHALLENGERMATCH-26APR18CHWMON-CHW,69,1613,68,1937,67,1197,66,713,65,3301,70,143,72,4518,73,1840,74,589,77,315,69.5
2026-04-18 02:13:41 AM,KXWTACHALLENGERMATCH-26APR18CHWMON-CHW,69,1613,68,1050,67,1197,66,713,65,3301,70,143,72,4518,73,1840,74,589,77,315,69.5
2026-04-18 02:13:46 AM,KXWTACHALLENGERMATCH-26APR18CHWMON-CHW,69,1613,68,1050,67,1197,66,713,65,3301,70,143,72,4518,73,1840,74,589,81,1,69.5
2026-04-18 02:13:46 AM,KXWTACHALLENGERMATCH-26APR18CHWMON-CHW,69,1613,68,1050,67,1197,66,713,65,3301,70,143,72,4518,73,1840,74,589,76,39,69.5
2026-04-18 02:14:03 AM,KXWTACHALLENGERMATCH-26APR18CHWMON-CHW,69,1613,68,1050,67,1197,66,713,65,3301,70,143,72,54,73,1840,74,589,76,39,69.5
2026-04-18 02:14:03 AM,KXWTACHALLENGERMATCH-26APR18CHWMON-CHW,69,1613,68,1050,67,1197,66,713,65,3301,70,143,72,4518,73,1840,74,589,76,39,69.5
2026-04-18 02:14:04 AM,KXWTACHALLENGERMATCH-26APR18CHWMON-CHW,69,1613,68,1050,67,1197,66,713,65,3301,70,128,72,4518,73,1840,74,589,76,39,69.5
2026-04-18 02:14:04 AM,KXWTACHALLENGERMATCH-26APR18CHWMON-CHW,69,1613,68,1050,67,1197,66,713,65,3301,72,4518,73,1840,74,589,76,39,81,1,70.5
2026-04-18 02:14:04 AM,KXWTACHALLENGERMATCH-26APR18CHWMON-CHW,69,1613,68,1050,67,1197,66,713,65,3301,72,4646,73,1840,74,589,76,39,81,1,70.5
2026-04-18 02:14:07 AM,KXWTACHALLENGERMATCH-26APR18CHWMON-CHW,69,1613,68,1050,67,1197,66,713,65,3301,72,4621,73,1840,74,589,76,39,81,1,70.5
2026-04-18 02:14:07 AM,KXWTACHALLENGERMATCH-26APR18CHWMON-CHW,69,1613,68,1050,67,1197,66,713,65,3301,72,4621,73,1840,74,620,76,39,81,1,70.5
2026-04-18 02:14:07 AM,KXWTACHALLENGERMATCH-26APR18CHWMON-CHW,69,1613,68,1050,67,1197,66,713,65,3301,72,4621,73,1840,74,620,81,1,86,471,70.5
2026-04-18 02:14:07 AM,KXWTACHALLENGERMATCH-26APR18CHWMON-CHW,69,1613,68,1050,67,1197,66,713,65,3301,72,4621,73,1840,74,620,77,303,81,1,70.5
2026-04-18 02:14:29 AM,KXWTACHALLENGERMATCH-26APR18CHWMON-CHW,69,1613,68,1050,67,1197,66,713,65,2001,72,4621,73,1840,74,620,77,303,81,1,70.5
2026-04-18 02:15:02 AM,KXWTACHALLENGERMATCH-26APR18CHWMON-CHW,69,1613,68,1050,67,1197,66,713,65,2201,72,4621,73,1840,74,620,77,303,81,1,70.5
2026-04-18 02:15:03 AM,KXWTACHALLENGERMATCH-26APR18CHWMON-CHW,69,1613,68,1050,67,1197,66,713,65,2001,72,4621,73,1840,74,620,77,303,81,1,70.5
2026-04-18 02:15:04 AM,KXWTACHALLENGERMATCH-26APR18CHWMON-CHW,69,1613,68,1050,67,1197,66,713,65,1,72,4621,73,1840,74,620,77,303,81,1,70.5
2026-04-18 02:15:10 AM,KXWTACHALLENGERMATCH-26APR18CHWMON-CHW,69,1613,68,1050,67,1197,66,713,65,201,72,4621,73,1840,74,620,77,303,81,1,70.5
2026-04-18 02:15:17 AM,KXWTACHALLENGERMATCH-26APR18CHWMON-CHW,69,1613,68,1050,67,1197,66,713,65,1,72,4621,73,1840,74,620,77,303,81,1,70.5
2026-04-18 02:15:23 AM,KXWTACHALLENGERMATCH-26APR18CHWMON-CHW,69,1613,68,1050,67,1197,66,713,65,201,72,4621,73,1840,74,620,77,303,81,1,70.5
2026-04-18 02:15:26 AM,KXWTACHALLENGERMATCH-26APR18CHWMON-CHW,69,1613,68,1050,67,1197,66,713,65,1,72,4621,73,1840,74,620,77,303,81,1,70.5
2026-04-18 02:15:28 AM,KXWTACHALLENGERMATCH-26APR18CHWMON-CHW,69,1613,68,1050,67,1197,66,713,65,201,72,4621,73,1840,74,620,77,303,81,1,70.5
2026-04-18 02:15:28 AM,KXWTACHALLENGERMATCH-26APR18CHWMON-CHW,69,1613,68,1050,67,1197,66,713,65,1,72,4621,73,1840,74,620,77,303,81,1,70.5
2026-04-18 02:15:30 AM,KXWTACHALLENGERMATCH-26APR18CHWMON-CHW,69,1613,68,1050,67,1197,66,713,65,1,72,4621,73,1840,74,589,77,303,81,1,70.5
2026-04-18 02:15:30 AM,KXWTACHALLENGERMATCH-26APR18CHWMON-CHW,69,1613,68,1050,67,1197,66,713,65,1,72,4646,73,1840,74,589,77,303,81,1,70.5
2026-04-18 02:15:36 AM,KXWTACHALLENGERMATCH-26APR18CHWMON-CHW,69,1613,68,1050,67,1197,66,713,65,201,72,4646,73,1840,74,589,77,303,81,1,70.5
2026-04-18 02:16:02 AM,KXWTACHALLENGERMATCH-26APR18CHWMON-CHW,69,1613,68,1050,67,1197,66,713,65,201,72,182,73,1840,74,589,77,303,81,1,70.5
2026-04-18 02:16:02 AM,KXWTACHALLENGERMATCH-26APR18CHWMON-CHW,69,1613,68,1050,67,1197,66,713,65,201,72,4646,73,1840,74,589,77,303,81,1,70.5
2026-04-18 02:16:34 AM,KXWTACHALLENGERMATCH-26APR18CHWMON-CHW,69,1613,68,1050,67,1197,66,713,65,201,72,4639,73,1840,74,589,77,303,81,1,70.5
2026-04-18 02:16:34 AM,KXWTACHALLENGERMATCH-26APR18CHWMON-CHW,69,1613,68,1050,67,1197,66,713,65,201,72,4629,73,1840,74,589,77,303,81,1,70.5
2026-04-18 02:16:34 AM,KXWTACHALLENGERMATCH-26APR18CHWMON-CHW,69,1613,68,1050,67,1197,66,713,65,201,72,4619,73,1840,74,589,77,303,81,1,70.5
2026-04-18 02:16:34 AM,KXWTACHALLENGERMATCH-26APR18CHWMON-CHW,69,1613,68,1050,67,1197,66,713,65,201,72,4491,73,1840,74,589,77,303,81,1,70.5
2026-04-18 02:16:34 AM,KXWTACHALLENGERMATCH-26APR18CHWMON-CHW,69,1613,68,1050,67,1197,66,713,65,201,72,4466,73,1840,74,589,77,303,81,1,70.5
2026-04-18 02:16:34 AM,KXWTACHALLENGERMATCH-26APR18CHWMON-CHW,69,1613,68,1050,67,1197,66,713,65,201,72,4375,73,1840,74,589,77,303,81,1,70.5
2026-04-18 02:16:34 AM,KXWTACHALLENGERMATCH-26APR18CHWMON-CHW,69,1613,68,1050,67,1197,66,713,65,201,72,4398,73,1840,74,589,77,303,81,1,70.5
2026-04-18 02:16:34 AM,KXWTACHALLENGERMATCH-26APR18CHWMON-CHW,69,1613,68,1050,67,1197,66,713,65,201,72,4941,73,1840,74,589,77,303,81,1,70.5
2026-04-18 02:16:47 AM,KXWTACHALLENGERMATCH-26APR18CHWMON-CHW,69,1613,68,1050,67,1197,66,713,65,201,72,4925,73,1840,74,589,77,303,81,1,70.5
2026-04-18 02:17:31 AM,KXWTACHALLENGERMATCH-26APR18CHWMON-CHW,69,1613,68,1050,67,1197,66,713,65,201,72,4898,73,1840,74,589,77,303,81,1,70.5
2026-04-18 02:17:35 AM,KXWTACHALLENGERMATCH-26APR18CHWMON-CHW,69,1613,68,1050,67,1197,66,713,65,1,72,4898,73,1840,74,589,77,303,81,1,70.5
2026-04-18 02:17:36 AM,KXWTACHALLENGERMATCH-26APR18CHWMON-CHW,69,1623,68,1050,67,1197,66,713,65,1,72,4898,73,1840,74,589,77,303,81,1,70.5
2026-04-18 02:17:36 AM,KXWTACHALLENGERMATCH-26APR18CHWMON-CHW,69,1633,68,1050,67,1197,66,713,65,1,72,4898,73,1840,74,589,77,303,81,1,70.5
2026-04-18 02:17:51 AM,KXWTACHALLENGERMATCH-26APR18CHWMON-CHW,69,1633,68,1050,67,1197,66,713,65,201,72,4898,73,1840,74,589,77,303,81,1,70.5
2026-04-18 02:18:20 AM,KXWTACHALLENGERMATCH-26APR18CHWMON-CHW,69,1633,68,1050,67,1197,66,713,65,201,72,570,73,1840,74,589,77,303,81,1,70.5
2026-04-18 02:18:20 AM,KXWTACHALLENGERMATCH-26APR18CHWMON-CHW,69,1633,68,1050,67,1197,66,713,65,201,72,5034,73,1840,74,589,77,303,81,1,70.5
2026-04-18 02:18:36 AM,KXWTACHALLENGERMATCH-26APR18CHWMON-CHW,69,1633,68,1050,67,1197,66,713,65,201,72,5034,73,1840,74,589,77,303,78,35,70.5
2026-04-18 02:18:36 AM,KXWTACHALLENGERMATCH-26APR18CHWMON-CHW,69,1633,68,1050,67,1197,66,748,65,201,72,5034,73,1840,74,589,77,303,78,35,70.5
2026-04-18 02:20:04 AM,KXWTACHALLENGERMATCH-26APR18CHWMON-CHW,69,1633,68,1050,67,1197,66,748,65,201,72,570,73,1840,74,589,77,303,78,35,70.5
2026-04-18 02:20:04 AM,KXWTACHALLENGERMATCH-26APR18CHWMON-CHW,69,1633,68,1050,67,1197,66,748,65,201,72,5034,73,1840,74,589,77,303,78,35,70.5
2026-04-18 02:20:04 AM,KXWTACHALLENGERMATCH-26APR18CHWMON-CHW,69,1633,68,1050,67,1197,66,748,65,201,72,5034,73,1840,74,589,77,303,81,1,70.5
2026-04-18 02:20:06 AM,KXWTACHALLENGERMATCH-26APR18CHWMON-CHW,69,1633,68,1050,67,1197,66,748,65,201,72,5034,73,1840,74,589,77,303,78,35,70.5
2026-04-18 02:20:38 AM,KXWTACHALLENGERMATCH-26APR18CHWMON-CHW,69,1633,68,1050,67,1197,66,748,65,1,72,5034,73,1840,74,589,77,303,78,35,70.5
2026-04-18 02:21:21 AM,KXWTACHALLENGERMATCH-26APR18CHWMON-CHW,70,887,69,1633,68,1050,67,1197,66,748,72,5034,73,1840,74,589,77,303,78,35,71.0
2026-04-18 02:21:21 AM,KXWTACHALLENGERMATCH-26APR18CHWMON-CHW,70,887,69,1633,68,1050,67,1197,66,748,72,5034,73,1840,74,1476,77,303,78,35,71.0
2026-04-18 02:21:21 AM,KXWTACHALLENGERMATCH-26APR18CHWMON-CHW,70,887,69,1633,68,1050,67,1197,66,748,72,5034,73,953,74,1476,77,303,78,35,71.0
2026-04-18 02:21:21 AM,KXWTACHALLENGERMATCH-26APR18CHWMON-CHW,70,887,69,1633,68,1020,67,1197,66,748,72,5034,73,953,74,1476,77,303,78,35,71.0
2026-04-18 02:21:21 AM,KXWTACHALLENGERMATCH-26APR18CHWMON-CHW,70,907,69,1633,68,1020,67,1197,66,748,72,5034,73,953,74,1476,77,303,78,35,71.0
2026-04-18 02:21:21 AM,KXWTACHALLENGERMATCH-26APR18CHWMON-CHW,70,907,69,746,68,1020,67,1197,66,748,72,5034,73,953,74,1476,77,303,78,35,71.0
2026-04-18 02:21:21 AM,KXWTACHALLENGERMATCH-26APR18CHWMON-CHW,70,20,69,746,68,1020,67,1197,66,748,72,5034,73,953,74,1476,77,303,78,35,71.0
2026-04-18 02:21:21 AM,KXWTACHALLENGERMATCH-26APR18CHWMON-CHW,70,20,69,746,68,1055,67,1197,66,748,72,5034,73,953,74,1476,77,303,78,35,71.0
2026-04-18 02:21:21 AM,KXWTACHALLENGERMATCH-26APR18CHWMON-CHW,69,746,68,1055,67,1197,66,748,65,1,72,5034,73,953,74,1476,77,303,78,35,70.5
2026-04-18 02:21:21 AM,KXWTACHALLENGERMATCH-26APR18CHWMON-CHW,69,746,68,1055,67,1197,66,748,65,1,72,5034,73,953,74,589,77,303,78,35,70.5
2026-04-18 02:21:22 AM,KXWTACHALLENGERMATCH-26APR18CHWMON-CHW,69,746,68,1055,67,1197,66,1198,65,1,72,5034,73,953,74,589,77,303,78,35,70.5
2026-04-18 02:21:23 AM,KXWTACHALLENGERMATCH-26APR18CHWMON-CHW,69,746,68,1055,67,1197,66,748,65,1,72,5034,73,953,74,589,77,303,78,35,70.5
2026-04-18 02:21:29 AM,KXWTACHALLENGERMATCH-26APR18CHWMON-CHW,69,1642,68,1055,67,1197,66,748,65,1,72,5034,73,953,74,589,77,303,78,35,70.5
2026-04-18 02:21:29 AM,KXWTACHALLENGERMATCH-26APR18CHWMON-CHW,69,1642,68,1055,67,1197,66,748,65,1,72,5034,73,1849,74,589,77,303,78,35,70.5
2026-04-18 02:21:36 AM,KXWTACHALLENGERMATCH-26APR18CHWMON-CHW,69,1642,68,1055,67,1197,66,1198,65,1,72,5034,73,1849,74,589,77,303,78,35,70.5
2026-04-18 02:21:37 AM,KXWTACHALLENGERMATCH-26APR18CHWMON-CHW,69,1642,68,1055,67,1197,66,1198,65,1,72,570,73,1849,74,589,77,303,78,35,70.5
2026-04-18 02:21:37 AM,KXWTACHALLENGERMATCH-26APR18CHWMON-CHW,69,1642,68,1055,67,1197,66,1198,65,1,72,5034,73,1849,74,589,77,303,78,35,70.5
2026-04-18 02:21:37 AM,KXWTACHALLENGERMATCH-26APR18CHWMON-CHW,69,1642,68,1055,67,1197,66,1198,65,1,72,5034,73,1849,74,589,77,303,81,1,70.5
2026-04-18 02:21:37 AM,KXWTACHALLENGERMATCH-26APR18CHWMON-CHW,69,1642,68,1055,67,1197,66,1198,65,1,72,5034,73,1849,74,589,77,303,80,35,70.5
2026-04-18 02:21:37 AM,KXWTACHALLENGERMATCH-26APR18CHWMON-CHW,69,1642,68,1055,67,1197,66,1198,65,1,72,5034,73,1849,74,589,77,303,81,1,70.5
2026-04-18 02:21:37 AM,KXWTACHALLENGERMATCH-26APR18CHWMON-CHW,69,1642,68,1055,67,1197,66,1198,65,1,72,5034,73,1849,74,589,77,303,78,35,70.5
2026-04-18 02:22:01 AM,KXWTACHALLENGERMATCH-26APR18CHWMON-CHW,69,1642,68,1055,67,1197,66,1248,65,1,72,5034,73,1849,74,589,77,303,78,35,70.5
2026-04-18 02:23:39 AM,KXWTACHALLENGERMATCH-26APR18CHWMON-CHW,69,1642,68,1055,67,1197,66,1248,65,1,72,570,73,1849,74,589,77,303,78,35,70.5
2026-04-18 02:23:39 AM,KXWTACHALLENGERMATCH-26APR18CHWMON-CHW,69,1642,68,1055,67,1197,66,1248,65,1,72,5034,73,1849,74,589,77,303,78,35,70.5
2026-04-18 02:23:39 AM,KXWTACHALLENGERMATCH-26APR18CHWMON-CHW,69,1642,68,1055,67,1197,66,1248,65,1,72,5034,73,1849,74,589,77,303,81,1,70.5
2026-04-18 02:23:54 AM,KXWTACHALLENGERMATCH-26APR18CHWMON-CHW,69,1642,68,1055,67,1197,66,1248,65,1,72,5034,73,1849,74,589,77,303,78,35,70.5
2026-04-18 02:24:19 AM,KXWTACHALLENGERMATCH-26APR18CHWMON-CHW,69,1642,68,1055,67,1197,66,798,65,1,72,5034,73,1849,74,589,77,303,78,35,70.5
2026-04-18 02:24:45 AM,KXWTACHALLENGERMATCH-26APR18CHWMON-CHW,69,1642,68,1055,67,1197,66,748,65,1,72,5034,73,1849,74,589,77,303,78,35,70.5
2026-04-18 02:25:22 AM,KXWTACHALLENGERMATCH-26APR18CHWMON-CHW,69,1642,68,1055,67,1197,66,748,65,1,72,9498,73,1849,74,589,77,303,78,35,70.5
2026-04-18 02:25:22 AM,KXWTACHALLENGERMATCH-26APR18CHWMON-CHW,69,1642,68,1055,67,1197,66,748,65,1,72,5034,73,1849,74,589,77,303,78,35,70.5
2026-04-18 02:26:11 AM,KXWTACHALLENGERMATCH-26APR18CHWMON-CHW,69,1642,68,1055,67,1197,66,798,65,1,72,5034,73,1849,74,589,77,303,78,35,70.5
2026-04-18 02:26:30 AM,KXWTACHALLENGERMATCH-26APR18CHWMON-CHW,69,1642,68,1055,67,1197,66,763,65,1,72,5034,73,1849,74,589,77,303,78,35,70.5
2026-04-18 02:26:30 AM,KXWTACHALLENGERMATCH-26APR18CHWMON-CHW,69,1642,68,1055,67,1197,66,763,65,1,72,5034,73,1849,74,589,77,303,81,1,70.5
2026-04-18 02:27:36 AM,KXWTACHALLENGERMATCH-26APR18CHWMON-CHW,69,1642,68,1055,67,1197,66,1213,65,1,72,5034,73,1849,74,589,77,303,81,1,70.5
2026-04-18 02:27:46 AM,KXWTACHALLENGERMATCH-26APR18CHWMON-CHW,69,1642,68,1055,67,1197,66,1213,65,1,72,570,73,1849,74,589,77,303,81,1,70.5
2026-04-18 02:27:46 AM,KXWTACHALLENGERMATCH-26APR18CHWMON-CHW,69,1642,68,1055,67,1197,66,1213,65,1,72,5034,73,1849,74,589,77,303,81,1,70.5
2026-04-18 02:29:03 AM,KXWTACHALLENGERMATCH-26APR18CHWMON-CHW,69,1642,68,1055,67,1197,66,1163,65,1,72,5034,73,1849,74,589,77,303,81,1,70.5
2026-04-18 02:29:25 AM,KXWTACHALLENGERMATCH-26APR18CHWMON-CHW,69,1642,68,1055,67,1197,66,1313,65,1,72,5034,73,1849,74,589,77,303,81,1,70.5
2026-04-18 02:29:42 AM,KXWTACHALLENGERMATCH-26APR18CHWMON-CHW,69,1642,68,1055,67,1197,66,1313,65,1,72,5011,73,1849,74,589,77,303,81,1,70.5
2026-04-18 02:29:42 AM,KXWTACHALLENGERMATCH-26APR18CHWMON-CHW,69,1642,68,1055,67,1197,66,1313,65,1,72,5001,73,1849,74,589,77,303,81,1,70.5
2026-04-18 02:29:42 AM,KXWTACHALLENGERMATCH-26APR18CHWMON-CHW,69,1642,68,1055,67,1197,66,1313,65,1,72,5015,73,1849,74,589,77,303,81,1,70.5
2026-04-18 02:29:57 AM,KXWTACHALLENGERMATCH-26APR18CHWMON-CHW,69,1642,68,1055,67,1197,66,1313,65,1,72,9479,73,1849,74,589,77,303,81,1,70.5
2026-04-18 02:29:57 AM,KXWTACHALLENGERMATCH-26APR18CHWMON-CHW,69,1642,68,1055,67,1197,66,1313,65,1,72,5015,73,1849,74,589,77,303,81,1,70.5
2026-04-18 02:30:22 AM,KXWTACHALLENGERMATCH-26APR18CHWMON-CHW,69,1642,68,1055,67,1197,66,863,65,1,72,5015,73,1849,74,589,77,303,81,1,70.5
2026-04-18 02:30:49 AM,KXWTACHALLENGERMATCH-26APR18CHWMON-CHW,69,1642,68,1055,67,1197,66,863,65,1,72,5015,73,1849,74,589,77,882,81,1,70.5
2026-04-18 02:30:49 AM,KXWTACHALLENGERMATCH-26APR18CHWMON-CHW,69,1642,68,1055,67,1197,66,863,65,1,72,551,73,1849,74,589,77,882,81,1,70.5
2026-04-18 02:30:49 AM,KXWTACHALLENGERMATCH-26APR18CHWMON-CHW,69,1642,68,1055,67,1197,66,863,65,1,72,5015,73,1849,74,589,77,882,81,1,70.5
2026-04-18 02:31:17 AM,KXWTACHALLENGERMATCH-26APR18CHWMON-CHW,69,1632,68,1055,67,1197,66,863,65,1,72,5015,73,1849,74,589,77,882,81,1,70.5
2026-04-18 02:31:20 AM,KXWTACHALLENGERMATCH-26APR18CHWMON-CHW,69,1632,68,1055,67,1197,66,863,65,1,72,5015,73,1849,74,586,77,882,81,1,70.5
2026-04-18 02:31:20 AM,KXWTACHALLENGERMATCH-26APR18CHWMON-CHW,69,1632,68,1055,67,1197,66,863,65,1,72,5015,73,1846,74,586,77,882,81,1,70.5
