ts_et,ticker,bid_1,bid_1_sz,bid_2,bid_2_sz,bid_3,bid_3_sz,bid_4,bid_4_sz,bid_5,bid_5_sz,ask_1,ask_1_sz,ask_2,ask_2_sz,ask_3,ask_3_sz,ask_4,ask_4_sz,ask_5,ask_5_sz,mid
2026-04-17 09:43:06 PM,KXWTACHALLENGERMATCH-26APR18MARKRA-KRA,47,197,46,1609,45,860,43,400,21,359,49,317,50,1224,51,821,52,267,68,77,48.0
2026-04-17 09:57:48 PM,KXWTACHALLENGERMATCH-26APR18MARKRA-KRA,47,197,46,1609,45,860,43,400,21,359,49,291,50,1224,51,821,52,267,68,77,48.0
2026-04-17 09:57:48 PM,KXWTACHALLENGERMATCH-26APR18MARKRA-KRA,47,97,46,1609,45,860,43,400,21,359,49,291,50,1224,51,821,52,267,68,77,48.0
2026-04-17 09:57:48 PM,KXWTACHALLENGERMATCH-26APR18MARKRA-KRA,47,97,46,1609,45,860,43,400,21,359,49,417,50,1224,51,821,52,267,68,77,48.0
2026-04-17 10:00:17 PM,KXWTACHALLENGERMATCH-26APR18MARKRA-KRA,47,97,46,1609,45,860,43,400,21,359,49,417,50,1224,51,2097,52,267,68,77,48.0
2026-04-17 10:00:37 PM,KXWTACHALLENGERMATCH-26APR18MARKRA-KRA,47,97,46,1619,45,860,43,400,21,359,49,417,50,1224,51,2097,52,267,68,77,48.0
2026-04-17 10:00:37 PM,KXWTACHALLENGERMATCH-26APR18MARKRA-KRA,47,97,46,1629,45,860,43,400,21,359,49,417,50,1224,51,2097,52,267,68,77,48.0
2026-04-17 10:00:37 PM,KXWTACHALLENGERMATCH-26APR18MARKRA-KRA,47,97,46,1629,45,860,43,400,21,359,49,417,50,1224,51,2107,52,267,68,77,48.0
2026-04-17 10:00:37 PM,KXWTACHALLENGERMATCH-26APR18MARKRA-KRA,47,97,46,1629,45,860,43,400,21,359,49,417,50,1224,51,2117,52,267,68,77,48.0
2026-04-17 10:01:57 PM,KXWTACHALLENGERMATCH-26APR18MARKRA-KRA,47,97,46,1629,45,860,43,400,21,359,49,417,50,1224,51,841,52,267,68,77,48.0
2026-04-17 10:01:57 PM,KXWTACHALLENGERMATCH-26APR18MARKRA-KRA,47,97,46,1629,45,860,43,400,21,359,49,417,50,1224,51,2117,52,267,68,77,48.0
2026-04-17 10:04:16 PM,KXWTACHALLENGERMATCH-26APR18MARKRA-KRA,47,97,46,1629,45,860,43,400,21,359,49,417,50,1224,51,841,52,267,68,77,48.0
2026-04-17 10:04:16 PM,KXWTACHALLENGERMATCH-26APR18MARKRA-KRA,47,97,46,1629,45,860,43,400,21,359,49,417,50,1224,51,2117,52,267,68,77,48.0
2026-04-17 10:06:15 PM,KXWTACHALLENGERMATCH-26APR18MARKRA-KRA,47,97,46,1629,45,860,43,400,21,359,49,392,50,1224,51,2117,52,267,68,77,48.0
2026-04-17 10:06:39 PM,KXWTACHALLENGERMATCH-26APR18MARKRA-KRA,47,97,46,1629,45,860,43,400,21,359,49,392,50,1224,51,3393,52,267,68,77,48.0
2026-04-17 10:06:39 PM,KXWTACHALLENGERMATCH-26APR18MARKRA-KRA,47,97,46,1629,45,860,43,400,21,359,49,392,50,1224,51,2117,52,267,68,77,48.0
2026-04-17 10:07:46 PM,KXWTACHALLENGERMATCH-26APR18MARKRA-KRA,47,97,46,1629,45,860,43,400,21,359,49,392,50,1224,51,2141,52,267,68,77,48.0
2026-04-17 10:09:00 PM,KXWTACHALLENGERMATCH-26APR18MARKRA-KRA,47,97,46,1629,45,860,43,400,21,359,49,392,50,1224,51,865,52,267,68,77,48.0
2026-04-17 10:09:00 PM,KXWTACHALLENGERMATCH-26APR18MARKRA-KRA,47,97,46,1629,45,860,43,400,21,359,49,392,50,1224,51,2141,52,267,68,77,48.0
2026-04-17 10:11:27 PM,KXWTACHALLENGERMATCH-26APR18MARKRA-KRA,47,97,46,1629,45,860,43,400,21,359,49,392,50,1224,51,865,52,267,68,77,48.0
2026-04-17 10:11:27 PM,KXWTACHALLENGERMATCH-26APR18MARKRA-KRA,47,97,46,1629,45,860,43,400,21,359,49,392,50,1224,51,2141,52,267,68,77,48.0
2026-04-17 10:13:29 PM,KXWTACHALLENGERMATCH-26APR18MARKRA-KRA,47,97,46,1629,45,860,43,400,21,359,49,392,50,1224,51,865,52,267,68,77,48.0
2026-04-17 10:13:29 PM,KXWTACHALLENGERMATCH-26APR18MARKRA-KRA,47,97,46,1629,45,860,43,400,21,359,49,392,50,1224,51,2141,52,267,68,77,48.0
2026-04-17 10:15:39 PM,KXWTACHALLENGERMATCH-26APR18MARKRA-KRA,47,97,46,1629,45,860,43,400,21,359,49,392,50,1224,51,865,52,267,68,77,48.0
2026-04-17 10:15:39 PM,KXWTACHALLENGERMATCH-26APR18MARKRA-KRA,47,97,46,1629,45,860,43,400,21,359,49,392,50,1224,51,2141,52,267,68,77,48.0
2026-04-17 10:17:15 PM,KXWTACHALLENGERMATCH-26APR18MARKRA-KRA,47,97,46,1629,45,860,43,400,21,359,49,392,50,1224,51,865,52,267,68,77,48.0
2026-04-17 10:17:15 PM,KXWTACHALLENGERMATCH-26APR18MARKRA-KRA,47,97,46,1629,45,860,43,400,21,359,49,392,50,1224,51,2141,52,267,68,77,48.0
2026-04-17 10:19:36 PM,KXWTACHALLENGERMATCH-26APR18MARKRA-KRA,47,97,46,1629,45,860,43,400,21,359,49,392,50,1224,51,865,52,267,68,77,48.0
2026-04-17 10:19:36 PM,KXWTACHALLENGERMATCH-26APR18MARKRA-KRA,47,97,46,1629,45,860,43,400,21,359,49,392,50,1224,51,2141,52,267,68,77,48.0
2026-04-17 10:22:03 PM,KXWTACHALLENGERMATCH-26APR18MARKRA-KRA,47,97,46,1629,45,860,43,400,21,359,49,392,50,1224,51,865,52,267,68,77,48.0
2026-04-17 10:22:03 PM,KXWTACHALLENGERMATCH-26APR18MARKRA-KRA,47,97,46,1629,45,860,43,400,21,359,49,392,50,1224,51,2141,52,267,68,77,48.0
2026-04-17 10:24:27 PM,KXWTACHALLENGERMATCH-26APR18MARKRA-KRA,47,97,46,1629,45,860,43,400,21,359,49,392,50,1224,51,865,52,267,68,77,48.0
2026-04-17 10:24:27 PM,KXWTACHALLENGERMATCH-26APR18MARKRA-KRA,47,97,46,1629,45,860,43,400,21,359,49,392,50,1224,51,2141,52,267,68,77,48.0
2026-04-17 10:25:15 PM,KXWTACHALLENGERMATCH-26APR18MARKRA-KRA,47,97,46,1629,45,860,43,400,21,359,49,266,50,1224,51,2141,52,267,68,77,48.0
2026-04-17 10:25:15 PM,KXWTACHALLENGERMATCH-26APR18MARKRA-KRA,47,96,46,1629,45,860,43,400,21,359,49,266,50,1224,51,2141,52,267,68,77,48.0
2026-04-17 10:25:15 PM,KXWTACHALLENGERMATCH-26APR18MARKRA-KRA,47,96,46,1629,45,860,43,400,21,359,49,393,50,1224,51,2141,52,267,68,77,48.0
2026-04-17 10:26:20 PM,KXWTACHALLENGERMATCH-26APR18MARKRA-KRA,47,96,46,1629,45,860,43,400,21,359,49,393,50,1224,51,865,52,267,68,77,48.0
2026-04-17 10:26:20 PM,KXWTACHALLENGERMATCH-26APR18MARKRA-KRA,47,96,46,1629,45,860,43,400,21,359,49,393,50,1224,51,2141,52,267,68,77,48.0
2026-04-17 10:28:43 PM,KXWTACHALLENGERMATCH-26APR18MARKRA-KRA,47,96,46,1629,45,860,43,400,21,359,49,393,50,1224,51,865,52,267,68,77,48.0
2026-04-17 10:28:43 PM,KXWTACHALLENGERMATCH-26APR18MARKRA-KRA,47,96,46,1629,45,860,43,400,21,359,49,393,50,1224,51,2141,52,267,68,77,48.0
2026-04-17 10:30:23 PM,KXWTACHALLENGERMATCH-26APR18MARKRA-KRA,47,96,46,1629,45,860,43,400,21,359,49,393,50,1224,51,865,52,267,68,77,48.0
2026-04-17 10:30:23 PM,KXWTACHALLENGERMATCH-26APR18MARKRA-KRA,47,96,46,1629,45,860,43,400,21,359,49,393,50,1224,51,2141,52,267,68,77,48.0
2026-04-17 10:31:57 PM,KXWTACHALLENGERMATCH-26APR18MARKRA-KRA,47,96,46,1629,45,860,43,400,21,359,49,393,50,1224,51,865,52,267,68,77,48.0
2026-04-17 10:31:57 PM,KXWTACHALLENGERMATCH-26APR18MARKRA-KRA,47,96,46,1629,45,860,43,400,21,359,49,393,50,1224,51,2141,52,267,68,77,48.0
2026-04-17 10:33:47 PM,KXWTACHALLENGERMATCH-26APR18MARKRA-KRA,47,96,46,1629,45,860,43,400,21,359,49,393,50,1224,51,865,52,267,68,77,48.0
2026-04-17 10:33:47 PM,KXWTACHALLENGERMATCH-26APR18MARKRA-KRA,47,96,46,1629,45,860,43,400,21,359,49,393,50,1224,51,2141,52,267,68,77,48.0
2026-04-17 10:35:24 PM,KXWTACHALLENGERMATCH-26APR18MARKRA-KRA,47,96,46,1629,45,860,43,400,21,359,49,393,50,1224,51,865,52,267,68,77,48.0
2026-04-17 10:35:24 PM,KXWTACHALLENGERMATCH-26APR18MARKRA-KRA,47,96,46,1629,45,860,43,400,21,359,49,393,50,1224,51,2141,52,267,68,77,48.0
2026-04-17 10:37:17 PM,KXWTACHALLENGERMATCH-26APR18MARKRA-KRA,47,96,46,1629,45,860,43,400,21,359,49,393,50,1224,51,865,52,267,68,77,48.0
2026-04-17 10:37:17 PM,KXWTACHALLENGERMATCH-26APR18MARKRA-KRA,47,96,46,1629,45,860,43,400,21,359,49,393,50,1224,51,2141,52,267,68,77,48.0
2026-04-17 10:39:31 PM,KXWTACHALLENGERMATCH-26APR18MARKRA-KRA,47,96,46,1629,45,860,43,400,21,359,49,393,50,1224,51,3417,52,267,68,77,48.0
2026-04-17 10:39:31 PM,KXWTACHALLENGERMATCH-26APR18MARKRA-KRA,47,96,46,1629,45,860,43,400,21,359,49,393,50,1224,51,2141,52,267,68,77,48.0
2026-04-17 10:41:38 PM,KXWTACHALLENGERMATCH-26APR18MARKRA-KRA,47,96,46,1629,45,860,43,400,21,359,49,393,50,1224,51,865,52,267,68,77,48.0
2026-04-17 10:41:38 PM,KXWTACHALLENGERMATCH-26APR18MARKRA-KRA,47,96,46,1629,45,860,43,400,21,359,49,393,50,1224,51,2141,52,267,68,77,48.0
2026-04-17 10:42:03 PM,KXWTACHALLENGERMATCH-26APR18MARKRA-KRA,47,96,46,1629,45,1059,43,400,21,359,49,393,50,1224,51,2141,52,267,68,77,48.0
2026-04-17 10:42:03 PM,KXWTACHALLENGERMATCH-26APR18MARKRA-KRA,47,96,46,1430,45,1059,43,400,21,359,49,393,50,1224,51,2141,52,267,68,77,48.0
2026-04-17 10:42:15 PM,KXWTACHALLENGERMATCH-26APR18MARKRA-KRA,47,96,46,1629,45,1059,43,400,21,359,49,393,50,1224,51,2141,52,267,68,77,48.0
2026-04-17 10:42:30 PM,KXWTACHALLENGERMATCH-26APR18MARKRA-KRA,47,96,46,1629,45,860,43,400,21,359,49,393,50,1224,51,2141,52,267,68,77,48.0
2026-04-17 10:42:48 PM,KXWTACHALLENGERMATCH-26APR18MARKRA-KRA,47,96,46,1629,45,860,44,597,43,400,49,393,50,1224,51,2141,52,267,68,77,48.0
2026-04-17 10:42:48 PM,KXWTACHALLENGERMATCH-26APR18MARKRA-KRA,47,96,46,1629,45,860,44,597,43,400,49,393,50,1554,51,2141,52,267,68,77,48.0
2026-04-17 10:42:49 PM,KXWTACHALLENGERMATCH-26APR18MARKRA-KRA,47,96,46,1629,45,860,44,597,43,400,49,266,50,1554,51,2141,52,267,68,77,48.0
2026-04-17 10:42:49 PM,KXWTACHALLENGERMATCH-26APR18MARKRA-KRA,47,4,46,1629,45,860,44,597,43,400,49,266,50,1554,51,2141,52,267,68,77,48.0
2026-04-17 10:42:49 PM,KXWTACHALLENGERMATCH-26APR18MARKRA-KRA,47,4,46,1629,45,860,44,597,43,400,49,485,50,1554,51,2141,52,267,68,77,48.0
2026-04-17 10:42:49 PM,KXWTACHALLENGERMATCH-26APR18MARKRA-KRA,47,4,46,1629,45,860,44,597,43,400,49,485,50,1554,51,865,52,267,68,77,48.0
2026-04-17 10:42:49 PM,KXWTACHALLENGERMATCH-26APR18MARKRA-KRA,47,4,46,1629,45,860,44,597,43,400,49,485,50,2804,51,865,52,267,68,77,48.0
2026-04-17 10:43:00 PM,KXWTACHALLENGERMATCH-26APR18MARKRA-KRA,47,4,46,1629,45,1060,44,597,43,400,49,485,50,2804,51,865,52,267,68,77,48.0
2026-04-17 10:43:00 PM,KXWTACHALLENGERMATCH-26APR18MARKRA-KRA,47,4,46,1629,45,1060,44,597,43,400,49,685,50,2804,51,865,52,267,68,77,48.0
2026-04-17 10:43:00 PM,KXWTACHALLENGERMATCH-26APR18MARKRA-KRA,47,4,46,1430,45,1060,44,597,43,400,49,685,50,2804,51,865,52,267,68,77,48.0
2026-04-17 10:43:01 PM,KXWTACHALLENGERMATCH-26APR18MARKRA-KRA,47,4,46,1430,45,1060,44,597,43,400,49,685,50,2605,51,865,52,267,68,77,48.0
2026-04-17 10:43:01 PM,KXWTACHALLENGERMATCH-26APR18MARKRA-KRA,47,4,46,1430,45,1060,44,597,43,400,49,485,50,2605,51,865,52,267,68,77,48.0
2026-04-17 10:43:09 PM,KXWTACHALLENGERMATCH-26APR18MARKRA-KRA,47,4,46,1630,45,1060,44,597,43,400,49,485,50,2605,51,865,52,267,68,77,48.0
2026-04-17 10:43:09 PM,KXWTACHALLENGERMATCH-26APR18MARKRA-KRA,47,4,46,1630,45,1060,44,597,43,400,49,485,50,2805,51,865,52,267,68,77,48.0
2026-04-17 10:43:09 PM,KXWTACHALLENGERMATCH-26APR18MARKRA-KRA,47,4,46,1630,45,860,44,597,43,400,49,485,50,2805,51,865,52,267,68,77,48.0
2026-04-17 10:43:18 PM,KXWTACHALLENGERMATCH-26APR18MARKRA-KRA,47,4,46,1630,45,1060,44,597,43,400,49,485,50,2805,51,865,52,267,68,77,48.0
2026-04-17 10:43:18 PM,KXWTACHALLENGERMATCH-26APR18MARKRA-KRA,47,4,46,1630,45,1060,44,597,43,400,49,685,50,2805,51,865,52,267,68,77,48.0
2026-04-17 10:43:18 PM,KXWTACHALLENGERMATCH-26APR18MARKRA-KRA,47,4,46,1430,45,1060,44,597,43,400,49,685,50,2805,51,865,52,267,68,77,48.0
2026-04-17 10:43:19 PM,KXWTACHALLENGERMATCH-26APR18MARKRA-KRA,47,4,46,1430,45,1060,44,597,43,400,49,685,50,2605,51,865,52,267,68,77,48.0
2026-04-17 10:43:35 PM,KXWTACHALLENGERMATCH-26APR18MARKRA-KRA,47,4,46,1430,45,1060,44,597,43,400,49,685,50,2805,51,865,52,267,68,77,48.0
2026-04-17 10:43:35 PM,KXWTACHALLENGERMATCH-26APR18MARKRA-KRA,47,4,46,1430,45,1060,44,597,43,400,49,485,50,2805,51,865,52,267,68,77,48.0
2026-04-17 10:43:47 PM,KXWTACHALLENGERMATCH-26APR18MARKRA-KRA,47,4,46,1430,45,1060,44,597,43,400,49,485,50,1555,51,865,52,267,68,77,48.0
2026-04-17 10:43:47 PM,KXWTACHALLENGERMATCH-26APR18MARKRA-KRA,47,4,46,1430,45,1060,44,597,43,400,49,485,50,2805,51,865,52,267,68,77,48.0
2026-04-17 10:44:02 PM,KXWTACHALLENGERMATCH-26APR18MARKRA-KRA,47,4,46,1430,45,1060,44,597,43,400,49,485,50,2605,51,865,52,267,68,77,48.0
2026-04-17 10:44:10 PM,KXWTACHALLENGERMATCH-26APR18MARKRA-KRA,47,4,46,1430,45,1060,44,597,43,400,49,485,50,2805,51,865,52,267,68,77,48.0
2026-04-17 10:44:21 PM,KXWTACHALLENGERMATCH-26APR18MARKRA-KRA,47,4,46,1630,45,1060,44,597,43,400,49,485,50,2805,51,865,52,267,68,77,48.0
2026-04-17 10:44:26 PM,KXWTACHALLENGERMATCH-26APR18MARKRA-KRA,47,4,46,1430,45,1060,44,597,43,400,49,485,50,2805,51,865,52,267,68,77,48.0
2026-04-17 10:44:26 PM,KXWTACHALLENGERMATCH-26APR18MARKRA-KRA,47,4,46,1430,45,860,44,597,43,400,49,485,50,2805,51,865,52,267,68,77,48.0
2026-04-17 10:44:30 PM,KXWTACHALLENGERMATCH-26APR18MARKRA-KRA,47,4,46,1430,45,1060,44,597,43,400,49,485,50,2805,51,865,52,267,68,77,48.0
2026-04-17 10:44:30 PM,KXWTACHALLENGERMATCH-26APR18MARKRA-KRA,47,4,46,1430,45,1060,44,597,43,400,49,485,50,2605,51,865,52,267,68,77,48.0
2026-04-17 10:44:35 PM,KXWTACHALLENGERMATCH-26APR18MARKRA-KRA,47,4,46,1430,45,1060,44,597,43,400,49,485,50,2805,51,865,52,267,68,77,48.0
2026-04-17 10:45:19 PM,KXWTACHALLENGERMATCH-26APR18MARKRA-KRA,47,4,46,1430,45,1060,44,597,43,400,49,485,50,1555,51,865,52,267,68,77,48.0
2026-04-17 10:45:19 PM,KXWTACHALLENGERMATCH-26APR18MARKRA-KRA,47,4,46,1430,45,1060,44,597,43,400,49,485,50,2805,51,865,52,267,68,77,48.0
2026-04-17 10:45:43 PM,KXWTACHALLENGERMATCH-26APR18MARKRA-KRA,47,4,46,1430,45,1060,44,597,43,400,49,266,50,2805,51,865,52,267,68,77,48.0
2026-04-17 10:45:43 PM,KXWTACHALLENGERMATCH-26APR18MARKRA-KRA,47,3,46,1430,45,1060,44,597,43,400,49,266,50,2805,51,865,52,267,68,77,48.0
2026-04-17 10:45:43 PM,KXWTACHALLENGERMATCH-26APR18MARKRA-KRA,47,3,46,1430,45,1060,44,597,43,400,49,486,50,2805,51,865,52,267,68,77,48.0
2026-04-17 10:45:58 PM,KXWTACHALLENGERMATCH-26APR18MARKRA-KRA,47,3,46,1630,45,1060,44,597,43,400,49,486,50,2805,51,865,52,267,68,77,48.0
2026-04-17 10:45:59 PM,KXWTACHALLENGERMATCH-26APR18MARKRA-KRA,47,3,46,1630,45,860,44,597,43,400,49,486,50,2805,51,865,52,267,68,77,48.0
2026-04-17 10:46:02 PM,KXWTACHALLENGERMATCH-26APR18MARKRA-KRA,47,3,46,1430,45,860,44,597,43,400,49,486,50,2805,51,865,52,267,68,77,48.0
2026-04-17 10:46:12 PM,KXWTACHALLENGERMATCH-26APR18MARKRA-KRA,47,3,46,1430,45,1060,44,597,43,400,49,486,50,2805,51,865,52,267,68,77,48.0
2026-04-17 10:46:13 PM,KXWTACHALLENGERMATCH-26APR18MARKRA-KRA,47,3,46,1430,45,1060,44,597,43,400,49,686,50,2805,51,865,52,267,68,77,48.0
2026-04-17 10:46:13 PM,KXWTACHALLENGERMATCH-26APR18MARKRA-KRA,47,3,46,1430,45,1060,44,597,43,400,49,686,50,2605,51,865,52,267,68,77,48.0
2026-04-17 10:46:15 PM,KXWTACHALLENGERMATCH-26APR18MARKRA-KRA,47,3,46,1430,45,1060,44,597,43,400,49,486,50,2605,51,865,52,267,68,77,48.0
2026-04-17 10:46:26 PM,KXWTACHALLENGERMATCH-26APR18MARKRA-KRA,47,3,46,1430,45,1060,44,597,43,400,49,686,50,2605,51,865,52,267,68,77,48.0
2026-04-17 10:46:27 PM,KXWTACHALLENGERMATCH-26APR18MARKRA-KRA,47,3,46,1420,45,1060,44,597,43,400,49,686,50,2605,51,865,52,267,68,77,48.0
2026-04-17 10:46:27 PM,KXWTACHALLENGERMATCH-26APR18MARKRA-KRA,47,3,46,1410,45,1060,44,597,43,400,49,686,50,2605,51,865,52,267,68,77,48.0
2026-04-17 10:46:27 PM,KXWTACHALLENGERMATCH-26APR18MARKRA-KRA,47,3,46,1410,45,1070,44,597,43,400,49,686,50,2605,51,865,52,267,68,77,48.0
2026-04-17 10:46:27 PM,KXWTACHALLENGERMATCH-26APR18MARKRA-KRA,47,3,46,1410,45,1080,44,597,43,400,49,686,50,2605,51,865,52,267,68,77,48.0
2026-04-17 10:46:27 PM,KXWTACHALLENGERMATCH-26APR18MARKRA-KRA,47,3,46,1410,45,1080,44,597,43,400,49,686,50,2605,51,855,52,267,68,77,48.0
2026-04-17 10:46:27 PM,KXWTACHALLENGERMATCH-26APR18MARKRA-KRA,47,3,46,1410,45,1080,44,597,43,400,49,686,50,2605,51,845,52,267,68,77,48.0
2026-04-17 10:46:28 PM,KXWTACHALLENGERMATCH-26APR18MARKRA-KRA,47,3,46,1410,45,1080,44,597,43,400,49,686,50,2615,51,845,52,267,68,77,48.0
2026-04-17 10:46:28 PM,KXWTACHALLENGERMATCH-26APR18MARKRA-KRA,47,3,46,1410,45,1080,44,597,43,400,49,686,50,2625,51,845,52,267,68,77,48.0
2026-04-17 10:47:25 PM,KXWTACHALLENGERMATCH-26APR18MARKRA-KRA,47,3,46,1410,45,1080,44,597,43,400,49,686,50,1375,51,845,52,267,68,77,48.0
2026-04-17 10:47:25 PM,KXWTACHALLENGERMATCH-26APR18MARKRA-KRA,47,3,46,1410,45,1080,44,597,43,400,49,686,50,2625,51,845,52,267,68,77,48.0
2026-04-17 10:49:08 PM,KXWTACHALLENGERMATCH-26APR18MARKRA-KRA,47,3,46,1410,45,1080,44,597,43,400,49,686,50,2625,51,821,52,267,68,77,48.0
2026-04-17 10:49:08 PM,KXWTACHALLENGERMATCH-26APR18MARKRA-KRA,47,3,46,1410,45,1080,44,597,43,400,49,711,50,2625,51,821,52,267,68,77,48.0
2026-04-17 10:49:37 PM,KXWTACHALLENGERMATCH-26APR18MARKRA-KRA,47,3,46,1410,45,1080,44,597,43,400,49,711,50,1375,51,821,52,267,68,77,48.0
2026-04-17 10:49:37 PM,KXWTACHALLENGERMATCH-26APR18MARKRA-KRA,47,3,46,1410,45,1080,44,597,43,400,49,711,50,2625,51,821,52,267,68,77,48.0
2026-04-17 10:52:05 PM,KXWTACHALLENGERMATCH-26APR18MARKRA-KRA,47,3,46,1410,45,1080,44,597,43,400,49,711,50,1375,51,821,52,267,68,77,48.0
2026-04-17 10:52:05 PM,KXWTACHALLENGERMATCH-26APR18MARKRA-KRA,47,3,46,1410,45,1080,44,597,43,400,49,711,50,2625,51,821,52,267,68,77,48.0
2026-04-17 10:54:07 PM,KXWTACHALLENGERMATCH-26APR18MARKRA-KRA,47,3,46,1410,45,1080,44,597,43,400,49,711,50,1375,51,821,52,267,68,77,48.0
2026-04-17 10:54:07 PM,KXWTACHALLENGERMATCH-26APR18MARKRA-KRA,47,3,46,1410,45,1080,44,597,43,400,49,711,50,2625,51,821,52,267,68,77,48.0
2026-04-17 10:56:21 PM,KXWTACHALLENGERMATCH-26APR18MARKRA-KRA,47,3,46,1410,45,1080,44,597,43,400,49,711,50,1375,51,821,52,267,68,77,48.0
2026-04-17 10:56:21 PM,KXWTACHALLENGERMATCH-26APR18MARKRA-KRA,47,3,46,1410,45,1080,44,597,43,400,49,711,50,2625,51,821,52,267,68,77,48.0
2026-04-17 10:58:22 PM,KXWTACHALLENGERMATCH-26APR18MARKRA-KRA,47,3,46,1410,45,1080,44,597,43,400,49,711,50,3875,51,821,52,267,68,77,48.0
2026-04-17 10:58:22 PM,KXWTACHALLENGERMATCH-26APR18MARKRA-KRA,47,3,46,1410,45,1080,44,597,43,400,49,711,50,2625,51,821,52,267,68,77,48.0
2026-04-17 11:00:29 PM,KXWTACHALLENGERMATCH-26APR18MARKRA-KRA,47,3,46,1410,45,1080,44,597,43,400,49,711,50,3875,51,821,52,267,68,77,48.0
2026-04-17 11:00:29 PM,KXWTACHALLENGERMATCH-26APR18MARKRA-KRA,47,3,46,1410,45,1080,44,597,43,400,49,711,50,2625,51,821,52,267,68,77,48.0
2026-04-17 11:02:17 PM,KXWTACHALLENGERMATCH-26APR18MARKRA-KRA,47,3,46,1410,45,1080,44,597,43,400,49,711,50,1375,51,821,52,267,68,77,48.0
2026-04-17 11:02:17 PM,KXWTACHALLENGERMATCH-26APR18MARKRA-KRA,47,3,46,1410,45,1080,44,597,43,400,49,711,50,2625,51,821,52,267,68,77,48.0
2026-04-17 11:04:24 PM,KXWTACHALLENGERMATCH-26APR18MARKRA-KRA,47,3,46,1410,45,1080,44,597,43,400,49,711,50,1375,51,821,52,267,68,77,48.0
2026-04-17 11:04:24 PM,KXWTACHALLENGERMATCH-26APR18MARKRA-KRA,47,3,46,1410,45,1080,44,597,43,400,49,711,50,2625,51,821,52,267,68,77,48.0
2026-04-17 11:06:25 PM,KXWTACHALLENGERMATCH-26APR18MARKRA-KRA,47,3,46,1410,45,1080,44,597,43,400,49,711,50,3875,51,821,52,267,68,77,48.0
2026-04-17 11:06:25 PM,KXWTACHALLENGERMATCH-26APR18MARKRA-KRA,47,3,46,1410,45,1080,44,597,43,400,49,711,50,2625,51,821,52,267,68,77,48.0
2026-04-17 11:06:38 PM,KXWTACHALLENGERMATCH-26APR18MARKRA-KRA,47,3,46,1410,45,1080,44,597,43,400,49,511,50,2625,51,821,52,267,68,77,48.0
2026-04-17 11:06:41 PM,KXWTACHALLENGERMATCH-26APR18MARKRA-KRA,46,1410,45,1080,44,597,43,400,21,359,49,511,50,2625,51,821,52,267,68,77,47.5
2026-04-17 11:06:41 PM,KXWTACHALLENGERMATCH-26APR18MARKRA-KRA,46,1410,45,1080,44,597,43,400,21,359,49,291,50,2625,51,821,52,267,68,77,47.5
2026-04-17 11:06:41 PM,KXWTACHALLENGERMATCH-26APR18MARKRA-KRA,46,1410,45,1080,44,597,43,400,21,359,49,514,50,2625,51,821,52,267,68,77,47.5
2026-04-17 11:06:41 PM,KXWTACHALLENGERMATCH-26APR18MARKRA-KRA,46,1410,45,1080,44,597,43,400,21,359,48,145,49,514,50,2625,51,821,52,267,47.0
2026-04-17 11:06:41 PM,KXWTACHALLENGERMATCH-26APR18MARKRA-KRA,46,1410,45,1080,44,597,43,400,21,359,48,145,49,714,50,2625,51,821,52,267,47.0
2026-04-17 11:07:33 PM,KXWTACHALLENGERMATCH-26APR18MARKRA-KRA,46,1410,45,1080,44,597,43,400,21,359,48,145,49,714,50,2825,51,821,52,267,47.0
2026-04-17 11:07:33 PM,KXWTACHALLENGERMATCH-26APR18MARKRA-KRA,46,1410,45,1080,44,597,43,400,21,359,48,145,49,514,50,2825,51,821,52,267,47.0
2026-04-17 11:08:31 PM,KXWTACHALLENGERMATCH-26APR18MARKRA-KRA,46,1410,45,1080,44,597,43,400,21,359,48,145,49,514,50,1575,51,821,52,267,47.0
2026-04-17 11:08:31 PM,KXWTACHALLENGERMATCH-26APR18MARKRA-KRA,46,1410,45,1080,44,597,43,400,21,359,48,145,49,514,50,2825,51,821,52,267,47.0
2026-04-17 11:09:04 PM,KXWTACHALLENGERMATCH-26APR18MARKRA-KRA,46,1610,45,1080,44,597,43,400,21,359,48,145,49,514,50,2825,51,821,52,267,47.0
2026-04-17 11:09:05 PM,KXWTACHALLENGERMATCH-26APR18MARKRA-KRA,46,1610,45,880,44,597,43,400,21,359,48,145,49,514,50,2825,51,821,52,267,47.0
2026-04-17 11:09:20 PM,KXWTACHALLENGERMATCH-26APR18MARKRA-KRA,46,1610,45,1080,44,597,43,400,21,359,48,145,49,514,50,2825,51,821,52,267,47.0
2026-04-17 11:09:20 PM,KXWTACHALLENGERMATCH-26APR18MARKRA-KRA,46,1410,45,1080,44,597,43,400,21,359,48,145,49,514,50,2825,51,821,52,267,47.0
2026-04-17 11:09:45 PM,KXWTACHALLENGERMATCH-26APR18MARKRA-KRA,46,1610,45,1080,44,597,43,400,21,359,48,145,49,514,50,2825,51,821,52,267,47.0
2026-04-17 11:09:46 PM,KXWTACHALLENGERMATCH-26APR18MARKRA-KRA,46,1610,45,880,44,597,43,400,21,359,48,145,49,514,50,2825,51,821,52,267,47.0
2026-04-17 11:10:22 PM,KXWTACHALLENGERMATCH-26APR18MARKRA-KRA,46,1610,45,880,44,597,43,400,21,359,48,145,49,514,50,1575,51,821,52,267,47.0
2026-04-17 11:10:22 PM,KXWTACHALLENGERMATCH-26APR18MARKRA-KRA,46,1610,45,880,44,597,43,400,21,359,48,145,49,514,50,2825,51,821,52,267,47.0
2026-04-17 11:12:50 PM,KXWTACHALLENGERMATCH-26APR18MARKRA-KRA,46,1610,45,880,44,597,43,400,21,359,48,145,49,514,50,1575,51,821,52,267,47.0
2026-04-17 11:12:50 PM,KXWTACHALLENGERMATCH-26APR18MARKRA-KRA,46,1610,45,880,44,597,43,400,21,359,48,145,49,514,50,2825,51,821,52,267,47.0
2026-04-17 11:15:01 PM,KXWTACHALLENGERMATCH-26APR18MARKRA-KRA,46,1610,45,880,44,597,43,400,21,359,48,145,49,514,50,1575,51,821,52,267,47.0
2026-04-17 11:15:01 PM,KXWTACHALLENGERMATCH-26APR18MARKRA-KRA,46,1610,45,880,44,597,43,400,21,359,48,145,49,514,50,2825,51,821,52,267,47.0
2026-04-17 11:17:14 PM,KXWTACHALLENGERMATCH-26APR18MARKRA-KRA,46,1610,45,880,44,597,43,400,21,359,48,145,49,514,50,1575,51,821,52,267,47.0
2026-04-17 11:17:14 PM,KXWTACHALLENGERMATCH-26APR18MARKRA-KRA,46,1610,45,880,44,597,43,400,21,359,48,145,49,514,50,2825,51,821,52,267,47.0
2026-04-17 11:19:07 PM,KXWTACHALLENGERMATCH-26APR18MARKRA-KRA,46,1610,45,880,44,597,43,400,21,359,48,145,49,514,50,1575,51,821,52,267,47.0
2026-04-17 11:19:07 PM,KXWTACHALLENGERMATCH-26APR18MARKRA-KRA,46,1610,45,880,44,597,43,400,21,359,48,145,49,514,50,2825,51,821,52,267,47.0
2026-04-17 11:20:41 PM,KXWTACHALLENGERMATCH-26APR18MARKRA-KRA,46,1610,45,880,44,597,43,400,21,359,48,145,49,514,50,1575,51,821,52,267,47.0
2026-04-17 11:20:41 PM,KXWTACHALLENGERMATCH-26APR18MARKRA-KRA,46,1610,45,880,44,597,43,400,21,359,48,145,49,514,50,2825,51,821,52,267,47.0
2026-04-17 11:22:27 PM,KXWTACHALLENGERMATCH-26APR18MARKRA-KRA,46,1610,45,880,44,597,43,400,21,359,48,145,49,514,50,1575,51,821,52,267,47.0
2026-04-17 11:22:27 PM,KXWTACHALLENGERMATCH-26APR18MARKRA-KRA,46,1610,45,880,44,597,43,400,21,359,48,145,49,514,50,2825,51,821,52,267,47.0
2026-04-17 11:24:11 PM,KXWTACHALLENGERMATCH-26APR18MARKRA-KRA,46,1610,45,880,44,597,43,400,21,359,48,145,49,514,50,4075,51,821,52,267,47.0
2026-04-17 11:24:11 PM,KXWTACHALLENGERMATCH-26APR18MARKRA-KRA,46,1610,45,880,44,597,43,400,21,359,48,145,49,514,50,2825,51,821,52,267,47.0
2026-04-17 11:26:12 PM,KXWTACHALLENGERMATCH-26APR18MARKRA-KRA,46,1610,45,880,44,597,43,400,21,359,48,145,49,514,50,4075,51,821,52,267,47.0
2026-04-17 11:26:12 PM,KXWTACHALLENGERMATCH-26APR18MARKRA-KRA,46,1610,45,880,44,597,43,400,21,359,48,145,49,514,50,2825,51,821,52,267,47.0
2026-04-17 11:27:55 PM,KXWTACHALLENGERMATCH-26APR18MARKRA-KRA,46,1610,45,880,44,597,43,400,21,359,48,145,49,514,50,1575,51,821,52,267,47.0
2026-04-17 11:27:55 PM,KXWTACHALLENGERMATCH-26APR18MARKRA-KRA,46,1610,45,880,44,597,43,400,21,359,48,145,49,514,50,2825,51,821,52,267,47.0
2026-04-17 11:30:10 PM,KXWTACHALLENGERMATCH-26APR18MARKRA-KRA,46,1610,45,880,44,597,43,400,21,359,48,145,49,514,50,1575,51,821,52,267,47.0
2026-04-17 11:30:10 PM,KXWTACHALLENGERMATCH-26APR18MARKRA-KRA,46,1610,45,880,44,597,43,400,21,359,48,145,49,514,50,2825,51,821,52,267,47.0
2026-04-17 11:32:05 PM,KXWTACHALLENGERMATCH-26APR18MARKRA-KRA,46,1610,45,880,44,597,43,400,21,359,48,145,49,514,50,1575,51,821,52,267,47.0
2026-04-17 11:32:05 PM,KXWTACHALLENGERMATCH-26APR18MARKRA-KRA,46,1610,45,880,44,597,43,400,21,359,48,145,49,514,50,2825,51,821,52,267,47.0
2026-04-17 11:32:24 PM,KXWTACHALLENGERMATCH-26APR18MARKRA-KRA,46,1610,45,880,44,597,43,400,21,359,48,135,49,514,50,2825,51,821,52,267,47.0
2026-04-17 11:32:28 PM,KXWTACHALLENGERMATCH-26APR18MARKRA-KRA,46,1610,45,1080,44,597,43,400,21,359,48,135,49,514,50,2825,51,821,52,267,47.0
2026-04-17 11:32:28 PM,KXWTACHALLENGERMATCH-26APR18MARKRA-KRA,46,1610,45,1080,44,597,43,400,21,359,48,135,49,714,50,2825,51,821,52,267,47.0
2026-04-17 11:32:28 PM,KXWTACHALLENGERMATCH-26APR18MARKRA-KRA,46,1410,45,1080,44,597,43,400,21,359,48,135,49,714,50,2825,51,821,52,267,47.0
2026-04-17 11:32:29 PM,KXWTACHALLENGERMATCH-26APR18MARKRA-KRA,46,1410,45,1080,44,597,43,400,21,359,48,135,49,714,50,2625,51,821,52,267,47.0
2026-04-17 11:32:33 PM,KXWTACHALLENGERMATCH-26APR18MARKRA-KRA,46,1410,45,1080,44,597,43,400,21,359,48,135,49,514,50,2625,51,821,52,267,47.0
2026-04-17 11:32:37 PM,KXWTACHALLENGERMATCH-26APR18MARKRA-KRA,46,1410,45,1080,44,597,43,400,21,359,48,135,49,514,50,2825,51,821,52,267,47.0
2026-04-17 11:32:45 PM,KXWTACHALLENGERMATCH-26APR18MARKRA-KRA,46,1410,45,1080,44,597,43,400,21,359,48,135,49,714,50,2825,51,821,52,267,47.0
2026-04-17 11:32:45 PM,KXWTACHALLENGERMATCH-26APR18MARKRA-KRA,46,1410,45,1080,44,597,43,400,21,359,48,135,49,714,50,2625,51,821,52,267,47.0
2026-04-17 11:32:52 PM,KXWTACHALLENGERMATCH-26APR18MARKRA-KRA,46,1410,45,1080,44,597,43,400,21,359,48,135,49,514,50,2625,51,821,52,267,47.0
2026-04-17 11:32:57 PM,KXWTACHALLENGERMATCH-26APR18MARKRA-KRA,46,1410,45,1080,44,597,43,400,21,359,48,135,49,714,50,2625,51,821,52,267,47.0
2026-04-17 11:33:02 PM,KXWTACHALLENGERMATCH-26APR18MARKRA-KRA,46,1410,45,1080,44,597,43,400,21,359,48,135,49,514,50,2625,51,821,52,267,47.0
2026-04-17 11:33:06 PM,KXWTACHALLENGERMATCH-26APR18MARKRA-KRA,46,1410,45,1080,44,597,43,400,21,359,48,135,49,514,50,2825,51,821,52,267,47.0
2026-04-17 11:33:16 PM,KXWTACHALLENGERMATCH-26APR18MARKRA-KRA,46,1410,45,1080,44,597,43,400,21,359,48,135,49,714,50,2825,51,821,52,267,47.0
2026-04-17 11:33:17 PM,KXWTACHALLENGERMATCH-26APR18MARKRA-KRA,46,1410,45,1080,44,597,43,400,21,359,48,135,49,714,50,2625,51,821,52,267,47.0
2026-04-17 11:33:20 PM,KXWTACHALLENGERMATCH-26APR18MARKRA-KRA,46,1410,45,1080,44,597,43,400,21,359,48,135,49,514,50,2625,51,821,52,267,47.0
2026-04-17 11:33:26 PM,KXWTACHALLENGERMATCH-26APR18MARKRA-KRA,46,1410,45,1080,44,597,43,400,21,359,48,135,49,514,50,2825,51,821,52,267,47.0
2026-04-17 11:33:26 PM,KXWTACHALLENGERMATCH-26APR18MARKRA-KRA,46,1610,45,1080,44,597,43,400,21,359,48,135,49,514,50,2825,51,821,52,267,47.0
2026-04-17 11:33:27 PM,KXWTACHALLENGERMATCH-26APR18MARKRA-KRA,46,1610,45,880,44,597,43,400,21,359,48,135,49,514,50,2825,51,821,52,267,47.0
2026-04-17 11:33:37 PM,KXWTACHALLENGERMATCH-26APR18MARKRA-KRA,46,1610,45,1080,44,597,43,400,21,359,48,135,49,514,50,2825,51,821,52,267,47.0
2026-04-17 11:33:37 PM,KXWTACHALLENGERMATCH-26APR18MARKRA-KRA,46,1610,45,1080,44,597,43,400,21,359,48,135,49,714,50,2825,51,821,52,267,47.0
2026-04-17 11:33:37 PM,KXWTACHALLENGERMATCH-26APR18MARKRA-KRA,46,1410,45,1080,44,597,43,400,21,359,48,135,49,714,50,2825,51,821,52,267,47.0
2026-04-17 11:33:38 PM,KXWTACHALLENGERMATCH-26APR18MARKRA-KRA,46,1410,45,1080,44,597,43,400,21,359,48,135,49,714,50,2625,51,821,52,267,47.0
2026-04-17 11:33:42 PM,KXWTACHALLENGERMATCH-26APR18MARKRA-KRA,46,1410,45,1080,44,597,43,400,21,359,48,135,49,514,50,2625,51,821,52,267,47.0
2026-04-17 11:33:48 PM,KXWTACHALLENGERMATCH-26APR18MARKRA-KRA,46,1410,45,1080,44,597,43,400,21,359,48,135,49,514,50,1375,51,821,52,267,47.0
2026-04-17 11:33:48 PM,KXWTACHALLENGERMATCH-26APR18MARKRA-KRA,46,1410,45,1080,44,597,43,400,21,359,48,135,49,514,50,2625,51,821,52,267,47.0
2026-04-17 11:33:48 PM,KXWTACHALLENGERMATCH-26APR18MARKRA-KRA,46,1410,45,1080,44,597,43,400,21,359,48,135,49,514,50,2825,51,821,52,267,47.0
2026-04-17 11:33:59 PM,KXWTACHALLENGERMATCH-26APR18MARKRA-KRA,46,1410,45,1080,44,597,43,400,21,359,48,135,49,714,50,2825,51,821,52,267,47.0
2026-04-17 11:33:59 PM,KXWTACHALLENGERMATCH-26APR18MARKRA-KRA,46,1410,45,1080,44,597,43,400,21,359,48,135,49,714,50,2625,51,821,52,267,47.0
2026-04-17 11:34:19 PM,KXWTACHALLENGERMATCH-26APR18MARKRA-KRA,46,1410,45,1080,44,597,43,400,21,359,48,135,49,714,50,2825,51,821,52,267,47.0
2026-04-17 11:34:19 PM,KXWTACHALLENGERMATCH-26APR18MARKRA-KRA,46,1610,45,1080,44,597,43,400,21,359,48,135,49,714,50,2825,51,821,52,267,47.0
2026-04-17 11:34:19 PM,KXWTACHALLENGERMATCH-26APR18MARKRA-KRA,46,1610,45,1080,44,597,43,400,21,359,48,135,49,514,50,2825,51,821,52,267,47.0
2026-04-17 11:34:19 PM,KXWTACHALLENGERMATCH-26APR18MARKRA-KRA,46,1610,45,880,44,597,43,400,21,359,48,135,49,514,50,2825,51,821,52,267,47.0
2026-04-17 11:34:29 PM,KXWTACHALLENGERMATCH-26APR18MARKRA-KRA,46,1610,45,1080,44,597,43,400,21,359,48,135,49,514,50,2825,51,821,52,267,47.0
2026-04-17 11:34:29 PM,KXWTACHALLENGERMATCH-26APR18MARKRA-KRA,46,1410,45,1080,44,597,43,400,21,359,48,135,49,514,50,2825,51,821,52,267,47.0
2026-04-17 11:34:29 PM,KXWTACHALLENGERMATCH-26APR18MARKRA-KRA,46,1410,45,1080,44,597,43,400,21,359,48,135,49,714,50,2825,51,821,52,267,47.0
2026-04-17 11:34:30 PM,KXWTACHALLENGERMATCH-26APR18MARKRA-KRA,46,1410,45,1080,44,597,43,400,21,359,48,135,49,714,50,2625,51,821,52,267,47.0
2026-04-17 11:34:39 PM,KXWTACHALLENGERMATCH-26APR18MARKRA-KRA,46,1410,45,1080,44,597,43,400,21,359,48,135,49,714,50,2825,51,821,52,267,47.0
2026-04-17 11:34:39 PM,KXWTACHALLENGERMATCH-26APR18MARKRA-KRA,46,1410,45,1080,44,597,43,400,21,359,48,135,49,514,50,2825,51,821,52,267,47.0
2026-04-17 11:34:51 PM,KXWTACHALLENGERMATCH-26APR18MARKRA-KRA,46,1410,45,880,44,597,43,400,21,359,48,135,49,514,50,2825,51,821,52,267,47.0
2026-04-17 11:34:52 PM,KXWTACHALLENGERMATCH-26APR18MARKRA-KRA,46,1410,45,1080,44,597,43,400,21,359,48,135,49,514,50,2825,51,821,52,267,47.0
2026-04-17 11:35:11 PM,KXWTACHALLENGERMATCH-26APR18MARKRA-KRA,46,1410,45,1080,44,597,43,400,21,359,48,135,49,714,50,2825,51,821,52,267,47.0
2026-04-17 11:35:12 PM,KXWTACHALLENGERMATCH-26APR18MARKRA-KRA,46,1410,45,1080,44,597,43,400,21,359,48,135,49,714,50,2625,51,821,52,267,47.0
2026-04-17 11:35:21 PM,KXWTACHALLENGERMATCH-26APR18MARKRA-KRA,46,1410,45,1080,44,597,43,400,21,359,48,135,49,714,50,2825,51,821,52,267,47.0
2026-04-17 11:35:21 PM,KXWTACHALLENGERMATCH-26APR18MARKRA-KRA,46,1410,45,1080,44,597,43,400,21,359,48,135,49,514,50,2825,51,821,52,267,47.0
2026-04-17 11:35:29 PM,KXWTACHALLENGERMATCH-26APR18MARKRA-KRA,46,1410,45,1080,44,597,43,400,21,359,48,135,49,714,50,2825,51,821,52,267,47.0
2026-04-17 11:35:30 PM,KXWTACHALLENGERMATCH-26APR18MARKRA-KRA,46,1410,45,1080,44,597,43,400,21,359,48,135,49,714,50,2625,51,821,52,267,47.0
2026-04-17 11:35:36 PM,KXWTACHALLENGERMATCH-26APR18MARKRA-KRA,46,1410,45,1080,44,597,43,400,21,359,48,135,49,514,50,2625,51,821,52,267,47.0
2026-04-17 11:35:39 PM,KXWTACHALLENGERMATCH-26APR18MARKRA-KRA,46,1410,45,1080,44,597,43,400,21,359,48,135,49,514,50,2825,51,821,52,267,47.0
2026-04-17 11:35:52 PM,KXWTACHALLENGERMATCH-26APR18MARKRA-KRA,46,1410,45,1080,44,597,43,400,21,359,48,135,49,714,50,2825,51,821,52,267,47.0
2026-04-17 11:35:52 PM,KXWTACHALLENGERMATCH-26APR18MARKRA-KRA,46,1410,45,1080,44,597,43,400,21,359,48,135,49,714,50,2625,51,821,52,267,47.0
2026-04-17 11:36:02 PM,KXWTACHALLENGERMATCH-26APR18MARKRA-KRA,46,1410,45,1080,44,597,43,400,21,359,48,135,49,714,50,1375,51,821,52,267,47.0
2026-04-17 11:36:02 PM,KXWTACHALLENGERMATCH-26APR18MARKRA-KRA,46,1410,45,1080,44,597,43,400,21,359,48,135,49,714,50,2625,51,821,52,267,47.0
2026-04-17 11:38:21 PM,KXWTACHALLENGERMATCH-26APR18MARKRA-KRA,46,1410,45,1080,44,597,43,400,21,359,48,135,49,714,50,3875,51,821,52,267,47.0
2026-04-17 11:38:21 PM,KXWTACHALLENGERMATCH-26APR18MARKRA-KRA,46,1410,45,1080,44,597,43,400,21,359,48,135,49,714,50,2625,51,821,52,267,47.0
2026-04-17 11:40:50 PM,KXWTACHALLENGERMATCH-26APR18MARKRA-KRA,46,1410,45,1080,44,597,43,400,21,359,48,135,49,714,50,1375,51,821,52,267,47.0
2026-04-17 11:40:50 PM,KXWTACHALLENGERMATCH-26APR18MARKRA-KRA,46,1410,45,1080,44,597,43,400,21,359,48,135,49,714,50,2625,51,821,52,267,47.0
2026-04-17 11:42:55 PM,KXWTACHALLENGERMATCH-26APR18MARKRA-KRA,46,1410,45,1080,44,597,43,400,21,359,48,135,49,714,50,1375,51,821,52,267,47.0
2026-04-17 11:42:55 PM,KXWTACHALLENGERMATCH-26APR18MARKRA-KRA,46,1410,45,1080,44,597,43,400,21,359,48,135,49,714,50,2625,51,821,52,267,47.0
2026-04-17 11:43:57 PM,KXWTACHALLENGERMATCH-26APR18MARKRA-KRA,46,1410,45,1080,44,597,43,400,21,359,48,135,49,714,50,2825,51,821,52,267,47.0
2026-04-17 11:43:58 PM,KXWTACHALLENGERMATCH-26APR18MARKRA-KRA,46,1410,45,1080,44,597,43,400,21,359,48,135,49,514,50,2825,51,821,52,267,47.0
2026-04-17 11:44:07 PM,KXWTACHALLENGERMATCH-26APR18MARKRA-KRA,46,1610,45,1080,44,597,43,400,21,359,48,135,49,514,50,2825,51,821,52,267,47.0
2026-04-17 11:44:07 PM,KXWTACHALLENGERMATCH-26APR18MARKRA-KRA,46,1610,45,880,44,597,43,400,21,359,48,135,49,514,50,2825,51,821,52,267,47.0
2026-04-17 11:44:08 PM,KXWTACHALLENGERMATCH-26APR18MARKRA-KRA,46,1410,45,880,44,597,43,400,21,359,48,135,49,514,50,2825,51,821,52,267,47.0
2026-04-17 11:44:21 PM,KXWTACHALLENGERMATCH-26APR18MARKRA-KRA,46,1410,45,1080,44,597,43,400,21,359,48,135,49,514,50,2825,51,821,52,267,47.0
2026-04-17 11:44:31 PM,KXWTACHALLENGERMATCH-26APR18MARKRA-KRA,46,1410,45,1080,44,597,43,400,21,359,48,135,49,514,50,1575,51,821,52,267,47.0
2026-04-17 11:44:31 PM,KXWTACHALLENGERMATCH-26APR18MARKRA-KRA,46,1410,45,1080,44,597,43,400,21,359,48,135,49,514,50,2825,51,821,52,267,47.0
2026-04-17 11:44:37 PM,KXWTACHALLENGERMATCH-26APR18MARKRA-KRA,46,1610,45,1080,44,597,43,400,21,359,48,135,49,514,50,2825,51,821,52,267,47.0
2026-04-17 11:44:38 PM,KXWTACHALLENGERMATCH-26APR18MARKRA-KRA,46,1610,45,880,44,597,43,400,21,359,48,135,49,514,50,2825,51,821,52,267,47.0
2026-04-17 11:44:41 PM,KXWTACHALLENGERMATCH-26APR18MARKRA-KRA,46,1410,45,880,44,597,43,400,21,359,48,135,49,514,50,2825,51,821,52,267,47.0
2026-04-17 11:44:45 PM,KXWTACHALLENGERMATCH-26APR18MARKRA-KRA,46,1410,45,1080,44,597,43,400,21,359,48,135,49,514,50,2825,51,821,52,267,47.0
2026-04-17 11:44:47 PM,KXWTACHALLENGERMATCH-26APR18MARKRA-KRA,46,1410,45,1080,44,597,43,400,21,359,48,135,49,714,50,2825,51,821,52,267,47.0
2026-04-17 11:44:47 PM,KXWTACHALLENGERMATCH-26APR18MARKRA-KRA,46,1410,45,1080,44,597,43,400,21,359,48,135,49,714,50,2625,51,821,52,267,47.0
2026-04-17 11:44:50 PM,KXWTACHALLENGERMATCH-26APR18MARKRA-KRA,46,1410,45,1080,44,597,43,400,21,359,48,135,49,514,50,2625,51,821,52,267,47.0
2026-04-17 11:44:56 PM,KXWTACHALLENGERMATCH-26APR18MARKRA-KRA,46,1410,45,1080,44,597,43,400,21,359,48,135,49,514,50,2825,51,821,52,267,47.0
2026-04-17 11:46:07 PM,KXWTACHALLENGERMATCH-26APR18MARKRA-KRA,46,1410,45,1080,44,597,43,400,21,359,48,135,49,514,50,1575,51,821,52,267,47.0
2026-04-17 11:46:07 PM,KXWTACHALLENGERMATCH-26APR18MARKRA-KRA,46,1410,45,1080,44,597,43,400,21,359,48,135,49,514,50,2825,51,821,52,267,47.0
2026-04-17 11:48:24 PM,KXWTACHALLENGERMATCH-26APR18MARKRA-KRA,46,1410,45,1080,44,597,43,400,21,359,48,135,49,514,50,1575,51,821,52,267,47.0
2026-04-17 11:48:24 PM,KXWTACHALLENGERMATCH-26APR18MARKRA-KRA,46,1410,45,1080,44,597,43,400,21,359,48,135,49,514,50,2825,51,821,52,267,47.0
2026-04-17 11:50:41 PM,KXWTACHALLENGERMATCH-26APR18MARKRA-KRA,46,1410,45,1080,44,597,43,400,21,359,48,135,49,514,50,1575,51,821,52,267,47.0
2026-04-17 11:50:41 PM,KXWTACHALLENGERMATCH-26APR18MARKRA-KRA,46,1410,45,1080,44,597,43,400,21,359,48,135,49,514,50,2825,51,821,52,267,47.0
2026-04-17 11:53:11 PM,KXWTACHALLENGERMATCH-26APR18MARKRA-KRA,46,1410,45,1080,44,597,43,400,21,359,48,135,49,514,50,1575,51,821,52,267,47.0
2026-04-17 11:53:11 PM,KXWTACHALLENGERMATCH-26APR18MARKRA-KRA,46,1410,45,1080,44,597,43,400,21,359,48,135,49,514,50,2825,51,821,52,267,47.0
2026-04-17 11:55:09 PM,KXWTACHALLENGERMATCH-26APR18MARKRA-KRA,46,1610,45,1080,44,597,43,400,21,359,48,135,49,514,50,2825,51,821,52,267,47.0
2026-04-17 11:55:09 PM,KXWTACHALLENGERMATCH-26APR18MARKRA-KRA,46,1610,45,880,44,597,43,400,21,359,48,135,49,514,50,2825,51,821,52,267,47.0
2026-04-17 11:55:26 PM,KXWTACHALLENGERMATCH-26APR18MARKRA-KRA,46,1610,45,1080,44,597,43,400,21,359,48,135,49,514,50,2825,51,821,52,267,47.0
2026-04-17 11:55:26 PM,KXWTACHALLENGERMATCH-26APR18MARKRA-KRA,46,1410,45,1080,44,597,43,400,21,359,48,135,49,514,50,2825,51,821,52,267,47.0
2026-04-17 11:55:27 PM,KXWTACHALLENGERMATCH-26APR18MARKRA-KRA,46,1410,45,880,44,597,43,400,21,359,48,135,49,514,50,2825,51,821,52,267,47.0
2026-04-17 11:55:34 PM,KXWTACHALLENGERMATCH-26APR18MARKRA-KRA,46,1410,45,880,44,597,43,400,21,359,48,135,49,514,50,4075,51,821,52,267,47.0
2026-04-17 11:55:34 PM,KXWTACHALLENGERMATCH-26APR18MARKRA-KRA,46,1410,45,880,44,597,43,400,21,359,48,135,49,514,50,2825,51,821,52,267,47.0
2026-04-17 11:55:34 PM,KXWTACHALLENGERMATCH-26APR18MARKRA-KRA,46,1610,45,880,44,597,43,400,21,359,48,135,49,514,50,2825,51,821,52,267,47.0
2026-04-17 11:56:14 PM,KXWTACHALLENGERMATCH-26APR18MARKRA-KRA,46,1610,45,1080,44,597,43,400,21,359,48,135,49,514,50,2825,51,821,52,267,47.0
2026-04-17 11:56:14 PM,KXWTACHALLENGERMATCH-26APR18MARKRA-KRA,46,1610,45,1080,44,597,43,400,21,359,48,135,49,714,50,2825,51,821,52,267,47.0
2026-04-17 11:56:14 PM,KXWTACHALLENGERMATCH-26APR18MARKRA-KRA,46,1410,45,1080,44,597,43,400,21,359,48,135,49,714,50,2825,51,821,52,267,47.0
2026-04-17 11:56:15 PM,KXWTACHALLENGERMATCH-26APR18MARKRA-KRA,46,1410,45,1080,44,597,43,400,21,359,48,135,49,714,50,2625,51,821,52,267,47.0
2026-04-17 11:56:18 PM,KXWTACHALLENGERMATCH-26APR18MARKRA-KRA,46,1410,45,1080,44,597,43,400,21,359,48,135,49,514,50,2625,51,821,52,267,47.0
2026-04-17 11:56:26 PM,KXWTACHALLENGERMATCH-26APR18MARKRA-KRA,46,1410,45,1080,44,597,43,400,21,359,48,135,49,714,50,2625,51,821,52,267,47.0
2026-04-17 11:56:31 PM,KXWTACHALLENGERMATCH-26APR18MARKRA-KRA,46,1410,45,1080,44,597,43,400,21,359,48,135,49,514,50,2625,51,821,52,267,47.0
2026-04-17 11:56:37 PM,KXWTACHALLENGERMATCH-26APR18MARKRA-KRA,46,1410,45,1080,44,597,43,400,21,359,48,135,49,514,50,2825,51,821,52,267,47.0
2026-04-17 11:56:46 PM,KXWTACHALLENGERMATCH-26APR18MARKRA-KRA,46,1410,45,1080,44,597,43,400,21,359,48,135,49,714,50,2825,51,821,52,267,47.0
2026-04-17 11:56:51 PM,KXWTACHALLENGERMATCH-26APR18MARKRA-KRA,46,1410,45,1080,44,597,43,400,21,359,48,135,49,714,50,2625,51,821,52,267,47.0
2026-04-17 11:56:52 PM,KXWTACHALLENGERMATCH-26APR18MARKRA-KRA,46,1410,45,1080,44,597,43,400,21,359,48,135,49,514,50,2625,51,821,52,267,47.0
2026-04-17 11:56:52 PM,KXWTACHALLENGERMATCH-26APR18MARKRA-KRA,46,1410,45,880,44,597,43,400,21,359,48,135,49,514,50,2625,51,821,52,267,47.0
2026-04-17 11:56:52 PM,KXWTACHALLENGERMATCH-26APR18MARKRA-KRA,46,1410,45,1080,44,597,43,400,21,359,48,135,49,514,50,2625,51,821,52,267,47.0
2026-04-17 11:56:54 PM,KXWTACHALLENGERMATCH-26APR18MARKRA-KRA,46,1410,45,1080,44,597,43,400,21,359,48,135,49,514,50,2825,51,821,52,267,47.0
2026-04-17 11:57:00 PM,KXWTACHALLENGERMATCH-26APR18MARKRA-KRA,46,1410,45,1080,44,597,43,400,21,359,48,135,49,514,50,2625,51,821,52,267,47.0
2026-04-17 11:57:03 PM,KXWTACHALLENGERMATCH-26APR18MARKRA-KRA,46,1410,45,1080,44,597,43,400,21,359,48,135,49,514,50,2825,51,821,52,267,47.0
2026-04-17 11:57:06 PM,KXWTACHALLENGERMATCH-26APR18MARKRA-KRA,46,1410,45,1080,44,597,43,400,21,359,48,135,49,514,50,2625,51,821,52,267,47.0
2026-04-17 11:57:15 PM,KXWTACHALLENGERMATCH-26APR18MARKRA-KRA,46,1410,45,1080,44,597,43,400,21,359,48,135,49,514,50,2825,51,821,52,267,47.0
2026-04-17 11:57:22 PM,KXWTACHALLENGERMATCH-26APR18MARKRA-KRA,46,1410,45,1080,44,597,43,400,21,359,48,135,49,514,50,2625,51,821,52,267,47.0
2026-04-17 11:57:30 PM,KXWTACHALLENGERMATCH-26APR18MARKRA-KRA,46,1410,45,1080,44,597,43,400,21,359,48,135,49,514,50,2825,51,821,52,267,47.0
2026-04-17 11:57:30 PM,KXWTACHALLENGERMATCH-26APR18MARKRA-KRA,46,1410,45,880,44,597,43,400,21,359,48,135,49,514,50,2825,51,821,52,267,47.0
2026-04-17 11:57:30 PM,KXWTACHALLENGERMATCH-26APR18MARKRA-KRA,46,1610,45,880,44,597,43,400,21,359,48,135,49,514,50,2825,51,821,52,267,47.0
2026-04-17 11:57:31 PM,KXWTACHALLENGERMATCH-26APR18MARKRA-KRA,46,1410,45,880,44,597,43,400,21,359,48,135,49,514,50,2825,51,821,52,267,47.0
2026-04-17 11:57:38 PM,KXWTACHALLENGERMATCH-26APR18MARKRA-KRA,46,1410,45,1080,44,597,43,400,21,359,48,135,49,514,50,2825,51,821,52,267,47.0
2026-04-17 11:57:41 PM,KXWTACHALLENGERMATCH-26APR18MARKRA-KRA,46,1410,45,1080,44,597,43,400,21,359,48,135,49,514,50,1575,51,821,52,267,47.0
2026-04-17 11:57:41 PM,KXWTACHALLENGERMATCH-26APR18MARKRA-KRA,46,1410,45,1080,44,597,43,400,21,359,48,135,49,514,50,2825,51,821,52,267,47.0
2026-04-17 11:59:44 PM,KXWTACHALLENGERMATCH-26APR18MARKRA-KRA,46,1410,45,1080,44,597,43,400,21,359,48,135,49,514,50,1575,51,821,52,267,47.0
2026-04-17 11:59:44 PM,KXWTACHALLENGERMATCH-26APR18MARKRA-KRA,46,1410,45,1080,44,597,43,400,21,359,48,135,49,514,50,2825,51,821,52,267,47.0
2026-04-18 12:00:12 AM,KXWTACHALLENGERMATCH-26APR18MARKRA-KRA,46,1610,45,1080,44,597,43,400,21,359,48,135,49,514,50,2825,51,821,52,267,47.0
2026-04-18 12:00:13 AM,KXWTACHALLENGERMATCH-26APR18MARKRA-KRA,46,1610,45,880,44,597,43,400,21,359,48,135,49,514,50,2825,51,821,52,267,47.0
2026-04-18 12:00:13 AM,KXWTACHALLENGERMATCH-26APR18MARKRA-KRA,46,1610,45,880,44,597,43,400,21,359,48,135,49,714,50,2825,51,821,52,267,47.0
2026-04-18 12:00:13 AM,KXWTACHALLENGERMATCH-26APR18MARKRA-KRA,46,1410,45,880,44,597,43,400,21,359,48,135,49,714,50,2825,51,821,52,267,47.0
2026-04-18 12:00:13 AM,KXWTACHALLENGERMATCH-26APR18MARKRA-KRA,46,1410,45,880,44,597,43,400,21,359,48,135,49,714,50,2625,51,821,52,267,47.0
2026-04-18 12:00:14 AM,KXWTACHALLENGERMATCH-26APR18MARKRA-KRA,46,1410,45,880,44,597,43,400,21,359,48,135,49,514,50,2625,51,821,52,267,47.0
2026-04-18 12:00:21 AM,KXWTACHALLENGERMATCH-26APR18MARKRA-KRA,46,1610,45,880,44,597,43,400,21,359,48,135,49,514,50,2625,51,821,52,267,47.0
2026-04-18 12:00:21 AM,KXWTACHALLENGERMATCH-26APR18MARKRA-KRA,46,1610,45,880,44,597,43,400,21,359,48,135,49,514,50,2825,51,821,52,267,47.0
2026-04-18 12:00:30 AM,KXWTACHALLENGERMATCH-26APR18MARKRA-KRA,46,1610,45,1080,44,597,43,400,21,359,48,135,49,514,50,2825,51,821,52,267,47.0
2026-04-18 12:00:30 AM,KXWTACHALLENGERMATCH-26APR18MARKRA-KRA,46,1610,45,1080,44,597,43,400,21,359,48,135,49,714,50,2825,51,821,52,267,47.0
2026-04-18 12:00:30 AM,KXWTACHALLENGERMATCH-26APR18MARKRA-KRA,46,1410,45,1080,44,597,43,400,21,359,48,135,49,714,50,2825,51,821,52,267,47.0
2026-04-18 12:00:30 AM,KXWTACHALLENGERMATCH-26APR18MARKRA-KRA,46,1410,45,1080,44,597,43,400,21,359,48,135,49,714,50,2625,51,821,52,267,47.0
2026-04-18 12:00:34 AM,KXWTACHALLENGERMATCH-26APR18MARKRA-KRA,46,1410,45,1080,44,597,43,400,21,359,48,135,49,514,50,2625,51,821,52,267,47.0
2026-04-18 12:00:34 AM,KXWTACHALLENGERMATCH-26APR18MARKRA-KRA,46,1410,45,880,44,597,43,400,21,359,48,135,49,514,50,2625,51,821,52,267,47.0
2026-04-18 12:00:38 AM,KXWTACHALLENGERMATCH-26APR18MARKRA-KRA,46,1410,45,1080,44,597,43,400,21,359,48,135,49,514,50,2625,51,821,52,267,47.0
2026-04-18 12:00:38 AM,KXWTACHALLENGERMATCH-26APR18MARKRA-KRA,46,1410,45,1080,44,597,43,400,21,359,48,135,49,514,50,2825,51,821,52,267,47.0
2026-04-18 12:00:53 AM,KXWTACHALLENGERMATCH-26APR18MARKRA-KRA,46,1410,45,1080,44,599,43,400,21,359,48,135,49,514,50,2825,51,821,52,267,47.0
2026-04-18 12:00:53 AM,KXWTACHALLENGERMATCH-26APR18MARKRA-KRA,46,1410,45,1080,44,599,43,400,21,359,48,135,49,514,50,2825,51,821,52,269,47.0
2026-04-18 12:00:53 AM,KXWTACHALLENGERMATCH-26APR18MARKRA-KRA,46,1410,45,1080,44,599,43,402,21,359,48,135,49,514,50,2825,51,821,52,269,47.0
2026-04-18 12:01:04 AM,KXWTACHALLENGERMATCH-26APR18MARKRA-KRA,46,1610,45,1080,44,599,43,402,21,359,48,135,49,514,50,2825,51,821,52,269,47.0
2026-04-18 12:01:15 AM,KXWTACHALLENGERMATCH-26APR18MARKRA-KRA,46,1610,45,880,44,599,43,402,21,359,48,135,49,514,50,2825,51,821,52,269,47.0
2026-04-18 12:02:05 AM,KXWTACHALLENGERMATCH-26APR18MARKRA-KRA,46,1610,45,880,44,599,43,402,21,359,48,135,49,514,50,1575,51,821,52,269,47.0
2026-04-18 12:02:05 AM,KXWTACHALLENGERMATCH-26APR18MARKRA-KRA,46,1610,45,880,44,599,43,402,21,359,48,135,49,514,50,2825,51,821,52,269,47.0
2026-04-18 12:04:28 AM,KXWTACHALLENGERMATCH-26APR18MARKRA-KRA,46,1610,45,880,44,599,43,402,21,359,48,135,49,514,50,1575,51,821,52,269,47.0
2026-04-18 12:04:28 AM,KXWTACHALLENGERMATCH-26APR18MARKRA-KRA,46,1610,45,880,44,599,43,402,21,359,48,135,49,514,50,2825,51,821,52,269,47.0
2026-04-18 12:06:18 AM,KXWTACHALLENGERMATCH-26APR18MARKRA-KRA,46,1610,45,880,44,599,43,402,21,359,48,135,49,514,50,1575,51,821,52,269,47.0
2026-04-18 12:06:18 AM,KXWTACHALLENGERMATCH-26APR18MARKRA-KRA,46,1610,45,880,44,599,43,402,21,359,48,135,49,514,50,2825,51,821,52,269,47.0
2026-04-18 12:08:39 AM,KXWTACHALLENGERMATCH-26APR18MARKRA-KRA,46,1610,45,880,44,599,43,402,21,359,48,135,49,514,50,1575,51,821,52,269,47.0
2026-04-18 12:08:39 AM,KXWTACHALLENGERMATCH-26APR18MARKRA-KRA,46,1610,45,880,44,599,43,402,21,359,48,135,49,514,50,2825,51,821,52,269,47.0
2026-04-18 12:10:52 AM,KXWTACHALLENGERMATCH-26APR18MARKRA-KRA,46,1610,45,880,44,599,43,402,21,359,48,135,49,514,50,1575,51,821,52,269,47.0
2026-04-18 12:10:52 AM,KXWTACHALLENGERMATCH-26APR18MARKRA-KRA,46,1610,45,880,44,599,43,402,21,359,48,135,49,514,50,2825,51,821,52,269,47.0
2026-04-18 12:13:00 AM,KXWTACHALLENGERMATCH-26APR18MARKRA-KRA,46,1610,45,880,44,599,43,402,21,359,48,135,49,514,50,4075,51,821,52,269,47.0
2026-04-18 12:13:00 AM,KXWTACHALLENGERMATCH-26APR18MARKRA-KRA,46,1610,45,880,44,599,43,402,21,359,48,135,49,514,50,2825,51,821,52,269,47.0
2026-04-18 12:14:16 AM,KXWTACHALLENGERMATCH-26APR18MARKRA-KRA,46,1610,45,880,44,599,43,402,21,359,47,50,48,135,49,514,50,2825,51,821,46.5
2026-04-18 12:14:17 AM,KXWTACHALLENGERMATCH-26APR18MARKRA-KRA,46,1410,45,880,44,599,43,402,21,359,47,50,48,135,49,514,50,2825,51,821,46.5
2026-04-18 12:14:17 AM,KXWTACHALLENGERMATCH-26APR18MARKRA-KRA,46,1410,45,880,44,599,43,402,21,359,47,50,48,135,49,514,50,2625,51,821,46.5
2026-04-18 12:14:17 AM,KXWTACHALLENGERMATCH-26APR18MARKRA-KRA,46,1410,45,1080,44,599,43,402,21,359,47,50,48,135,49,514,50,2625,51,821,46.5
2026-04-18 12:14:17 AM,KXWTACHALLENGERMATCH-26APR18MARKRA-KRA,46,1410,45,1080,44,599,43,402,21,359,47,50,48,135,49,514,50,2825,51,821,46.5
2026-04-18 12:14:31 AM,KXWTACHALLENGERMATCH-26APR18MARKRA-KRA,46,1410,45,1080,44,599,43,402,21,359,47,50,48,135,49,514,50,4075,51,821,46.5
2026-04-18 12:14:31 AM,KXWTACHALLENGERMATCH-26APR18MARKRA-KRA,46,1410,45,1080,44,599,43,402,21,359,47,50,48,135,49,514,50,2825,51,821,46.5
2026-04-18 12:16:05 AM,KXWTACHALLENGERMATCH-26APR18MARKRA-KRA,46,1410,45,1080,44,599,43,402,21,359,47,50,48,135,49,514,50,1575,51,821,46.5
2026-04-18 12:16:05 AM,KXWTACHALLENGERMATCH-26APR18MARKRA-KRA,46,1410,45,1080,44,599,43,402,21,359,47,50,48,135,49,514,50,2825,51,821,46.5
2026-04-18 12:18:22 AM,KXWTACHALLENGERMATCH-26APR18MARKRA-KRA,46,1410,45,1080,44,599,43,402,21,359,47,50,48,135,49,514,50,1575,51,821,46.5
2026-04-18 12:18:22 AM,KXWTACHALLENGERMATCH-26APR18MARKRA-KRA,46,1410,45,1080,44,599,43,402,21,359,47,50,48,135,49,514,50,2825,51,821,46.5
2026-04-18 12:20:13 AM,KXWTACHALLENGERMATCH-26APR18MARKRA-KRA,46,1410,45,1080,44,599,43,402,21,359,47,50,48,135,49,514,50,1575,51,821,46.5
2026-04-18 12:20:13 AM,KXWTACHALLENGERMATCH-26APR18MARKRA-KRA,46,1410,45,1080,44,599,43,402,21,359,47,50,48,135,49,514,50,2825,51,821,46.5
2026-04-18 12:22:33 AM,KXWTACHALLENGERMATCH-26APR18MARKRA-KRA,46,1410,45,1080,44,599,43,402,21,359,47,50,48,135,49,514,50,1575,51,821,46.5
2026-04-18 12:22:33 AM,KXWTACHALLENGERMATCH-26APR18MARKRA-KRA,46,1410,45,1080,44,599,43,402,21,359,47,50,48,135,49,514,50,2825,51,821,46.5
2026-04-18 12:25:00 AM,KXWTACHALLENGERMATCH-26APR18MARKRA-KRA,46,1410,45,1080,44,599,43,402,21,359,47,50,48,135,49,514,50,1575,51,821,46.5
2026-04-18 12:25:00 AM,KXWTACHALLENGERMATCH-26APR18MARKRA-KRA,46,1410,45,1080,44,599,43,402,21,359,47,50,48,135,49,514,50,2825,51,821,46.5
2026-04-18 12:26:46 AM,KXWTACHALLENGERMATCH-26APR18MARKRA-KRA,46,1410,45,1080,44,599,43,402,21,359,47,50,48,135,49,514,50,1575,51,821,46.5
2026-04-18 12:26:46 AM,KXWTACHALLENGERMATCH-26APR18MARKRA-KRA,46,1410,45,1080,44,599,43,402,21,359,47,50,48,135,49,514,50,2825,51,821,46.5
2026-04-18 12:28:16 AM,KXWTACHALLENGERMATCH-26APR18MARKRA-KRA,46,1410,45,1080,44,599,43,402,21,359,47,50,48,135,49,514,50,1575,51,821,46.5
2026-04-18 12:28:16 AM,KXWTACHALLENGERMATCH-26APR18MARKRA-KRA,46,1410,45,1080,44,599,43,402,21,359,47,50,48,135,49,514,50,2825,51,821,46.5
2026-04-18 12:30:02 AM,KXWTACHALLENGERMATCH-26APR18MARKRA-KRA,46,1410,45,1080,44,599,43,402,21,359,47,50,48,135,49,514,50,1575,51,821,46.5
2026-04-18 12:30:02 AM,KXWTACHALLENGERMATCH-26APR18MARKRA-KRA,46,1410,45,1080,44,599,43,402,21,359,47,50,48,135,49,514,50,2825,51,821,46.5
2026-04-18 12:31:51 AM,KXWTACHALLENGERMATCH-26APR18MARKRA-KRA,46,1410,45,1080,44,599,43,402,21,359,47,50,48,135,49,514,50,1575,51,821,46.5
2026-04-18 12:31:51 AM,KXWTACHALLENGERMATCH-26APR18MARKRA-KRA,46,1410,45,1080,44,599,43,402,21,359,47,50,48,135,49,514,50,2825,51,821,46.5
2026-04-18 12:34:20 AM,KXWTACHALLENGERMATCH-26APR18MARKRA-KRA,46,1410,45,1080,44,599,43,402,21,359,47,50,48,135,49,514,50,1575,51,821,46.5
2026-04-18 12:34:20 AM,KXWTACHALLENGERMATCH-26APR18MARKRA-KRA,46,1410,45,1080,44,599,43,402,21,359,47,50,48,135,49,514,50,2825,51,821,46.5
2026-04-18 12:36:14 AM,KXWTACHALLENGERMATCH-26APR18MARKRA-KRA,46,1410,45,1080,44,599,43,402,21,359,47,50,48,135,49,514,50,1575,51,821,46.5
2026-04-18 12:36:14 AM,KXWTACHALLENGERMATCH-26APR18MARKRA-KRA,46,1410,45,1080,44,599,43,402,21,359,47,50,48,135,49,514,50,2825,51,821,46.5
2026-04-18 12:39:59 AM,KXWTACHALLENGERMATCH-26APR18MARKRA-KRA,46,1410,45,1080,44,599,43,402,21,359,47,50,48,135,49,514,50,1575,51,821,46.5
2026-04-18 12:39:59 AM,KXWTACHALLENGERMATCH-26APR18MARKRA-KRA,46,1410,45,1080,44,599,43,402,21,359,47,50,48,135,49,514,50,2825,51,821,46.5
2026-04-18 12:41:49 AM,KXWTACHALLENGERMATCH-26APR18MARKRA-KRA,46,1410,45,1080,44,599,43,402,21,359,47,50,48,135,49,514,50,1575,51,821,46.5
2026-04-18 12:41:49 AM,KXWTACHALLENGERMATCH-26APR18MARKRA-KRA,46,1410,45,1080,44,599,43,402,21,359,47,50,48,135,49,514,50,2825,51,821,46.5
2026-04-18 12:44:01 AM,KXWTACHALLENGERMATCH-26APR18MARKRA-KRA,46,1410,45,1080,44,599,43,402,21,359,47,50,48,135,49,514,50,4075,51,821,46.5
2026-04-18 12:44:01 AM,KXWTACHALLENGERMATCH-26APR18MARKRA-KRA,46,1410,45,1080,44,599,43,402,21,359,47,50,48,135,49,514,50,2825,51,821,46.5
2026-04-18 12:46:23 AM,KXWTACHALLENGERMATCH-26APR18MARKRA-KRA,46,1410,45,1080,44,599,43,402,21,359,47,50,48,135,49,514,50,1575,51,821,46.5
2026-04-18 12:46:23 AM,KXWTACHALLENGERMATCH-26APR18MARKRA-KRA,46,1410,45,1080,44,599,43,402,21,359,47,50,48,135,49,514,50,2825,51,821,46.5
2026-04-18 12:48:35 AM,KXWTACHALLENGERMATCH-26APR18MARKRA-KRA,46,1410,45,1080,44,599,43,402,21,359,47,50,48,135,49,514,50,1575,51,821,46.5
2026-04-18 12:48:35 AM,KXWTACHALLENGERMATCH-26APR18MARKRA-KRA,46,1410,45,1080,44,599,43,402,21,359,47,50,48,135,49,514,50,2825,51,821,46.5
2026-04-18 12:50:39 AM,KXWTACHALLENGERMATCH-26APR18MARKRA-KRA,46,1410,45,1080,44,599,43,402,21,359,47,50,48,135,49,514,50,1575,51,821,46.5
2026-04-18 12:50:40 AM,KXWTACHALLENGERMATCH-26APR18MARKRA-KRA,46,1410,45,1080,44,599,43,402,21,359,47,50,48,135,49,514,50,2825,51,821,46.5
2026-04-18 12:52:57 AM,KXWTACHALLENGERMATCH-26APR18MARKRA-KRA,46,1410,45,1080,44,599,43,402,21,359,47,50,48,135,49,514,50,1575,51,821,46.5
2026-04-18 12:52:57 AM,KXWTACHALLENGERMATCH-26APR18MARKRA-KRA,46,1410,45,1080,44,599,43,402,21,359,47,50,48,135,49,514,50,2825,51,821,46.5
2026-04-18 12:53:52 AM,KXWTACHALLENGERMATCH-26APR18MARKRA-KRA,46,1613,45,1080,44,599,43,402,21,359,47,50,48,135,49,514,50,2825,51,821,46.5
2026-04-18 12:53:52 AM,KXWTACHALLENGERMATCH-26APR18MARKRA-KRA,46,1613,45,880,44,599,43,402,21,359,47,50,48,135,49,514,50,2825,51,821,46.5
2026-04-18 12:54:04 AM,KXWTACHALLENGERMATCH-26APR18MARKRA-KRA,46,1613,45,1083,44,599,43,402,21,359,47,50,48,135,49,514,50,2825,51,821,46.5
2026-04-18 12:54:04 AM,KXWTACHALLENGERMATCH-26APR18MARKRA-KRA,46,1613,45,1083,44,599,43,402,21,359,47,50,48,135,49,717,50,2825,51,821,46.5
2026-04-18 12:54:04 AM,KXWTACHALLENGERMATCH-26APR18MARKRA-KRA,46,1410,45,1083,44,599,43,402,21,359,47,50,48,135,49,717,50,2825,51,821,46.5
2026-04-18 12:54:05 AM,KXWTACHALLENGERMATCH-26APR18MARKRA-KRA,46,1410,45,1083,44,599,43,402,21,359,47,50,48,135,49,717,50,2625,51,821,46.5
2026-04-18 12:54:06 AM,KXWTACHALLENGERMATCH-26APR18MARKRA-KRA,46,1410,45,1083,44,599,43,402,21,359,47,50,48,135,49,514,50,2625,51,821,46.5
2026-04-18 12:54:18 AM,KXWTACHALLENGERMATCH-26APR18MARKRA-KRA,46,1410,45,1083,44,599,43,402,21,359,47,50,48,135,49,514,50,2828,51,821,46.5
2026-04-18 12:55:12 AM,KXWTACHALLENGERMATCH-26APR18MARKRA-KRA,46,1410,45,1083,44,599,43,402,21,359,47,50,48,135,49,514,50,1578,51,821,46.5
2026-04-18 12:55:12 AM,KXWTACHALLENGERMATCH-26APR18MARKRA-KRA,46,1410,45,1083,44,599,43,402,21,359,47,50,48,135,49,514,50,2828,51,821,46.5
2026-04-18 12:56:39 AM,KXWTACHALLENGERMATCH-26APR18MARKRA-KRA,46,1410,45,1083,44,599,43,402,21,359,47,50,48,135,49,514,50,2625,51,821,46.5
2026-04-18 12:56:39 AM,KXWTACHALLENGERMATCH-26APR18MARKRA-KRA,46,1410,45,1083,44,599,43,402,21,359,47,50,48,135,49,514,50,2828,51,821,46.5
2026-04-18 12:56:51 AM,KXWTACHALLENGERMATCH-26APR18MARKRA-KRA,46,1410,45,1083,44,599,43,402,21,359,47,50,48,135,49,514,50,1578,51,821,46.5
2026-04-18 12:56:51 AM,KXWTACHALLENGERMATCH-26APR18MARKRA-KRA,46,1410,45,1083,44,599,43,402,21,359,47,50,48,135,49,514,50,2828,51,821,46.5
2026-04-18 12:58:50 AM,KXWTACHALLENGERMATCH-26APR18MARKRA-KRA,46,1410,45,1083,44,599,43,402,21,359,47,50,48,135,49,514,50,1578,51,821,46.5
2026-04-18 12:58:50 AM,KXWTACHALLENGERMATCH-26APR18MARKRA-KRA,46,1410,45,1083,44,599,43,402,21,359,47,50,48,135,49,514,50,2828,51,821,46.5
2026-04-18 01:00:04 AM,KXWTACHALLENGERMATCH-26APR18MARKRA-KRA,46,1410,45,1083,44,599,43,402,21,359,47,50,48,135,49,1138,50,2828,51,821,46.5
2026-04-18 01:01:07 AM,KXWTACHALLENGERMATCH-26APR18MARKRA-KRA,46,1410,45,1083,44,599,43,402,21,359,47,50,48,135,49,1138,50,1578,51,821,46.5
2026-04-18 01:01:07 AM,KXWTACHALLENGERMATCH-26APR18MARKRA-KRA,46,1410,45,1083,44,599,43,402,21,359,47,50,48,135,49,1138,50,2828,51,821,46.5
2026-04-18 01:03:20 AM,KXWTACHALLENGERMATCH-26APR18MARKRA-KRA,46,1410,45,1083,44,599,43,402,21,359,47,50,48,135,49,1138,50,1578,51,821,46.5
2026-04-18 01:03:20 AM,KXWTACHALLENGERMATCH-26APR18MARKRA-KRA,46,1410,45,1083,44,599,43,402,21,359,47,50,48,135,49,1138,50,2828,51,821,46.5
2026-04-18 01:05:09 AM,KXWTACHALLENGERMATCH-26APR18MARKRA-KRA,46,1410,45,1083,44,599,43,402,21,359,47,50,48,135,49,1138,50,1578,51,821,46.5
2026-04-18 01:05:09 AM,KXWTACHALLENGERMATCH-26APR18MARKRA-KRA,46,1410,45,1083,44,599,43,402,21,359,47,50,48,135,49,1138,50,2828,51,821,46.5
2026-04-18 01:09:39 AM,KXWTACHALLENGERMATCH-26APR18MARKRA-KRA,46,1410,45,1083,44,599,43,402,21,359,47,50,48,135,49,1138,50,1578,51,821,46.5
2026-04-18 01:09:39 AM,KXWTACHALLENGERMATCH-26APR18MARKRA-KRA,46,1410,45,1083,44,599,43,402,21,359,47,50,48,135,49,1138,50,2828,51,821,46.5
2026-04-18 01:11:10 AM,KXWTACHALLENGERMATCH-26APR18MARKRA-KRA,46,1410,45,1083,44,599,43,402,21,359,47,50,48,135,49,1138,50,1578,51,821,46.5
2026-04-18 01:11:10 AM,KXWTACHALLENGERMATCH-26APR18MARKRA-KRA,46,1410,45,1083,44,599,43,402,21,359,47,50,48,135,49,1138,50,2828,51,821,46.5
2026-04-18 01:12:06 AM,KXWTACHALLENGERMATCH-26APR18MARKRA-KRA,46,1410,45,1083,44,599,43,402,21,359,47,50,48,134,49,1138,50,2828,51,821,46.5
2026-04-18 01:12:57 AM,KXWTACHALLENGERMATCH-26APR18MARKRA-KRA,46,1410,45,1083,44,599,43,402,21,359,47,50,48,134,49,1138,50,1578,51,821,46.5
2026-04-18 01:12:57 AM,KXWTACHALLENGERMATCH-26APR18MARKRA-KRA,46,1410,45,1083,44,599,43,402,21,359,47,50,48,134,49,1138,50,2828,51,821,46.5
2026-04-18 01:15:15 AM,KXWTACHALLENGERMATCH-26APR18MARKRA-KRA,46,1410,45,1083,44,599,43,402,21,359,47,50,48,134,49,1138,50,1578,51,821,46.5
2026-04-18 01:15:15 AM,KXWTACHALLENGERMATCH-26APR18MARKRA-KRA,46,1410,45,1083,44,599,43,402,21,359,47,50,48,134,49,1138,50,2828,51,821,46.5
2026-04-18 01:16:48 AM,KXWTACHALLENGERMATCH-26APR18MARKRA-KRA,46,1410,45,1083,44,599,43,402,21,359,47,50,48,134,49,1138,50,1578,51,821,46.5
2026-04-18 01:16:48 AM,KXWTACHALLENGERMATCH-26APR18MARKRA-KRA,46,1410,45,1083,44,599,43,402,21,359,47,50,48,134,49,1138,50,2828,51,821,46.5
2026-04-18 01:17:29 AM,KXWTACHALLENGERMATCH-26APR18MARKRA-KRA,46,1410,45,1083,44,599,43,402,21,359,47,50,48,134,49,1138,50,2828,51,821,46.5
2026-04-18 01:18:54 AM,KXWTACHALLENGERMATCH-26APR18MARKRA-KRA,46,1410,45,1083,44,599,43,402,21,359,47,50,48,134,49,1138,50,1578,51,821,46.5
2026-04-18 01:18:54 AM,KXWTACHALLENGERMATCH-26APR18MARKRA-KRA,46,1410,45,1083,44,599,43,402,21,359,47,50,48,134,49,1138,50,2828,51,821,46.5
2026-04-18 01:20:27 AM,KXWTACHALLENGERMATCH-26APR18MARKRA-KRA,46,1410,45,1083,44,599,43,402,21,359,47,50,48,134,49,1138,50,1578,51,821,46.5
2026-04-18 01:20:27 AM,KXWTACHALLENGERMATCH-26APR18MARKRA-KRA,46,1410,45,1083,44,599,43,402,21,359,47,50,48,134,49,1138,50,2828,51,821,46.5
2026-04-18 01:22:13 AM,KXWTACHALLENGERMATCH-26APR18MARKRA-KRA,46,1410,45,1083,44,599,43,402,21,359,47,50,48,134,49,1138,50,4078,51,821,46.5
2026-04-18 01:22:13 AM,KXWTACHALLENGERMATCH-26APR18MARKRA-KRA,46,1410,45,1083,44,599,43,402,21,359,47,50,48,134,49,1138,50,2828,51,821,46.5
2026-04-18 01:23:49 AM,KXWTACHALLENGERMATCH-26APR18MARKRA-KRA,46,1410,45,1083,44,599,43,402,21,359,47,50,48,134,49,1138,50,1578,51,821,46.5
2026-04-18 01:23:49 AM,KXWTACHALLENGERMATCH-26APR18MARKRA-KRA,46,1410,45,1083,44,599,43,402,21,359,47,50,48,134,49,1138,50,2828,51,821,46.5
2026-04-18 01:25:31 AM,KXWTACHALLENGERMATCH-26APR18MARKRA-KRA,46,1410,45,1083,44,599,43,402,21,359,47,50,48,134,49,1138,50,1578,51,821,46.5
2026-04-18 01:25:31 AM,KXWTACHALLENGERMATCH-26APR18MARKRA-KRA,46,1410,45,1083,44,599,43,402,21,359,47,50,48,134,49,1138,50,2828,51,821,46.5
2026-04-18 01:26:45 AM,KXWTACHALLENGERMATCH-26APR18MARKRA-KRA,46,1613,45,1083,44,599,43,402,21,359,47,50,48,134,49,1138,50,2828,51,821,46.5
2026-04-18 01:26:49 AM,KXWTACHALLENGERMATCH-26APR18MARKRA-KRA,46,1613,45,880,44,599,43,402,21,359,47,50,48,134,49,1138,50,2828,51,821,46.5
2026-04-18 01:26:55 AM,KXWTACHALLENGERMATCH-26APR18MARKRA-KRA,46,1613,45,880,44,599,43,402,21,359,48,134,49,1138,50,2828,51,821,52,269,47.0
2026-04-18 01:26:55 AM,KXWTACHALLENGERMATCH-26APR18MARKRA-KRA,46,1613,45,1083,44,599,43,402,21,359,48,134,49,1138,50,2828,51,821,52,269,47.0
2026-04-18 01:26:55 AM,KXWTACHALLENGERMATCH-26APR18MARKRA-KRA,46,1410,45,1083,44,599,43,402,21,359,48,134,49,1138,50,2828,51,821,52,269,47.0
2026-04-18 01:27:07 AM,KXWTACHALLENGERMATCH-26APR18MARKRA-KRA,46,1410,45,1083,44,599,43,402,21,359,48,134,49,1138,50,1578,51,821,52,269,47.0
2026-04-18 01:27:07 AM,KXWTACHALLENGERMATCH-26APR18MARKRA-KRA,46,1410,45,1083,44,599,43,402,21,359,48,134,49,1138,50,2828,51,821,52,269,47.0
2026-04-18 01:29:37 AM,KXWTACHALLENGERMATCH-26APR18MARKRA-KRA,46,1410,45,1083,44,599,43,402,21,359,48,134,49,1138,50,1578,51,821,52,269,47.0
2026-04-18 01:29:37 AM,KXWTACHALLENGERMATCH-26APR18MARKRA-KRA,46,1410,45,1083,44,599,43,402,21,359,48,134,49,1138,50,2828,51,821,52,269,47.0
2026-04-18 01:30:41 AM,KXWTACHALLENGERMATCH-26APR18MARKRA-KRA,46,1613,45,1083,44,599,43,402,21,359,48,134,49,1138,50,2828,51,821,52,269,47.0
2026-04-18 01:30:41 AM,KXWTACHALLENGERMATCH-26APR18MARKRA-KRA,46,1613,45,880,44,599,43,402,21,359,48,134,49,1138,50,2828,51,821,52,269,47.0
2026-04-18 01:31:21 AM,KXWTACHALLENGERMATCH-26APR18MARKRA-KRA,46,1613,45,880,44,599,43,402,21,359,48,134,49,1138,50,1578,51,821,52,269,47.0
2026-04-18 01:31:21 AM,KXWTACHALLENGERMATCH-26APR18MARKRA-KRA,46,1613,45,880,44,599,43,402,21,359,48,134,49,1138,50,2828,51,821,52,269,47.0
2026-04-18 01:32:21 AM,KXWTACHALLENGERMATCH-26APR18MARKRA-KRA,46,1613,45,1083,44,599,43,402,21,359,48,134,49,1138,50,2828,51,821,52,269,47.0
2026-04-18 01:32:21 AM,KXWTACHALLENGERMATCH-26APR18MARKRA-KRA,46,1410,45,1083,44,599,43,402,21,359,48,134,49,1138,50,2828,51,821,52,269,47.0
2026-04-18 01:32:22 AM,KXWTACHALLENGERMATCH-26APR18MARKRA-KRA,46,1410,45,1083,44,599,43,402,21,359,48,134,49,1138,50,2625,51,821,52,269,47.0
2026-04-18 01:32:22 AM,KXWTACHALLENGERMATCH-26APR18MARKRA-KRA,46,1410,45,1083,44,599,43,402,21,359,48,134,49,1138,50,2828,51,821,52,269,47.0
2026-04-18 01:33:12 AM,KXWTACHALLENGERMATCH-26APR18MARKRA-KRA,46,1410,45,1083,44,599,43,402,21,359,48,134,49,1138,50,4078,51,821,52,269,47.0
2026-04-18 01:33:12 AM,KXWTACHALLENGERMATCH-26APR18MARKRA-KRA,46,1410,45,1083,44,599,43,402,21,359,48,134,49,1138,50,2828,51,821,52,269,47.0
2026-04-18 01:35:14 AM,KXWTACHALLENGERMATCH-26APR18MARKRA-KRA,46,1410,45,1083,44,599,43,402,21,359,48,134,49,1138,50,4078,51,821,52,269,47.0
2026-04-18 01:35:14 AM,KXWTACHALLENGERMATCH-26APR18MARKRA-KRA,46,1410,45,1083,44,599,43,402,21,359,48,134,49,1138,50,2828,51,821,52,269,47.0
2026-04-18 01:39:41 AM,KXWTACHALLENGERMATCH-26APR18MARKRA-KRA,46,1410,45,1083,44,599,43,402,21,359,48,134,49,1138,50,1578,51,821,52,269,47.0
2026-04-18 01:39:41 AM,KXWTACHALLENGERMATCH-26APR18MARKRA-KRA,46,1410,45,1083,44,599,43,402,21,359,48,134,49,1138,50,2828,51,821,52,269,47.0
2026-04-18 01:41:52 AM,KXWTACHALLENGERMATCH-26APR18MARKRA-KRA,46,1410,45,1083,44,599,43,402,21,359,48,134,49,1138,50,1578,51,821,52,269,47.0
2026-04-18 01:41:52 AM,KXWTACHALLENGERMATCH-26APR18MARKRA-KRA,46,1410,45,1083,44,599,43,402,21,359,48,134,49,1138,50,2828,51,821,52,269,47.0
2026-04-18 01:43:24 AM,KXWTACHALLENGERMATCH-26APR18MARKRA-KRA,46,1410,45,1083,44,599,43,402,21,359,48,134,49,1138,50,4078,51,821,52,269,47.0
2026-04-18 01:43:24 AM,KXWTACHALLENGERMATCH-26APR18MARKRA-KRA,46,1410,45,1083,44,599,43,402,21,359,48,134,49,1138,50,2828,51,821,52,269,47.0
2026-04-18 01:43:25 AM,KXWTACHALLENGERMATCH-26APR18MARKRA-KRA,47,20,46,1410,45,1083,44,599,43,402,48,134,49,1138,50,2828,51,821,52,269,47.5
2026-04-18 01:43:39 AM,KXWTACHALLENGERMATCH-26APR18MARKRA-KRA,46,1410,45,1083,44,599,43,402,21,359,48,134,49,1138,50,2828,51,821,52,269,47.0
2026-04-18 01:45:13 AM,KXWTACHALLENGERMATCH-26APR18MARKRA-KRA,46,1410,45,1083,44,599,43,402,21,359,48,134,49,1138,50,1578,51,821,52,269,47.0
2026-04-18 01:45:13 AM,KXWTACHALLENGERMATCH-26APR18MARKRA-KRA,46,1410,45,1083,44,599,43,402,21,359,48,134,49,1138,50,2828,51,821,52,269,47.0
2026-04-18 01:47:42 AM,KXWTACHALLENGERMATCH-26APR18MARKRA-KRA,46,1410,45,1083,44,599,43,402,21,359,48,134,49,1138,50,1578,51,821,52,269,47.0
2026-04-18 01:47:42 AM,KXWTACHALLENGERMATCH-26APR18MARKRA-KRA,46,1410,45,1083,44,599,43,402,21,359,48,134,49,1138,50,2828,51,821,52,269,47.0
2026-04-18 01:50:08 AM,KXWTACHALLENGERMATCH-26APR18MARKRA-KRA,46,1410,45,1083,44,599,43,402,21,359,48,134,49,1138,50,1578,51,821,52,269,47.0
2026-04-18 01:50:08 AM,KXWTACHALLENGERMATCH-26APR18MARKRA-KRA,46,1410,45,1083,44,599,43,402,21,359,48,134,49,1138,50,2828,51,821,52,269,47.0
2026-04-18 01:51:48 AM,KXWTACHALLENGERMATCH-26APR18MARKRA-KRA,46,1410,45,1083,44,599,43,402,21,359,48,134,49,1138,50,1578,51,821,52,269,47.0
2026-04-18 01:51:48 AM,KXWTACHALLENGERMATCH-26APR18MARKRA-KRA,46,1410,45,1083,44,599,43,402,21,359,48,134,49,1138,50,2828,51,821,52,269,47.0
2026-04-18 01:53:37 AM,KXWTACHALLENGERMATCH-26APR18MARKRA-KRA,46,1410,45,1083,44,599,43,402,21,359,48,134,49,915,50,2828,51,821,52,269,47.0
2026-04-18 01:53:37 AM,KXWTACHALLENGERMATCH-26APR18MARKRA-KRA,46,1410,45,1083,44,599,43,402,21,359,48,134,49,915,50,2328,51,821,52,269,47.0
2026-04-18 01:53:37 AM,KXWTACHALLENGERMATCH-26APR18MARKRA-KRA,46,1319,45,1083,44,599,43,402,21,359,48,134,49,915,50,2328,51,821,52,269,47.0
2026-04-18 01:53:37 AM,KXWTACHALLENGERMATCH-26APR18MARKRA-KRA,46,1319,45,1583,44,599,43,402,21,359,48,134,49,915,50,2328,51,821,52,269,47.0
2026-04-18 01:53:37 AM,KXWTACHALLENGERMATCH-26APR18MARKRA-KRA,46,1319,45,1583,44,599,43,402,21,359,48,214,49,915,50,2328,51,821,52,269,47.0
2026-04-18 01:53:37 AM,KXWTACHALLENGERMATCH-26APR18MARKRA-KRA,46,1319,45,1583,44,599,43,402,21,359,48,214,49,1149,50,2328,51,821,52,269,47.0
2026-04-18 01:53:37 AM,KXWTACHALLENGERMATCH-26APR18MARKRA-KRA,46,1319,45,1583,44,599,43,402,21,359,48,214,49,1149,50,1078,51,821,52,269,47.0
2026-04-18 01:53:37 AM,KXWTACHALLENGERMATCH-26APR18MARKRA-KRA,46,1319,45,1583,44,599,43,402,21,359,48,214,49,1149,50,2328,51,821,52,269,47.0
2026-04-18 01:53:38 AM,KXWTACHALLENGERMATCH-26APR18MARKRA-KRA,46,1319,45,1380,44,599,43,402,21,359,48,214,49,1149,50,2328,51,821,52,269,47.0
2026-04-18 01:53:38 AM,KXWTACHALLENGERMATCH-26APR18MARKRA-KRA,46,1319,45,1583,44,599,43,402,21,359,48,214,49,1149,50,2328,51,821,52,269,47.0
2026-04-18 01:53:42 AM,KXWTACHALLENGERMATCH-26APR18MARKRA-KRA,46,1319,45,1583,44,599,43,402,21,359,48,214,49,1149,50,1078,51,821,52,269,47.0
2026-04-18 01:53:42 AM,KXWTACHALLENGERMATCH-26APR18MARKRA-KRA,46,1319,45,1583,44,599,43,402,21,359,48,214,49,1149,50,2328,51,821,52,269,47.0
2026-04-18 01:53:55 AM,KXWTACHALLENGERMATCH-26APR18MARKRA-KRA,46,1319,45,1583,44,599,43,402,21,359,48,214,49,1352,50,2328,51,821,52,269,47.0
2026-04-18 01:53:56 AM,KXWTACHALLENGERMATCH-26APR18MARKRA-KRA,46,1319,45,1583,44,599,43,402,21,359,48,214,49,1352,50,2125,51,821,52,269,47.0
2026-04-18 01:53:57 AM,KXWTACHALLENGERMATCH-26APR18MARKRA-KRA,46,1319,45,1583,44,599,43,402,21,359,48,214,49,1149,50,2125,51,821,52,269,47.0
2026-04-18 01:54:05 AM,KXWTACHALLENGERMATCH-26APR18MARKRA-KRA,46,1522,45,1583,44,599,43,402,21,359,48,214,49,1149,50,2125,51,821,52,269,47.0
2026-04-18 01:54:05 AM,KXWTACHALLENGERMATCH-26APR18MARKRA-KRA,46,1522,45,1583,44,599,43,402,21,359,48,214,49,1149,50,2328,51,821,52,269,47.0
2026-04-18 01:54:05 AM,KXWTACHALLENGERMATCH-26APR18MARKRA-KRA,46,1319,45,1583,44,599,43,402,21,359,48,214,49,1149,50,2328,51,821,52,269,47.0
2026-04-18 01:54:17 AM,KXWTACHALLENGERMATCH-26APR18MARKRA-KRA,46,1522,45,1583,44,599,43,402,21,359,48,214,49,1149,50,2328,51,821,52,269,47.0
2026-04-18 01:54:18 AM,KXWTACHALLENGERMATCH-26APR18MARKRA-KRA,46,1522,45,1380,44,599,43,402,21,359,48,214,49,1149,50,2328,51,821,52,269,47.0
2026-04-18 01:54:29 AM,KXWTACHALLENGERMATCH-26APR18MARKRA-KRA,46,1522,45,1380,44,599,43,2,21,359,48,214,49,1149,50,2328,51,821,52,269,47.0
2026-04-18 01:54:32 AM,KXWTACHALLENGERMATCH-26APR18MARKRA-KRA,46,1522,45,1380,44,599,43,2,42,400,48,214,49,1149,50,2328,51,821,52,269,47.0
2026-04-18 01:55:34 AM,KXWTACHALLENGERMATCH-26APR18MARKRA-KRA,46,1522,45,1380,44,599,43,2,42,400,48,214,49,1149,50,1078,51,821,52,269,47.0
2026-04-18 01:55:34 AM,KXWTACHALLENGERMATCH-26APR18MARKRA-KRA,46,1522,45,1380,44,599,43,2,42,400,48,214,49,1149,50,2328,51,821,52,269,47.0
2026-04-18 01:55:43 AM,KXWTACHALLENGERMATCH-26APR18MARKRA-KRA,46,1522,45,1583,44,599,43,2,42,400,48,214,49,1149,50,2328,51,821,52,269,47.0
2026-04-18 01:55:43 AM,KXWTACHALLENGERMATCH-26APR18MARKRA-KRA,46,1319,45,1583,44,599,43,2,42,400,48,214,49,1149,50,2328,51,821,52,269,47.0
2026-04-18 01:55:47 AM,KXWTACHALLENGERMATCH-26APR18MARKRA-KRA,46,1319,45,1583,44,599,43,2,42,400,48,214,49,1352,50,2328,51,821,52,269,47.0
2026-04-18 01:55:47 AM,KXWTACHALLENGERMATCH-26APR18MARKRA-KRA,46,1319,45,1583,44,599,43,2,42,400,48,214,49,1352,50,2125,51,821,52,269,47.0
2026-04-18 01:55:53 AM,KXWTACHALLENGERMATCH-26APR18MARKRA-KRA,46,1319,45,1380,44,599,43,2,42,400,48,214,49,1352,50,2125,51,821,52,269,47.0
2026-04-18 01:55:53 AM,KXWTACHALLENGERMATCH-26APR18MARKRA-KRA,46,1319,45,1380,44,599,43,2,42,400,48,214,49,1149,50,2125,51,821,52,269,47.0
2026-04-18 01:55:54 AM,KXWTACHALLENGERMATCH-26APR18MARKRA-KRA,46,1319,45,1583,44,599,43,2,42,400,48,214,49,1149,50,2125,51,821,52,269,47.0
2026-04-18 01:55:58 AM,KXWTACHALLENGERMATCH-26APR18MARKRA-KRA,46,1319,45,1583,44,599,43,2,42,400,48,214,49,1149,50,2328,51,821,52,269,47.0
2026-04-18 01:55:58 AM,KXWTACHALLENGERMATCH-26APR18MARKRA-KRA,46,1319,45,1380,44,599,43,2,42,400,48,214,49,1149,50,2328,51,821,52,269,47.0
2026-04-18 01:56:03 AM,KXWTACHALLENGERMATCH-26APR18MARKRA-KRA,46,1319,45,1583,44,599,43,2,42,400,48,214,49,1149,50,2328,51,821,52,269,47.0
2026-04-18 01:57:31 AM,KXWTACHALLENGERMATCH-26APR18MARKRA-KRA,46,1319,45,1583,44,599,43,2,42,400,48,214,49,1149,50,1078,51,821,52,269,47.0
2026-04-18 01:57:31 AM,KXWTACHALLENGERMATCH-26APR18MARKRA-KRA,46,1319,45,1583,44,599,43,2,42,400,48,214,49,1149,50,2328,51,821,52,269,47.0
2026-04-18 01:58:24 AM,KXWTACHALLENGERMATCH-26APR18MARKRA-KRA,46,1319,45,1583,44,599,43,2,42,400,48,80,49,1149,50,2328,51,821,52,269,47.0
2026-04-18 01:58:24 AM,KXWTACHALLENGERMATCH-26APR18MARKRA-KRA,46,1319,45,1583,44,599,43,2,42,400,48,15,49,1149,50,2328,51,821,52,269,47.0
2026-04-18 01:58:27 AM,KXWTACHALLENGERMATCH-26APR18MARKRA-KRA,46,1384,45,1583,44,599,43,2,42,400,48,15,49,1149,50,2328,51,821,52,269,47.0
2026-04-18 01:58:27 AM,KXWTACHALLENGERMATCH-26APR18MARKRA-KRA,46,1384,45,1583,44,599,43,2,42,400,48,16,49,1149,50,2328,51,821,52,269,47.0
2026-04-18 01:58:46 AM,KXWTACHALLENGERMATCH-26APR18MARKRA-KRA,46,1384,45,1583,44,599,43,2,42,400,48,51,49,1149,50,2328,51,821,52,269,47.0
2026-04-18 01:59:20 AM,KXWTACHALLENGERMATCH-26APR18MARKRA-KRA,46,1384,45,1583,44,599,43,2,42,400,48,51,49,1149,50,1078,51,821,52,269,47.0
2026-04-18 01:59:20 AM,KXWTACHALLENGERMATCH-26APR18MARKRA-KRA,46,1384,45,1583,44,599,43,2,42,400,48,51,49,1149,50,2328,51,821,52,269,47.0
2026-04-18 02:00:49 AM,KXWTACHALLENGERMATCH-26APR18MARKRA-KRA,46,1384,45,1583,44,599,43,2,42,400,48,51,49,1149,50,1078,51,821,52,269,47.0
2026-04-18 02:00:49 AM,KXWTACHALLENGERMATCH-26APR18MARKRA-KRA,46,1384,45,1583,44,599,43,2,42,400,48,51,49,1149,50,3578,51,821,52,269,47.0
2026-04-18 02:01:36 AM,KXWTACHALLENGERMATCH-26APR18MARKRA-KRA,46,1384,45,1583,44,599,43,2,42,400,48,51,49,1149,50,1078,51,821,52,269,47.0
2026-04-18 02:01:36 AM,KXWTACHALLENGERMATCH-26APR18MARKRA-KRA,46,1384,45,1583,44,599,43,2,42,400,48,51,49,1149,50,3578,51,821,52,269,47.0
2026-04-18 02:02:51 AM,KXWTACHALLENGERMATCH-26APR18MARKRA-KRA,46,1587,45,1583,44,599,43,2,42,400,48,51,49,1149,50,3578,51,821,52,269,47.0
2026-04-18 02:02:51 AM,KXWTACHALLENGERMATCH-26APR18MARKRA-KRA,46,1587,45,1583,44,599,43,2,42,400,48,16,49,1149,50,3578,51,821,52,269,47.0
2026-04-18 02:02:51 AM,KXWTACHALLENGERMATCH-26APR18MARKRA-KRA,46,1587,45,1380,44,599,43,2,42,400,48,16,49,1149,50,3578,51,821,52,269,47.0
2026-04-18 02:02:51 AM,KXWTACHALLENGERMATCH-26APR18MARKRA-KRA,46,1587,45,1380,44,599,43,2,42,400,48,16,49,1184,50,3578,51,821,52,269,47.0
2026-04-18 02:03:03 AM,KXWTACHALLENGERMATCH-26APR18MARKRA-KRA,46,1587,45,1583,44,599,43,2,42,400,48,16,49,1184,50,3578,51,821,52,269,47.0
2026-04-18 02:03:03 AM,KXWTACHALLENGERMATCH-26APR18MARKRA-KRA,46,1384,45,1583,44,599,43,2,42,400,48,16,49,1184,50,3578,51,821,52,269,47.0
2026-04-18 02:03:03 AM,KXWTACHALLENGERMATCH-26APR18MARKRA-KRA,46,1384,45,1583,44,599,43,2,42,400,48,16,49,1149,50,3578,51,821,52,269,47.0
2026-04-18 02:03:03 AM,KXWTACHALLENGERMATCH-26APR18MARKRA-KRA,46,1384,45,1583,44,599,43,2,42,400,48,51,49,1149,50,3578,51,821,52,269,47.0
2026-04-18 02:03:09 AM,KXWTACHALLENGERMATCH-26APR18MARKRA-KRA,46,1384,45,1583,44,599,43,2,42,400,48,51,49,1149,50,1078,51,821,52,269,47.0
2026-04-18 02:03:09 AM,KXWTACHALLENGERMATCH-26APR18MARKRA-KRA,46,1384,45,1583,44,599,43,2,42,400,48,51,49,1149,50,3578,51,821,52,269,47.0
2026-04-18 02:05:13 AM,KXWTACHALLENGERMATCH-26APR18MARKRA-KRA,46,1384,45,1583,44,599,43,2,42,400,48,51,49,1149,50,6078,51,821,52,269,47.0
2026-04-18 02:05:13 AM,KXWTACHALLENGERMATCH-26APR18MARKRA-KRA,46,1384,45,1583,44,599,43,2,42,400,48,51,49,1149,50,3578,51,821,52,269,47.0
2026-04-18 02:06:00 AM,KXWTACHALLENGERMATCH-26APR18MARKRA-KRA,46,1359,45,1583,44,599,43,2,42,400,48,51,49,1149,50,3578,51,821,52,269,47.0
2026-04-18 02:06:00 AM,KXWTACHALLENGERMATCH-26APR18MARKRA-KRA,46,1359,45,1583,44,599,43,2,42,400,48,51,49,1149,50,3555,51,821,52,269,47.0
2026-04-18 02:06:40 AM,KXWTACHALLENGERMATCH-26APR18MARKRA-KRA,46,1359,45,1583,44,599,43,2,42,400,48,16,49,1149,50,3555,51,821,52,269,47.0
2026-04-18 02:06:40 AM,KXWTACHALLENGERMATCH-26APR18MARKRA-KRA,46,1384,45,1583,44,599,43,2,42,400,48,16,49,1149,50,3555,51,821,52,269,47.0
2026-04-18 02:06:40 AM,KXWTACHALLENGERMATCH-26APR18MARKRA-KRA,46,1384,45,1583,44,599,43,2,42,400,48,16,49,1149,50,3580,51,821,52,269,47.0
2026-04-18 02:07:33 AM,KXWTACHALLENGERMATCH-26APR18MARKRA-KRA,46,1384,45,1583,44,599,43,2,42,400,48,16,49,1149,50,1080,51,821,52,269,47.0
2026-04-18 02:07:33 AM,KXWTACHALLENGERMATCH-26APR18MARKRA-KRA,46,1384,45,1583,44,599,43,2,42,400,48,16,49,1149,50,3580,51,821,52,269,47.0
2026-04-18 02:09:18 AM,KXWTACHALLENGERMATCH-26APR18MARKRA-KRA,46,1384,45,1583,44,599,43,2,42,400,48,16,49,1149,50,1080,51,821,52,269,47.0
2026-04-18 02:09:18 AM,KXWTACHALLENGERMATCH-26APR18MARKRA-KRA,46,1384,45,1583,44,599,43,2,42,400,48,16,49,1149,50,3580,51,821,52,269,47.0
2026-04-18 02:09:21 AM,KXWTACHALLENGERMATCH-26APR18MARKRA-KRA,46,1384,45,1583,44,599,43,2,42,400,48,16,49,1602,50,3580,51,821,52,269,47.0
2026-04-18 02:09:21 AM,KXWTACHALLENGERMATCH-26APR18MARKRA-KRA,46,1384,45,1583,44,1185,43,2,42,400,48,16,49,1602,50,3580,51,821,52,269,47.0
2026-04-18 02:09:21 AM,KXWTACHALLENGERMATCH-26APR18MARKRA-KRA,46,1384,45,1583,44,1185,43,2,42,400,48,16,49,1805,50,3580,51,821,52,269,47.0
2026-04-18 02:09:21 AM,KXWTACHALLENGERMATCH-26APR18MARKRA-KRA,46,1384,45,1583,44,1185,43,2,42,400,48,16,49,1602,50,3580,51,821,52,269,47.0
2026-04-18 02:09:21 AM,KXWTACHALLENGERMATCH-26APR18MARKRA-KRA,46,1587,45,1583,44,1185,43,2,42,400,48,16,49,1602,50,3580,51,821,52,269,47.0
2026-04-18 02:09:21 AM,KXWTACHALLENGERMATCH-26APR18MARKRA-KRA,46,1587,45,1380,44,1185,43,2,42,400,48,16,49,1602,50,3580,51,821,52,269,47.0
2026-04-18 02:09:25 AM,KXWTACHALLENGERMATCH-26APR18MARKRA-KRA,46,1384,45,1380,44,1185,43,2,42,400,48,16,49,1602,50,3580,51,821,52,269,47.0
2026-04-18 02:09:30 AM,KXWTACHALLENGERMATCH-26APR18MARKRA-KRA,46,1384,45,1584,44,1185,43,2,42,400,48,16,49,1602,50,3580,51,821,52,269,47.0
2026-04-18 02:09:30 AM,KXWTACHALLENGERMATCH-26APR18MARKRA-KRA,46,1384,45,1584,44,1185,43,2,42,400,48,16,49,1602,50,3377,51,821,52,269,47.0
2026-04-18 02:09:32 AM,KXWTACHALLENGERMATCH-26APR18MARKRA-KRA,46,1384,45,1584,44,1185,43,2,42,400,48,16,49,1602,50,3581,51,821,52,269,47.0
2026-04-18 02:09:34 AM,KXWTACHALLENGERMATCH-26APR18MARKRA-KRA,46,848,45,1584,44,1185,43,2,42,400,48,16,49,1602,50,3581,51,821,52,269,47.0
2026-04-18 02:09:39 AM,KXWTACHALLENGERMATCH-26APR18MARKRA-KRA,46,1052,45,1584,44,1185,43,2,42,400,48,16,49,1602,50,3581,51,821,52,269,47.0
2026-04-18 02:09:39 AM,KXWTACHALLENGERMATCH-26APR18MARKRA-KRA,46,1052,45,1380,44,1185,43,2,42,400,48,16,49,1602,50,3581,51,821,52,269,47.0
2026-04-18 02:09:40 AM,KXWTACHALLENGERMATCH-26APR18MARKRA-KRA,46,848,45,1380,44,1185,43,2,42,400,48,16,49,1602,50,3581,51,821,52,269,47.0
2026-04-18 02:09:42 AM,KXWTACHALLENGERMATCH-26APR18MARKRA-KRA,46,848,45,1380,44,1185,43,2,42,400,48,16,49,1806,50,3581,51,821,52,269,47.0
2026-04-18 02:09:43 AM,KXWTACHALLENGERMATCH-26APR18MARKRA-KRA,46,848,45,1380,44,1185,43,2,42,400,48,16,49,1806,50,3377,51,821,52,269,47.0
2026-04-18 02:09:47 AM,KXWTACHALLENGERMATCH-26APR18MARKRA-KRA,46,848,45,1584,44,1185,43,2,42,400,48,16,49,1806,50,3377,51,821,52,269,47.0
2026-04-18 02:10:05 AM,KXWTACHALLENGERMATCH-26APR18MARKRA-KRA,46,848,45,1584,44,1389,43,2,42,400,48,16,49,1806,50,3377,51,821,52,269,47.0
2026-04-18 02:10:05 AM,KXWTACHALLENGERMATCH-26APR18MARKRA-KRA,46,848,45,1380,44,1389,43,2,42,400,48,16,49,1806,50,3377,51,821,52,269,47.0
2026-04-18 02:10:05 AM,KXWTACHALLENGERMATCH-26APR18MARKRA-KRA,46,848,45,1380,44,1389,43,2,42,400,48,16,49,1602,50,3377,51,821,52,269,47.0
2026-04-18 02:10:05 AM,KXWTACHALLENGERMATCH-26APR18MARKRA-KRA,46,848,45,1380,44,1389,43,2,42,400,48,16,49,1806,50,3377,51,821,52,269,47.0
2026-04-18 02:10:13 AM,KXWTACHALLENGERMATCH-26APR18MARKRA-KRA,46,848,45,1586,44,1389,43,2,42,400,48,16,49,1806,50,3377,51,821,52,269,47.0
2026-04-18 02:10:14 AM,KXWTACHALLENGERMATCH-26APR18MARKRA-KRA,46,848,45,1586,44,1185,43,2,42,400,48,16,49,1806,50,3377,51,821,52,269,47.0
2026-04-18 02:10:20 AM,KXWTACHALLENGERMATCH-26APR18MARKRA-KRA,46,439,45,1586,44,1185,43,2,42,400,48,16,49,1806,50,3377,51,821,52,269,47.0
2026-04-18 02:10:20 AM,KXWTACHALLENGERMATCH-26APR18MARKRA-KRA,46,439,45,1586,44,1185,43,2,42,400,48,16,49,1586,50,3377,51,821,52,269,47.0
2026-04-18 02:10:20 AM,KXWTACHALLENGERMATCH-26APR18MARKRA-KRA,46,439,45,1586,44,1185,43,2,42,400,48,16,49,1540,50,3377,51,821,52,269,47.0
2026-04-18 02:10:20 AM,KXWTACHALLENGERMATCH-26APR18MARKRA-KRA,46,439,45,1086,44,1185,43,2,42,400,48,16,49,1540,50,3377,51,821,52,269,47.0
2026-04-18 02:10:20 AM,KXWTACHALLENGERMATCH-26APR18MARKRA-KRA,46,439,45,1086,44,1185,43,2,42,400,48,2,49,1540,50,3377,51,821,52,269,47.0
2026-04-18 02:10:20 AM,KXWTACHALLENGERMATCH-26APR18MARKRA-KRA,46,439,45,1086,44,1185,43,2,42,400,48,2,49,1306,50,3377,51,821,52,269,47.0
2026-04-18 02:10:20 AM,KXWTACHALLENGERMATCH-26APR18MARKRA-KRA,46,374,45,1086,44,1185,43,2,42,400,48,2,49,1306,50,3377,51,821,52,269,47.0
2026-04-18 02:10:20 AM,KXWTACHALLENGERMATCH-26APR18MARKRA-KRA,46,374,45,1086,44,1185,43,2,42,400,48,1,49,1306,50,3377,51,821,52,269,47.0
2026-04-18 02:10:21 AM,KXWTACHALLENGERMATCH-26APR18MARKRA-KRA,46,374,45,1086,44,1185,43,2,42,400,48,118,49,1306,50,3377,51,821,52,269,47.0
2026-04-18 02:10:21 AM,KXWTACHALLENGERMATCH-26APR18MARKRA-KRA,46,25,45,1086,44,1185,43,2,42,400,48,118,49,1306,50,3377,51,821,52,269,47.0
2026-04-18 02:10:21 AM,KXWTACHALLENGERMATCH-26APR18MARKRA-KRA,45,1086,44,1185,43,2,42,400,21,359,48,118,49,1306,50,3377,51,821,52,269,46.5
2026-04-18 02:10:21 AM,KXWTACHALLENGERMATCH-26APR18MARKRA-KRA,45,1086,44,1228,43,2,42,400,21,359,48,118,49,1306,50,3377,51,821,52,269,46.5
2026-04-18 02:10:21 AM,KXWTACHALLENGERMATCH-26APR18MARKRA-KRA,45,1586,44,1228,43,2,42,400,21,359,48,118,49,1306,50,3377,51,821,52,269,46.5
2026-04-18 02:10:21 AM,KXWTACHALLENGERMATCH-26APR18MARKRA-KRA,46,474,45,1586,44,1228,43,2,42,400,48,118,49,1306,50,3377,51,821,52,269,47.0
2026-04-18 02:10:21 AM,KXWTACHALLENGERMATCH-26APR18MARKRA-KRA,46,474,45,1586,44,1228,43,2,42,400,48,133,49,1306,50,3377,51,821,52,269,47.0
2026-04-18 02:10:21 AM,KXWTACHALLENGERMATCH-26APR18MARKRA-KRA,46,474,45,1586,44,1228,43,2,42,400,48,133,49,1806,50,3377,51,821,52,269,47.0
2026-04-18 02:10:21 AM,KXWTACHALLENGERMATCH-26APR18MARKRA-KRA,46,499,45,1586,44,1228,43,2,42,400,48,133,49,1806,50,3377,51,821,52,269,47.0
2026-04-18 02:10:21 AM,KXWTACHALLENGERMATCH-26APR18MARKRA-KRA,46,499,45,1586,44,1185,43,2,42,400,48,133,49,1806,50,3377,51,821,52,269,47.0
2026-04-18 02:10:23 AM,KXWTACHALLENGERMATCH-26APR18MARKRA-KRA,46,25,45,1586,44,1185,43,2,42,400,48,133,49,1806,50,3377,51,821,52,269,47.0
2026-04-18 02:10:23 AM,KXWTACHALLENGERMATCH-26APR18MARKRA-KRA,46,25,45,1586,44,1185,43,2,42,400,48,607,49,1806,50,3377,51,821,52,269,47.0
2026-04-18 02:10:23 AM,KXWTACHALLENGERMATCH-26APR18MARKRA-KRA,45,1586,44,1185,43,2,42,400,21,359,48,607,49,1806,50,3377,51,821,52,269,46.5
2026-04-18 02:10:23 AM,KXWTACHALLENGERMATCH-26APR18MARKRA-KRA,45,1586,44,1228,43,2,42,400,21,359,48,607,49,1806,50,3377,51,821,52,269,46.5
2026-04-18 02:10:53 AM,KXWTACHALLENGERMATCH-26APR18MARKRA-KRA,45,1586,44,1434,43,2,42,400,21,359,48,607,49,1806,50,3377,51,821,52,269,46.5
2026-04-18 02:10:53 AM,KXWTACHALLENGERMATCH-26APR18MARKRA-KRA,45,1380,44,1434,43,2,42,400,21,359,48,607,49,1806,50,3377,51,821,52,269,46.5
2026-04-18 02:11:00 AM,KXWTACHALLENGERMATCH-26APR18MARKRA-KRA,45,1380,44,1228,43,2,42,400,21,359,48,607,49,1806,50,3377,51,821,52,269,46.5
2026-04-18 02:11:03 AM,KXWTACHALLENGERMATCH-26APR18MARKRA-KRA,45,1380,44,1433,43,2,42,400,21,359,48,607,49,1806,50,3377,51,821,52,269,46.5
2026-04-18 02:11:14 AM,KXWTACHALLENGERMATCH-26APR18MARKRA-KRA,45,1380,44,1433,43,2,42,400,21,359,48,607,49,1806,50,877,51,821,52,269,46.5
2026-04-18 02:11:14 AM,KXWTACHALLENGERMATCH-26APR18MARKRA-KRA,45,1380,44,1433,43,2,42,400,21,359,48,607,49,1806,50,3377,51,821,52,269,46.5
2026-04-18 02:12:21 AM,KXWTACHALLENGERMATCH-26APR18MARKRA-KRA,46,205,45,1380,44,1433,43,2,42,400,48,607,49,1806,50,3377,51,821,52,269,47.0
2026-04-18 02:12:21 AM,KXWTACHALLENGERMATCH-26APR18MARKRA-KRA,46,205,45,1380,44,1433,43,2,42,400,48,607,49,1806,50,3582,51,821,52,269,47.0
2026-04-18 02:12:21 AM,KXWTACHALLENGERMATCH-26APR18MARKRA-KRA,46,205,45,1380,44,1433,43,2,42,400,48,607,49,1602,50,3582,51,821,52,269,47.0
2026-04-18 02:12:21 AM,KXWTACHALLENGERMATCH-26APR18MARKRA-KRA,46,205,45,1380,44,1390,43,2,42,400,48,607,49,1602,50,3582,51,821,52,269,47.0
2026-04-18 02:12:21 AM,KXWTACHALLENGERMATCH-26APR18MARKRA-KRA,46,230,45,1380,44,1390,43,2,42,400,48,607,49,1602,50,3582,51,821,52,269,47.0
2026-04-18 02:12:22 AM,KXWTACHALLENGERMATCH-26APR18MARKRA-KRA,46,230,45,1380,44,1185,43,2,42,400,48,607,49,1602,50,3582,51,821,52,269,47.0
2026-04-18 02:12:27 AM,KXWTACHALLENGERMATCH-26APR18MARKRA-KRA,46,25,45,1380,44,1185,43,2,42,400,48,607,49,1602,50,3582,51,821,52,269,47.0
2026-04-18 02:12:27 AM,KXWTACHALLENGERMATCH-26APR18MARKRA-KRA,45,1380,44,1185,43,2,42,400,21,359,48,607,49,1602,50,3582,51,821,52,269,46.5
2026-04-18 02:12:27 AM,KXWTACHALLENGERMATCH-26APR18MARKRA-KRA,45,1380,44,1228,43,2,42,400,21,359,48,607,49,1602,50,3582,51,821,52,269,46.5
2026-04-18 02:12:32 AM,KXWTACHALLENGERMATCH-26APR18MARKRA-KRA,45,1584,44,1228,43,2,42,400,21,359,48,607,49,1602,50,3582,51,821,52,269,46.5
2026-04-18 02:12:38 AM,KXWTACHALLENGERMATCH-26APR18MARKRA-KRA,45,1584,44,1228,43,2,42,400,21,359,48,607,49,1806,50,3582,51,821,52,269,46.5
2026-04-18 02:12:38 AM,KXWTACHALLENGERMATCH-26APR18MARKRA-KRA,45,1584,44,1228,43,2,42,400,21,359,48,607,49,1806,50,3377,51,821,52,269,46.5
2026-04-18 02:12:42 AM,KXWTACHALLENGERMATCH-26APR18MARKRA-KRA,45,1584,44,1228,43,2,42,400,21,359,48,607,49,1602,50,3377,51,821,52,269,46.5
2026-04-18 02:12:45 AM,KXWTACHALLENGERMATCH-26APR18MARKRA-KRA,45,1380,44,1228,43,2,42,400,21,359,48,607,49,1602,50,3377,51,821,52,269,46.5
2026-04-18 02:12:54 AM,KXWTACHALLENGERMATCH-26APR18MARKRA-KRA,45,1584,44,1228,43,2,42,400,21,359,48,607,49,1602,50,3377,51,821,52,269,46.5
2026-04-18 02:12:54 AM,KXWTACHALLENGERMATCH-26APR18MARKRA-KRA,45,1584,44,1228,43,2,42,400,21,359,48,607,49,1602,50,3581,51,821,52,269,46.5
2026-04-18 02:13:20 AM,KXWTACHALLENGERMATCH-26APR18MARKRA-KRA,45,1584,44,1228,43,2,42,400,21,359,48,607,49,1602,50,6081,51,821,52,269,46.5
2026-04-18 02:13:20 AM,KXWTACHALLENGERMATCH-26APR18MARKRA-KRA,45,1584,44,1228,43,2,42,400,21,359,48,607,49,1602,50,3581,51,821,52,269,46.5
2026-04-18 02:15:05 AM,KXWTACHALLENGERMATCH-26APR18MARKRA-KRA,45,1380,44,1228,43,2,42,400,21,359,48,607,49,1602,50,3581,51,821,52,269,46.5
2026-04-18 02:15:43 AM,KXWTACHALLENGERMATCH-26APR18MARKRA-KRA,45,1380,44,1228,43,2,42,400,21,359,48,607,49,1602,50,1081,51,821,52,269,46.5
2026-04-18 02:15:43 AM,KXWTACHALLENGERMATCH-26APR18MARKRA-KRA,45,1380,44,1228,43,2,42,400,21,359,48,607,49,1602,50,3581,51,821,52,269,46.5
2026-04-18 02:16:34 AM,KXWTACHALLENGERMATCH-26APR18MARKRA-KRA,45,1584,44,1228,43,2,42,400,21,359,48,607,49,1602,50,3581,51,821,52,269,46.5
2026-04-18 02:17:26 AM,KXWTACHALLENGERMATCH-26APR18MARKRA-KRA,45,1584,44,1228,43,2,42,400,21,359,48,607,49,1602,50,1081,51,821,52,269,46.5
2026-04-18 02:17:26 AM,KXWTACHALLENGERMATCH-26APR18MARKRA-KRA,45,1584,44,1228,43,2,42,400,21,359,48,607,49,1602,50,3581,51,821,52,269,46.5
2026-04-18 02:19:37 AM,KXWTACHALLENGERMATCH-26APR18MARKRA-KRA,45,1584,44,1228,43,2,42,400,21,359,48,607,49,1602,50,1081,51,821,52,269,46.5
2026-04-18 02:19:37 AM,KXWTACHALLENGERMATCH-26APR18MARKRA-KRA,45,1584,44,1228,43,2,42,400,21,359,48,607,49,1602,50,3581,51,821,52,269,46.5
2026-04-18 02:20:09 AM,KXWTACHALLENGERMATCH-26APR18MARKRA-KRA,46,204,45,1584,44,1228,43,2,42,400,48,607,49,1602,50,3581,51,821,52,269,47.0
2026-04-18 02:20:10 AM,KXWTACHALLENGERMATCH-26APR18MARKRA-KRA,46,204,45,1584,44,1185,43,2,42,400,48,607,49,1602,50,3581,51,821,52,269,47.0
2026-04-18 02:20:10 AM,KXWTACHALLENGERMATCH-26APR18MARKRA-KRA,46,229,45,1584,44,1185,43,2,42,400,48,607,49,1602,50,3581,51,821,52,269,47.0
2026-04-18 02:20:14 AM,KXWTACHALLENGERMATCH-26APR18MARKRA-KRA,46,25,45,1584,44,1185,43,2,42,400,48,607,49,1602,50,3581,51,821,52,269,47.0
2026-04-18 02:20:14 AM,KXWTACHALLENGERMATCH-26APR18MARKRA-KRA,45,1584,44,1185,43,2,42,400,21,359,48,607,49,1602,50,3581,51,821,52,269,46.5
2026-04-18 02:20:14 AM,KXWTACHALLENGERMATCH-26APR18MARKRA-KRA,45,1584,44,1228,43,2,42,400,21,359,48,607,49,1602,50,3581,51,821,52,269,46.5
2026-04-18 02:21:58 AM,KXWTACHALLENGERMATCH-26APR18MARKRA-KRA,45,1584,44,1228,43,2,42,400,21,359,48,607,49,1602,50,1081,51,821,52,269,46.5
2026-04-18 02:21:58 AM,KXWTACHALLENGERMATCH-26APR18MARKRA-KRA,45,1584,44,1228,43,2,42,400,21,359,48,607,49,1602,50,3581,51,821,52,269,46.5
2026-04-18 02:23:52 AM,KXWTACHALLENGERMATCH-26APR18MARKRA-KRA,45,1584,44,1228,43,2,42,400,21,359,48,607,49,1602,50,1081,51,821,52,269,46.5
2026-04-18 02:23:52 AM,KXWTACHALLENGERMATCH-26APR18MARKRA-KRA,45,1584,44,1228,43,2,42,400,21,359,48,607,49,1602,50,3581,51,821,52,269,46.5
2026-04-18 02:26:08 AM,KXWTACHALLENGERMATCH-26APR18MARKRA-KRA,45,1584,44,1228,43,2,42,400,21,359,48,607,49,1602,50,1081,51,821,52,269,46.5
2026-04-18 02:26:08 AM,KXWTACHALLENGERMATCH-26APR18MARKRA-KRA,45,1584,44,1228,43,2,42,400,21,359,48,607,49,1602,50,3581,51,821,52,269,46.5
2026-04-18 02:27:16 AM,KXWTACHALLENGERMATCH-26APR18MARKRA-KRA,45,1584,44,1228,43,2,42,400,21,359,48,607,49,1577,50,3581,51,821,52,269,46.5
2026-04-18 02:27:16 AM,KXWTACHALLENGERMATCH-26APR18MARKRA-KRA,45,1584,44,1228,43,2,42,400,21,359,48,607,49,1577,50,3581,51,846,52,269,46.5
2026-04-18 02:27:42 AM,KXWTACHALLENGERMATCH-26APR18MARKRA-KRA,45,1584,44,1228,43,2,42,400,21,359,48,607,49,1577,50,1081,51,846,52,269,46.5
2026-04-18 02:27:42 AM,KXWTACHALLENGERMATCH-26APR18MARKRA-KRA,45,1584,44,1228,43,2,42,400,21,359,48,607,49,1577,50,3581,51,846,52,269,46.5
2026-04-18 02:30:05 AM,KXWTACHALLENGERMATCH-26APR18MARKRA-KRA,45,1584,44,1228,43,2,42,400,21,359,48,607,49,1577,50,1081,51,846,52,269,46.5
2026-04-18 02:30:05 AM,KXWTACHALLENGERMATCH-26APR18MARKRA-KRA,45,1584,44,1228,43,2,42,400,21,359,48,607,49,1577,50,3581,51,846,52,269,46.5
2026-04-18 02:30:48 AM,KXWTACHALLENGERMATCH-26APR18MARKRA-KRA,45,1584,44,1228,43,2,42,400,21,359,48,607,49,1577,50,3377,51,846,52,269,46.5
2026-04-18 02:30:48 AM,KXWTACHALLENGERMATCH-26APR18MARKRA-KRA,45,1584,44,1228,43,2,42,400,21,359,48,607,49,1784,50,3377,51,846,52,269,46.5
2026-04-18 02:30:48 AM,KXWTACHALLENGERMATCH-26APR18MARKRA-KRA,45,1584,44,1228,43,2,42,400,21,359,48,607,49,1577,50,3377,51,846,52,269,46.5
2026-04-18 02:30:49 AM,KXWTACHALLENGERMATCH-26APR18MARKRA-KRA,45,1584,44,1228,43,2,42,400,21,359,48,607,49,1577,50,877,51,846,52,269,46.5
2026-04-18 02:30:49 AM,KXWTACHALLENGERMATCH-26APR18MARKRA-KRA,45,1584,44,1228,43,2,42,400,21,359,48,607,49,1577,50,3377,51,846,52,269,46.5
2026-04-18 02:30:56 AM,KXWTACHALLENGERMATCH-26APR18MARKRA-KRA,45,1584,44,1228,43,2,42,400,21,359,48,607,49,1577,50,3584,51,846,52,269,46.5
2026-04-18 02:31:22 AM,KXWTACHALLENGERMATCH-26APR18MARKRA-KRA,45,1584,44,1228,42,400,21,359,20,2671,48,607,49,1577,50,3584,51,846,52,269,46.5
2026-04-18 02:31:22 AM,KXWTACHALLENGERMATCH-26APR18MARKRA-KRA,45,1584,44,1228,42,400,21,359,20,2671,48,607,49,1577,50,3584,51,846,52,267,46.5
2026-04-18 02:31:22 AM,KXWTACHALLENGERMATCH-26APR18MARKRA-KRA,45,1584,44,1226,42,400,21,359,20,2671,48,607,49,1577,50,3584,51,846,52,267,46.5
2026-04-18 02:32:04 AM,KXWTACHALLENGERMATCH-26APR18MARKRA-KRA,45,1584,44,1226,42,400,21,359,20,2671,48,607,49,1577,50,6084,51,846,52,267,46.5
2026-04-18 02:32:04 AM,KXWTACHALLENGERMATCH-26APR18MARKRA-KRA,45,1584,44,1226,42,400,21,359,20,2671,48,607,49,1577,50,3584,51,846,52,267,46.5
2026-04-18 02:33:21 AM,KXWTACHALLENGERMATCH-26APR18MARKRA-KRA,45,1581,44,1226,42,400,21,359,20,2671,48,607,49,1577,50,3584,51,846,52,267,46.5
2026-04-18 02:33:21 AM,KXWTACHALLENGERMATCH-26APR18MARKRA-KRA,45,1581,44,1726,42,400,21,359,20,2671,48,607,49,1577,50,3584,51,846,52,267,46.5
2026-04-18 02:33:21 AM,KXWTACHALLENGERMATCH-26APR18MARKRA-KRA,45,1581,44,1726,42,400,21,359,20,2671,48,610,49,1577,50,3584,51,846,52,267,46.5
2026-04-18 02:34:28 AM,KXWTACHALLENGERMATCH-26APR18MARKRA-KRA,45,1581,44,1726,42,400,21,359,20,2671,48,610,49,1577,50,1084,51,846,52,267,46.5
2026-04-18 02:34:28 AM,KXWTACHALLENGERMATCH-26APR18MARKRA-KRA,45,1581,44,1726,42,400,21,359,20,2671,48,610,49,1577,50,3584,51,846,52,267,46.5
2026-04-18 02:36:17 AM,KXWTACHALLENGERMATCH-26APR18MARKRA-KRA,45,1581,44,1726,42,400,21,359,20,2671,48,610,49,1577,50,1084,51,846,52,267,46.5
2026-04-18 02:36:17 AM,KXWTACHALLENGERMATCH-26APR18MARKRA-KRA,45,1581,44,1726,42,400,21,359,20,2671,48,610,49,1577,50,3584,51,846,52,267,46.5
2026-04-18 02:39:59 AM,KXWTACHALLENGERMATCH-26APR18MARKRA-KRA,45,1581,44,1726,42,400,21,359,20,2671,48,610,49,1577,50,1084,51,846,52,267,46.5
2026-04-18 02:39:59 AM,KXWTACHALLENGERMATCH-26APR18MARKRA-KRA,45,1581,44,1726,42,400,21,359,20,2671,48,610,49,1577,50,3584,51,846,52,267,46.5
2026-04-18 02:41:48 AM,KXWTACHALLENGERMATCH-26APR18MARKRA-KRA,45,1581,44,1726,42,400,21,359,16,25,48,610,49,1577,50,3584,51,846,52,267,46.5
2026-04-18 02:41:48 AM,KXWTACHALLENGERMATCH-26APR18MARKRA-KRA,45,1581,44,1726,42,400,21,359,17,3195,48,610,49,1577,50,3584,51,846,52,267,46.5
2026-04-18 02:41:48 AM,KXWTACHALLENGERMATCH-26APR18MARKRA-KRA,45,1581,44,1726,42,400,21,359,18,1500,48,610,49,1577,50,3584,51,846,52,267,46.5
2026-04-18 02:41:49 AM,KXWTACHALLENGERMATCH-26APR18MARKRA-KRA,45,1581,44,1726,42,400,21,359,18,2499,48,610,49,1577,50,3584,51,846,52,267,46.5
2026-04-18 02:41:58 AM,KXWTACHALLENGERMATCH-26APR18MARKRA-KRA,45,1581,44,1726,42,400,21,359,18,2499,48,610,49,1577,50,1084,51,846,52,267,46.5
2026-04-18 02:41:58 AM,KXWTACHALLENGERMATCH-26APR18MARKRA-KRA,45,1581,44,1726,42,400,21,359,18,2499,48,610,49,1577,50,3584,51,846,52,267,46.5
2026-04-18 02:43:52 AM,KXWTACHALLENGERMATCH-26APR18MARKRA-KRA,45,1581,44,1726,43,382,42,400,21,359,48,610,49,1577,50,3584,51,846,52,267,46.5
2026-04-18 02:43:52 AM,KXWTACHALLENGERMATCH-26APR18MARKRA-KRA,45,1581,44,1726,43,382,42,400,21,359,48,610,49,1577,50,3584,51,1181,52,267,46.5
2026-04-18 02:43:53 AM,KXWTACHALLENGERMATCH-26APR18MARKRA-KRA,45,1581,44,1726,43,382,42,791,21,359,48,610,49,1577,50,3584,51,1181,52,267,46.5
2026-04-18 02:43:53 AM,KXWTACHALLENGERMATCH-26APR18MARKRA-KRA,45,1581,44,1726,43,382,42,791,21,359,48,610,49,1577,50,3584,51,1181,52,609,46.5
2026-04-18 02:44:07 AM,KXWTACHALLENGERMATCH-26APR18MARKRA-KRA,45,1581,44,1726,43,382,42,791,21,359,48,610,49,1577,50,1084,51,1181,52,609,46.5
2026-04-18 02:44:07 AM,KXWTACHALLENGERMATCH-26APR18MARKRA-KRA,45,1581,44,1726,43,382,42,791,21,359,48,610,49,1577,50,3584,51,1181,52,609,46.5
2026-04-18 02:44:35 AM,KXWTACHALLENGERMATCH-26APR18MARKRA-KRA,45,1581,44,1726,43,382,42,791,21,359,48,610,49,1577,50,3584,51,1181,52,342,46.5
2026-04-18 02:44:35 AM,KXWTACHALLENGERMATCH-26APR18MARKRA-KRA,45,1581,44,1726,43,382,42,791,21,359,48,1105,49,1577,50,3584,51,1181,52,342,46.5
2026-04-18 02:44:48 AM,KXWTACHALLENGERMATCH-26APR18MARKRA-KRA,45,1581,44,1726,43,382,42,791,21,359,48,1102,49,1577,50,3584,51,1181,52,342,46.5
2026-04-18 02:44:48 AM,KXWTACHALLENGERMATCH-26APR18MARKRA-KRA,45,1581,44,1726,43,382,42,791,21,359,48,1102,49,1077,50,3584,51,1181,52,342,46.5
2026-04-18 02:44:48 AM,KXWTACHALLENGERMATCH-26APR18MARKRA-KRA,45,1564,44,1726,43,382,42,791,21,359,48,1102,49,1077,50,3584,51,1181,52,342,46.5
2026-04-18 02:44:48 AM,KXWTACHALLENGERMATCH-26APR18MARKRA-KRA,45,1564,44,1726,43,382,42,791,21,359,48,1113,49,1077,50,3584,51,1181,52,342,46.5
2026-04-18 02:44:48 AM,KXWTACHALLENGERMATCH-26APR18MARKRA-KRA,45,1564,44,1726,43,382,42,791,21,359,47,9,48,1113,49,1077,50,3584,51,1181,46.0
2026-04-18 02:45:41 AM,KXWTACHALLENGERMATCH-26APR18MARKRA-KRA,45,1564,44,1726,43,382,42,791,21,359,47,9,48,1113,49,1077,50,1084,51,1181,46.0
2026-04-18 02:45:41 AM,KXWTACHALLENGERMATCH-26APR18MARKRA-KRA,45,1564,44,1726,43,382,42,791,21,359,47,9,48,1113,49,1077,50,3584,51,1181,46.0
2026-04-18 02:46:02 AM,KXWTACHALLENGERMATCH-26APR18MARKRA-KRA,45,1549,44,1726,43,382,42,791,21,359,47,9,48,1113,49,1077,50,3584,51,1181,46.0
2026-04-18 02:46:02 AM,KXWTACHALLENGERMATCH-26APR18MARKRA-KRA,45,1549,44,1726,43,382,42,791,21,359,47,24,48,1113,49,1077,50,3584,51,1181,46.0
2026-04-18 02:47:20 AM,KXWTACHALLENGERMATCH-26APR18MARKRA-KRA,45,1549,44,1726,43,382,42,791,21,359,47,24,48,1113,49,1077,50,1084,51,1181,46.0
2026-04-18 02:47:20 AM,KXWTACHALLENGERMATCH-26APR18MARKRA-KRA,45,1549,44,1726,43,382,42,791,21,359,47,24,48,1113,49,1077,50,3584,51,1181,46.0
2026-04-18 02:49:24 AM,KXWTACHALLENGERMATCH-26APR18MARKRA-KRA,45,1549,44,1726,43,382,42,791,21,359,47,24,48,1113,49,1077,50,1084,51,1181,46.0
2026-04-18 02:49:24 AM,KXWTACHALLENGERMATCH-26APR18MARKRA-KRA,45,1549,44,1726,43,382,42,791,21,359,47,24,48,1113,49,1077,50,3584,51,1181,46.0
2026-04-18 02:49:29 AM,KXWTACHALLENGERMATCH-26APR18MARKRA-KRA,46,207,45,1549,44,1726,43,382,42,791,47,24,48,1113,49,1077,50,3584,51,1181,46.5
2026-04-18 02:49:29 AM,KXWTACHALLENGERMATCH-26APR18MARKRA-KRA,46,232,45,1549,44,1726,43,382,42,791,47,24,48,1113,49,1077,50,3584,51,1181,46.5
2026-04-18 02:49:29 AM,KXWTACHALLENGERMATCH-26APR18MARKRA-KRA,46,232,45,1549,44,1683,43,382,42,791,47,24,48,1113,49,1077,50,3584,51,1181,46.5
2026-04-18 02:49:29 AM,KXWTACHALLENGERMATCH-26APR18MARKRA-KRA,46,232,45,1569,44,1683,43,382,42,791,47,24,48,1113,49,1077,50,3584,51,1181,46.5
2026-04-18 02:49:30 AM,KXWTACHALLENGERMATCH-26APR18MARKRA-KRA,46,232,45,1365,44,1683,43,382,42,791,47,24,48,1113,49,1077,50,3584,51,1181,46.5
2026-04-18 02:49:34 AM,KXWTACHALLENGERMATCH-26APR18MARKRA-KRA,46,25,45,1365,44,1683,43,382,42,791,47,24,48,1113,49,1077,50,3584,51,1181,46.5
2026-04-18 02:49:34 AM,KXWTACHALLENGERMATCH-26APR18MARKRA-KRA,45,1365,44,1683,43,382,42,791,21,359,47,24,48,1113,49,1077,50,3584,51,1181,46.0
2026-04-18 02:49:34 AM,KXWTACHALLENGERMATCH-26APR18MARKRA-KRA,45,1342,44,1683,43,382,42,791,21,359,47,24,48,1113,49,1077,50,3584,51,1181,46.0
2026-04-18 02:49:34 AM,KXWTACHALLENGERMATCH-26APR18MARKRA-KRA,45,1342,44,1726,43,382,42,791,21,359,47,24,48,1113,49,1077,50,3584,51,1181,46.0
2026-04-18 02:49:40 AM,KXWTACHALLENGERMATCH-26APR18MARKRA-KRA,45,1549,44,1726,43,382,42,791,21,359,47,24,48,1113,49,1077,50,3584,51,1181,46.0
2026-04-18 02:51:36 AM,KXWTACHALLENGERMATCH-26APR18MARKRA-KRA,45,1549,44,1726,43,382,42,791,21,359,47,24,48,1113,49,1077,50,1084,51,1181,46.0
2026-04-18 02:51:36 AM,KXWTACHALLENGERMATCH-26APR18MARKRA-KRA,45,1549,44,1726,43,382,42,791,21,359,47,24,48,1113,49,1077,50,3584,51,1181,46.0
2026-04-18 02:52:58 AM,KXWTACHALLENGERMATCH-26APR18MARKRA-KRA,45,1549,44,1726,43,382,42,791,21,359,47,24,48,1113,49,1077,50,3377,51,1181,46.0
2026-04-18 02:52:58 AM,KXWTACHALLENGERMATCH-26APR18MARKRA-KRA,45,1549,44,1726,43,382,42,791,21,359,47,24,48,1113,49,1077,50,3584,51,1181,46.0
2026-04-18 02:53:10 AM,KXWTACHALLENGERMATCH-26APR18MARKRA-KRA,45,1549,44,1726,43,382,42,791,21,359,47,24,48,1113,49,1077,50,6084,51,1181,46.0
2026-04-18 02:53:10 AM,KXWTACHALLENGERMATCH-26APR18MARKRA-KRA,45,1549,44,1726,43,382,42,791,21,359,47,24,48,1113,49,1077,50,3584,51,1181,46.0
2026-04-18 02:53:11 AM,KXWTACHALLENGERMATCH-26APR18MARKRA-KRA,46,207,45,1549,44,1726,43,382,42,791,47,24,48,1113,49,1077,50,3584,51,1181,46.5
2026-04-18 02:53:11 AM,KXWTACHALLENGERMATCH-26APR18MARKRA-KRA,46,207,45,1549,44,1683,43,382,42,791,47,24,48,1113,49,1077,50,3584,51,1181,46.5
2026-04-18 02:53:11 AM,KXWTACHALLENGERMATCH-26APR18MARKRA-KRA,46,232,45,1549,44,1683,43,382,42,791,47,24,48,1113,49,1077,50,3584,51,1181,46.5
2026-04-18 02:53:11 AM,KXWTACHALLENGERMATCH-26APR18MARKRA-KRA,46,232,45,1572,44,1683,43,382,42,791,47,24,48,1113,49,1077,50,3584,51,1181,46.5
2026-04-18 02:53:12 AM,KXWTACHALLENGERMATCH-26APR18MARKRA-KRA,46,232,45,1365,44,1683,43,382,42,791,47,24,48,1113,49,1077,50,3584,51,1181,46.5
2026-04-18 02:54:16 AM,KXWTACHALLENGERMATCH-26APR18MARKRA-KRA,46,232,45,1365,44,1683,43,382,42,791,47,24,48,1113,49,1284,50,3584,51,1181,46.5
2026-04-18 02:54:16 AM,KXWTACHALLENGERMATCH-26APR18MARKRA-KRA,46,25,45,1365,44,1683,43,382,42,791,47,24,48,1113,49,1284,50,3584,51,1181,46.5
2026-04-18 02:54:16 AM,KXWTACHALLENGERMATCH-26APR18MARKRA-KRA,45,1365,44,1683,43,382,42,791,21,359,47,24,48,1113,49,1284,50,3584,51,1181,46.0
2026-04-18 02:54:16 AM,KXWTACHALLENGERMATCH-26APR18MARKRA-KRA,45,1345,44,1683,43,382,42,791,21,359,47,24,48,1113,49,1284,50,3584,51,1181,46.0
2026-04-18 02:54:16 AM,KXWTACHALLENGERMATCH-26APR18MARKRA-KRA,45,1345,44,1726,43,382,42,791,21,359,47,24,48,1113,49,1284,50,3584,51,1181,46.0
2026-04-18 02:54:16 AM,KXWTACHALLENGERMATCH-26APR18MARKRA-KRA,45,1345,44,1726,43,382,42,791,21,359,47,24,48,1113,49,1284,50,3377,51,1181,46.0
2026-04-18 02:54:17 AM,KXWTACHALLENGERMATCH-26APR18MARKRA-KRA,45,1552,44,1726,43,382,42,791,21,359,47,24,48,1113,49,1284,50,3377,51,1181,46.0
2026-04-18 02:55:11 AM,KXWTACHALLENGERMATCH-26APR18MARKRA-KRA,45,1552,44,1726,43,382,42,791,21,359,47,24,48,1113,49,1284,50,877,51,1181,46.0
2026-04-18 02:55:11 AM,KXWTACHALLENGERMATCH-26APR18MARKRA-KRA,45,1552,44,1726,43,382,42,791,21,359,47,24,48,1113,49,1284,50,3377,51,1181,46.0
2026-04-18 02:57:33 AM,KXWTACHALLENGERMATCH-26APR18MARKRA-KRA,45,1552,44,1726,43,382,42,791,21,359,47,24,48,1113,49,1284,50,877,51,1181,46.0
2026-04-18 02:57:33 AM,KXWTACHALLENGERMATCH-26APR18MARKRA-KRA,45,1552,44,1726,43,382,42,791,21,359,47,24,48,1113,49,1284,50,3377,51,1181,46.0
2026-04-18 02:57:41 AM,KXWTACHALLENGERMATCH-26APR18MARKRA-KRA,45,1645,44,1726,43,382,42,791,21,359,47,24,48,1113,49,1284,50,3377,51,1181,46.0
2026-04-18 02:57:41 AM,KXWTACHALLENGERMATCH-26APR18MARKRA-KRA,45,1645,44,1726,43,382,42,791,21,359,47,24,48,1113,49,1284,50,3470,51,1181,46.0
2026-04-18 02:59:53 AM,KXWTACHALLENGERMATCH-26APR18MARKRA-KRA,45,1645,44,1726,43,382,42,791,21,359,47,24,48,1113,49,1284,50,970,51,1181,46.0
2026-04-18 02:59:53 AM,KXWTACHALLENGERMATCH-26APR18MARKRA-KRA,45,1645,44,1726,43,382,42,791,21,359,47,24,48,1113,49,1284,50,3470,51,1181,46.0
2026-04-18 03:00:51 AM,KXWTACHALLENGERMATCH-26APR18MARKRA-KRA,45,1645,44,1726,43,382,42,791,21,359,47,24,48,1113,49,1284,50,3747,51,1181,46.0
2026-04-18 03:00:51 AM,KXWTACHALLENGERMATCH-26APR18MARKRA-KRA,45,1645,44,1726,43,382,42,791,21,359,47,24,48,1113,49,1077,50,3747,51,1181,46.0
2026-04-18 03:00:51 AM,KXWTACHALLENGERMATCH-26APR18MARKRA-KRA,45,1645,44,1726,43,382,42,791,21,359,47,24,48,1113,49,1077,50,3654,51,1181,46.0
2026-04-18 03:00:52 AM,KXWTACHALLENGERMATCH-26APR18MARKRA-KRA,45,1645,44,1726,43,382,42,791,21,359,47,24,48,1113,49,1077,50,1154,51,1181,46.0
2026-04-18 03:00:52 AM,KXWTACHALLENGERMATCH-26APR18MARKRA-KRA,45,1645,44,1726,43,382,42,791,21,359,47,24,48,1113,49,1077,50,3654,51,1181,46.0
2026-04-18 03:00:53 AM,KXWTACHALLENGERMATCH-26APR18MARKRA-KRA,45,1645,44,1726,43,382,42,791,21,359,47,24,48,1113,49,1077,50,3377,51,1181,46.0
2026-04-18 03:01:00 AM,KXWTACHALLENGERMATCH-26APR18MARKRA-KRA,45,1645,44,1726,43,382,42,791,21,359,47,24,48,1113,49,1077,50,3747,51,1181,46.0
2026-04-18 03:01:23 AM,KXWTACHALLENGERMATCH-26APR18MARKRA-KRA,45,1645,44,1726,43,382,42,791,21,359,47,24,48,1113,49,1077,50,1247,51,1181,46.0
2026-04-18 03:01:23 AM,KXWTACHALLENGERMATCH-26APR18MARKRA-KRA,45,1645,44,1726,43,382,42,791,21,359,47,24,48,1113,49,1077,50,3747,51,1181,46.0
2026-04-18 03:03:23 AM,KXWTACHALLENGERMATCH-26APR18MARKRA-KRA,45,1645,44,1726,43,382,42,791,21,359,47,24,48,1113,49,1077,50,1247,51,1181,46.0
2026-04-18 03:03:23 AM,KXWTACHALLENGERMATCH-26APR18MARKRA-KRA,45,1645,44,1726,43,382,42,791,21,359,47,24,48,1113,49,1077,50,3747,51,1181,46.0
2026-04-18 03:05:24 AM,KXWTACHALLENGERMATCH-26APR18MARKRA-KRA,45,1645,44,1726,43,382,42,791,21,359,47,24,48,1113,49,1077,50,1247,51,1181,46.0
2026-04-18 03:05:24 AM,KXWTACHALLENGERMATCH-26APR18MARKRA-KRA,45,1645,44,1726,43,382,42,791,21,359,47,24,48,1113,49,1077,50,3747,51,1181,46.0
2026-04-18 03:07:44 AM,KXWTACHALLENGERMATCH-26APR18MARKRA-KRA,45,1645,44,1726,43,382,42,791,21,359,47,24,48,1113,49,1077,50,1247,51,1181,46.0
2026-04-18 03:07:44 AM,KXWTACHALLENGERMATCH-26APR18MARKRA-KRA,45,1645,44,1726,43,382,42,791,21,359,47,24,48,1113,49,1077,50,3747,51,1181,46.0
2026-04-18 03:08:22 AM,KXWTACHALLENGERMATCH-26APR18MARKRA-KRA,45,1645,44,1226,43,382,42,791,21,359,47,24,48,1113,49,1077,50,3747,51,1181,46.0
