ts_et,ticker,bid_1,bid_1_sz,bid_2,bid_2_sz,bid_3,bid_3_sz,bid_4,bid_4_sz,bid_5,bid_5_sz,ask_1,ask_1_sz,ask_2,ask_2_sz,ask_3,ask_3_sz,ask_4,ask_4_sz,ask_5,ask_5_sz,mid
2026-04-17 09:43:06 PM,KXWTAMATCH-26APR18RYBAND-AND,43,369,42,1213,41,984,38,69,37,304,44,435,45,6130,46,4040,47,921,48,498,43.5
2026-04-17 09:43:20 PM,KXWTAMATCH-26APR18RYBAND-AND,43,369,42,1213,41,984,38,5069,37,304,44,435,45,6130,46,4040,47,921,48,498,43.5
2026-04-17 09:43:20 PM,KXWTAMATCH-26APR18RYBAND-AND,43,369,42,1213,41,984,38,5069,37,5304,44,435,45,6130,46,4040,47,921,48,498,43.5
2026-04-17 09:43:30 PM,KXWTAMATCH-26APR18RYBAND-AND,43,369,42,1301,41,984,38,5069,37,5304,44,435,45,6130,46,4040,47,921,48,498,43.5
2026-04-17 09:43:30 PM,KXWTAMATCH-26APR18RYBAND-AND,43,281,42,1301,41,984,38,5069,37,5304,44,435,45,6130,46,4040,47,921,48,498,43.5
2026-04-17 09:43:42 PM,KXWTAMATCH-26APR18RYBAND-AND,43,369,42,1301,41,984,38,5069,37,5304,44,435,45,6130,46,4040,47,921,48,498,43.5
2026-04-17 09:43:45 PM,KXWTAMATCH-26APR18RYBAND-AND,43,369,42,1213,41,984,38,5069,37,5304,44,435,45,6130,46,4040,47,921,48,498,43.5
2026-04-17 09:45:36 PM,KXWTAMATCH-26APR18RYBAND-AND,43,369,42,1213,41,984,38,5069,37,5085,44,435,45,6130,46,4040,47,921,48,498,43.5
2026-04-17 09:45:36 PM,KXWTAMATCH-26APR18RYBAND-AND,43,369,42,1213,41,984,38,69,37,5085,44,435,45,6130,46,4040,47,921,48,498,43.5
2026-04-17 09:45:36 PM,KXWTAMATCH-26APR18RYBAND-AND,43,369,42,1213,41,984,38,69,37,85,44,435,45,6130,46,4040,47,921,48,498,43.5
2026-04-17 09:45:36 PM,KXWTAMATCH-26APR18RYBAND-AND,43,369,42,1213,41,984,40,34,38,69,44,435,45,6130,46,4040,47,921,48,498,43.5
2026-04-17 09:45:57 PM,KXWTAMATCH-26APR18RYBAND-AND,43,369,42,1213,41,984,40,34,38,69,44,435,45,6130,46,4040,47,921,48,586,43.5
2026-04-17 09:45:57 PM,KXWTAMATCH-26APR18RYBAND-AND,43,369,42,1213,41,984,40,34,38,69,44,435,45,6130,46,4040,47,833,48,586,43.5
2026-04-17 09:45:57 PM,KXWTAMATCH-26APR18RYBAND-AND,43,281,42,1213,41,984,40,34,38,69,44,435,45,6130,46,4040,47,833,48,586,43.5
2026-04-17 09:45:57 PM,KXWTAMATCH-26APR18RYBAND-AND,43,369,42,1213,41,984,40,34,38,69,44,435,45,6130,46,4040,47,833,48,586,43.5
2026-04-17 09:46:01 PM,KXWTAMATCH-26APR18RYBAND-AND,43,281,42,1213,41,984,40,34,38,69,44,435,45,6130,46,4040,47,833,48,586,43.5
2026-04-17 09:46:06 PM,KXWTAMATCH-26APR18RYBAND-AND,43,369,42,1213,41,984,40,34,38,69,44,435,45,6130,46,4040,47,833,48,586,43.5
2026-04-17 09:46:06 PM,KXWTAMATCH-26APR18RYBAND-AND,43,369,42,1213,41,984,40,34,38,69,44,435,45,6130,46,4040,47,921,48,586,43.5
2026-04-17 09:46:06 PM,KXWTAMATCH-26APR18RYBAND-AND,43,369,42,1213,41,984,40,34,38,69,44,435,45,6130,46,4040,47,921,48,498,43.5
2026-04-17 09:46:06 PM,KXWTAMATCH-26APR18RYBAND-AND,43,369,42,1213,41,984,38,69,37,304,44,435,45,6130,46,4040,47,921,48,498,43.5
2026-04-17 09:46:25 PM,KXWTAMATCH-26APR18RYBAND-AND,43,369,42,1213,41,984,38,69,37,304,44,435,45,6130,46,4040,47,921,48,586,43.5
2026-04-17 09:46:25 PM,KXWTAMATCH-26APR18RYBAND-AND,43,369,42,1213,41,984,38,69,37,304,44,435,45,6130,46,4040,47,833,48,586,43.5
2026-04-17 09:46:25 PM,KXWTAMATCH-26APR18RYBAND-AND,43,369,42,1213,41,984,38,5069,37,304,44,435,45,6130,46,4040,47,833,48,586,43.5
2026-04-17 09:46:25 PM,KXWTAMATCH-26APR18RYBAND-AND,43,369,42,1213,41,984,38,5069,37,5304,44,435,45,6130,46,4040,47,833,48,586,43.5
2026-04-17 09:46:26 PM,KXWTAMATCH-26APR18RYBAND-AND,43,281,42,1213,41,984,38,5069,37,5304,44,435,45,6130,46,4040,47,833,48,586,43.5
2026-04-17 09:46:26 PM,KXWTAMATCH-26APR18RYBAND-AND,43,369,42,1213,41,984,38,5069,37,5304,44,435,45,6130,46,4040,47,833,48,586,43.5
2026-04-17 09:46:26 PM,KXWTAMATCH-26APR18RYBAND-AND,43,281,42,1213,41,984,38,5069,37,5304,44,435,45,6130,46,4040,47,833,48,586,43.5
2026-04-17 09:47:02 PM,KXWTAMATCH-26APR18RYBAND-AND,43,369,42,1213,41,984,38,5069,37,5304,44,435,45,6130,46,4040,47,833,48,586,43.5
2026-04-17 09:47:02 PM,KXWTAMATCH-26APR18RYBAND-AND,43,369,42,1213,41,984,39,845,38,5069,44,435,45,6130,46,4040,47,833,48,586,43.5
2026-04-17 09:47:02 PM,KXWTAMATCH-26APR18RYBAND-AND,43,369,42,1213,41,984,40,5000,39,845,44,435,45,6130,46,4040,47,833,48,586,43.5
2026-04-17 09:47:02 PM,KXWTAMATCH-26APR18RYBAND-AND,43,369,42,1213,41,984,40,5000,39,5845,44,435,45,6130,46,4040,47,833,48,586,43.5
2026-04-17 09:47:03 PM,KXWTAMATCH-26APR18RYBAND-AND,43,281,42,1213,41,984,40,5000,39,5845,44,435,45,6130,46,4040,47,833,48,586,43.5
2026-04-17 09:47:03 PM,KXWTAMATCH-26APR18RYBAND-AND,43,281,42,1213,41,984,40,5000,39,5845,44,435,45,6130,46,4040,47,921,48,586,43.5
2026-04-17 09:47:09 PM,KXWTAMATCH-26APR18RYBAND-AND,43,281,42,1213,41,984,40,5000,39,5845,44,435,45,6130,46,4040,47,921,48,498,43.5
2026-04-17 09:47:20 PM,KXWTAMATCH-26APR18RYBAND-AND,43,369,42,1213,41,984,40,5000,39,5845,44,435,45,6130,46,4040,47,921,48,498,43.5
2026-04-17 09:48:15 PM,KXWTAMATCH-26APR18RYBAND-AND,43,369,42,1213,41,984,40,5000,39,5845,44,433,45,6130,46,4040,47,921,48,498,43.5
2026-04-17 09:48:15 PM,KXWTAMATCH-26APR18RYBAND-AND,43,369,42,1213,41,734,40,5000,39,5845,44,433,45,6130,46,4040,47,921,48,498,43.5
2026-04-17 09:48:15 PM,KXWTAMATCH-26APR18RYBAND-AND,43,369,42,1463,41,734,40,5000,39,5845,44,433,45,6130,46,4040,47,921,48,498,43.5
2026-04-17 09:48:15 PM,KXWTAMATCH-26APR18RYBAND-AND,43,369,42,1463,41,734,40,5000,39,5845,44,183,45,6130,46,4040,47,921,48,498,43.5
2026-04-17 09:48:15 PM,KXWTAMATCH-26APR18RYBAND-AND,43,369,42,1463,41,734,40,5000,39,5845,44,183,45,6380,46,4040,47,921,48,498,43.5
2026-04-17 09:48:48 PM,KXWTAMATCH-26APR18RYBAND-AND,43,369,42,1463,41,734,40,5000,39,5845,44,5,45,6380,46,4040,47,921,48,498,43.5
2026-04-17 09:48:48 PM,KXWTAMATCH-26APR18RYBAND-AND,43,369,42,1463,41,734,40,5000,39,5845,44,1,45,6380,46,4040,47,921,48,498,43.5
2026-04-17 09:48:48 PM,KXWTAMATCH-26APR18RYBAND-AND,43,369,42,1463,41,734,40,5000,39,5000,44,1,45,6380,46,4040,47,921,48,498,43.5
2026-04-17 09:48:48 PM,KXWTAMATCH-26APR18RYBAND-AND,43,369,42,1463,41,734,39,5000,38,5069,44,1,45,6380,46,4040,47,921,48,498,43.5
2026-04-17 09:48:48 PM,KXWTAMATCH-26APR18RYBAND-AND,43,369,42,1463,41,734,38,5069,37,5219,44,1,45,6380,46,4040,47,921,48,498,43.5
2026-04-17 09:48:48 PM,KXWTAMATCH-26APR18RYBAND-AND,43,369,42,1463,41,734,38,5069,37,5219,44,1,45,6305,46,4040,47,921,48,498,43.5
2026-04-17 09:48:48 PM,KXWTAMATCH-26APR18RYBAND-AND,43,369,42,1463,41,734,38,69,37,5219,44,1,45,6305,46,4040,47,921,48,498,43.5
2026-04-17 09:48:48 PM,KXWTAMATCH-26APR18RYBAND-AND,43,369,42,1463,41,734,38,69,37,219,44,1,45,6305,46,4040,47,921,48,498,43.5
2026-04-17 09:48:48 PM,KXWTAMATCH-26APR18RYBAND-AND,43,369,42,1463,41,734,40,86,38,69,44,1,45,6305,46,4040,47,921,48,498,43.5
2026-04-17 09:48:48 PM,KXWTAMATCH-26APR18RYBAND-AND,43,369,42,1463,41,734,40,86,39,86,44,1,45,6305,46,4040,47,921,48,498,43.5
2026-04-17 09:48:48 PM,KXWTAMATCH-26APR18RYBAND-AND,43,369,42,1463,41,734,40,86,39,86,44,135,45,6305,46,4040,47,921,48,498,43.5
2026-04-17 09:48:48 PM,KXWTAMATCH-26APR18RYBAND-AND,43,369,42,1551,41,734,40,86,39,86,44,135,45,6305,46,4040,47,921,48,498,43.5
2026-04-17 09:48:48 PM,KXWTAMATCH-26APR18RYBAND-AND,43,281,42,1551,41,734,40,86,39,86,44,135,45,6305,46,4040,47,921,48,498,43.5
2026-04-17 09:49:10 PM,KXWTAMATCH-26APR18RYBAND-AND,43,369,42,1551,41,734,40,86,39,86,44,135,45,6305,46,4040,47,921,48,498,43.5
2026-04-17 09:49:10 PM,KXWTAMATCH-26APR18RYBAND-AND,43,369,42,1551,41,734,40,86,39,86,44,135,45,6305,46,4040,47,833,48,498,43.5
2026-04-17 09:49:10 PM,KXWTAMATCH-26APR18RYBAND-AND,43,369,42,1551,41,734,40,86,39,86,44,135,45,6305,46,4040,47,833,48,586,43.5
2026-04-17 09:49:10 PM,KXWTAMATCH-26APR18RYBAND-AND,43,369,42,1463,41,734,40,86,39,86,44,135,45,6305,46,4040,47,833,48,586,43.5
2026-04-17 09:49:11 PM,KXWTAMATCH-26APR18RYBAND-AND,43,369,42,1463,41,734,40,86,39,86,44,135,45,6305,46,4040,47,833,48,498,43.5
2026-04-17 09:49:21 PM,KXWTAMATCH-26APR18RYBAND-AND,43,369,42,1463,41,734,40,86,39,86,44,135,45,6305,46,4040,47,921,48,498,43.5
2026-04-17 09:49:27 PM,KXWTAMATCH-26APR18RYBAND-AND,43,369,42,1463,41,734,40,86,39,86,44,27,45,6305,46,4040,47,921,48,498,43.5
2026-04-17 09:49:27 PM,KXWTAMATCH-26APR18RYBAND-AND,43,369,42,1463,41,734,40,86,39,915,44,27,45,6305,46,4040,47,921,48,498,43.5
2026-04-17 09:49:27 PM,KXWTAMATCH-26APR18RYBAND-AND,43,369,42,1463,41,734,40,86,39,915,44,27,45,6254,46,4040,47,921,48,498,43.5
2026-04-17 09:49:27 PM,KXWTAMATCH-26APR18RYBAND-AND,43,369,42,1463,41,734,40,5086,39,915,44,27,45,6254,46,4040,47,921,48,498,43.5
2026-04-17 09:49:27 PM,KXWTAMATCH-26APR18RYBAND-AND,43,369,42,1463,41,734,40,5086,39,5915,44,27,45,6254,46,4040,47,921,48,498,43.5
2026-04-17 09:49:27 PM,KXWTAMATCH-26APR18RYBAND-AND,43,369,42,1463,41,734,40,5086,39,5915,44,27,45,6254,46,4029,47,921,48,498,43.5
2026-04-17 09:49:27 PM,KXWTAMATCH-26APR18RYBAND-AND,43,369,42,1502,41,734,40,5086,39,5915,44,27,45,6254,46,4029,47,921,48,498,43.5
2026-04-17 09:49:27 PM,KXWTAMATCH-26APR18RYBAND-AND,43,369,42,1502,41,822,40,5086,39,5915,44,27,45,6254,46,4029,47,921,48,498,43.5
2026-04-17 09:49:27 PM,KXWTAMATCH-26APR18RYBAND-AND,43,369,42,1502,41,822,40,5086,39,5915,44,99,45,6254,46,4029,47,921,48,498,43.5
2026-04-17 09:49:32 PM,KXWTAMATCH-26APR18RYBAND-AND,43,369,42,1502,41,759,40,5086,39,5915,44,99,45,6254,46,4029,47,921,48,498,43.5
2026-04-17 09:49:32 PM,KXWTAMATCH-26APR18RYBAND-AND,43,369,42,1463,41,759,40,5086,39,5915,44,99,45,6254,46,4029,47,921,48,498,43.5
2026-04-17 09:49:32 PM,KXWTAMATCH-26APR18RYBAND-AND,43,369,42,1463,41,759,40,5086,39,5915,44,132,45,6254,46,4029,47,921,48,498,43.5
2026-04-17 09:49:32 PM,KXWTAMATCH-26APR18RYBAND-AND,43,369,42,1463,41,759,40,5086,39,5915,44,132,45,6302,46,4029,47,921,48,498,43.5
2026-04-17 09:49:37 PM,KXWTAMATCH-26APR18RYBAND-AND,43,369,42,1463,41,759,40,5086,39,5915,44,106,45,6302,46,4029,47,921,48,498,43.5
2026-04-17 09:49:37 PM,KXWTAMATCH-26APR18RYBAND-AND,43,369,42,1463,41,759,40,5086,39,5915,44,34,45,6302,46,4029,47,921,48,498,43.5
2026-04-17 09:49:37 PM,KXWTAMATCH-26APR18RYBAND-AND,43,369,42,1463,41,759,40,5086,39,5915,44,24,45,6302,46,4029,47,921,48,498,43.5
2026-04-17 09:49:37 PM,KXWTAMATCH-26APR18RYBAND-AND,43,369,42,1463,41,759,40,5086,39,5915,44,24,45,6298,46,4029,47,921,48,498,43.5
2026-04-17 09:49:37 PM,KXWTAMATCH-26APR18RYBAND-AND,43,369,42,1515,41,759,40,5086,39,5915,44,24,45,6298,46,4029,47,921,48,498,43.5
2026-04-17 09:49:37 PM,KXWTAMATCH-26APR18RYBAND-AND,43,369,42,1515,41,822,40,5086,39,5915,44,24,45,6298,46,4029,47,921,48,498,43.5
2026-04-17 09:49:37 PM,KXWTAMATCH-26APR18RYBAND-AND,43,369,42,1515,41,822,40,5086,39,5915,44,97,45,6298,46,4029,47,921,48,498,43.5
2026-04-17 09:49:46 PM,KXWTAMATCH-26APR18RYBAND-AND,43,369,42,1515,41,822,40,5086,39,5915,44,97,45,6298,46,4029,47,921,48,586,43.5
2026-04-17 09:49:46 PM,KXWTAMATCH-26APR18RYBAND-AND,43,369,42,1515,41,822,40,5086,39,5915,44,97,45,6298,46,4029,47,833,48,586,43.5
2026-04-17 09:49:49 PM,KXWTAMATCH-26APR18RYBAND-AND,43,369,42,1603,41,822,40,5086,39,5915,44,97,45,6298,46,4029,47,833,48,586,43.5
2026-04-17 09:49:49 PM,KXWTAMATCH-26APR18RYBAND-AND,43,281,42,1603,41,822,40,5086,39,5915,44,97,45,6298,46,4029,47,833,48,586,43.5
2026-04-17 09:49:55 PM,KXWTAMATCH-26APR18RYBAND-AND,43,281,42,1603,41,822,40,5086,39,5915,44,97,45,6298,46,4029,47,921,48,586,43.5
2026-04-17 09:49:55 PM,KXWTAMATCH-26APR18RYBAND-AND,43,281,42,1603,41,822,40,5086,39,5915,44,97,45,6298,46,4029,47,833,48,586,43.5
2026-04-17 09:49:55 PM,KXWTAMATCH-26APR18RYBAND-AND,43,281,42,1603,41,822,40,5086,39,5915,44,97,45,6298,46,4029,47,833,48,498,43.5
2026-04-17 09:49:55 PM,KXWTAMATCH-26APR18RYBAND-AND,43,281,42,1515,41,822,40,5086,39,5915,44,97,45,6298,46,4029,47,833,48,498,43.5
2026-04-17 09:49:58 PM,KXWTAMATCH-26APR18RYBAND-AND,43,281,42,1515,41,822,40,5086,39,5915,44,74,45,6298,46,4029,47,833,48,498,43.5
2026-04-17 09:49:58 PM,KXWTAMATCH-26APR18RYBAND-AND,43,281,42,1515,41,822,40,5086,39,5915,44,63,45,6298,46,4029,47,833,48,498,43.5
2026-04-17 09:49:58 PM,KXWTAMATCH-26APR18RYBAND-AND,43,281,42,1515,41,822,40,5086,39,5915,44,63,45,6234,46,4029,47,833,48,498,43.5
2026-04-17 09:49:58 PM,KXWTAMATCH-26APR18RYBAND-AND,43,369,42,1515,41,822,40,5086,39,5915,44,63,45,6234,46,4029,47,833,48,498,43.5
2026-04-17 09:49:58 PM,KXWTAMATCH-26APR18RYBAND-AND,43,369,42,1551,41,822,40,5086,39,5915,44,63,45,6234,46,4029,47,833,48,498,43.5
2026-04-17 09:49:58 PM,KXWTAMATCH-26APR18RYBAND-AND,43,369,42,1551,41,822,40,5086,39,5915,44,85,45,6234,46,4029,47,833,48,498,43.5
2026-04-17 09:50:03 PM,KXWTAMATCH-26APR18RYBAND-AND,43,369,42,1551,41,822,40,5086,39,5915,44,85,45,6234,46,4029,47,921,48,498,43.5
2026-04-17 09:50:03 PM,KXWTAMATCH-26APR18RYBAND-AND,43,369,42,1551,41,822,40,5086,39,5086,44,85,45,6234,46,4029,47,921,48,498,43.5
2026-04-17 09:50:03 PM,KXWTAMATCH-26APR18RYBAND-AND,43,369,42,1551,41,822,40,86,39,5086,44,85,45,6234,46,4029,47,921,48,498,43.5
2026-04-17 09:50:03 PM,KXWTAMATCH-26APR18RYBAND-AND,43,369,42,1551,41,822,40,86,39,86,44,85,45,6234,46,4029,47,921,48,498,43.5
2026-04-17 09:50:09 PM,KXWTAMATCH-26APR18RYBAND-AND,43,369,42,1551,41,822,40,86,39,86,44,23,45,6234,46,4029,47,921,48,498,43.5
2026-04-17 09:50:09 PM,KXWTAMATCH-26APR18RYBAND-AND,43,369,42,1551,41,822,40,86,39,86,44,1,45,6234,46,4029,47,921,48,498,43.5
2026-04-17 09:50:09 PM,KXWTAMATCH-26APR18RYBAND-AND,43,369,42,1551,41,822,40,86,39,86,44,1,45,6193,46,4029,47,921,48,498,43.5
2026-04-17 09:50:09 PM,KXWTAMATCH-26APR18RYBAND-AND,43,369,42,1551,41,822,40,86,38,5000,44,1,45,6193,46,4029,47,921,48,498,43.5
2026-04-17 09:50:09 PM,KXWTAMATCH-26APR18RYBAND-AND,43,369,42,1551,41,822,38,5000,37,5219,44,1,45,6193,46,4029,47,921,48,498,43.5
2026-04-17 09:50:09 PM,KXWTAMATCH-26APR18RYBAND-AND,43,455,42,1551,41,822,38,5000,37,5219,44,1,45,6193,46,4029,47,921,48,498,43.5
2026-04-17 09:50:09 PM,KXWTAMATCH-26APR18RYBAND-AND,43,455,42,1551,41,822,38,5000,37,5219,44,58,45,6193,46,4029,47,921,48,498,43.5
2026-04-17 09:50:30 PM,KXWTAMATCH-26APR18RYBAND-AND,43,455,42,1551,41,822,38,5000,37,5219,44,1,45,6193,46,4029,47,921,48,498,43.5
2026-04-17 09:50:30 PM,KXWTAMATCH-26APR18RYBAND-AND,43,455,42,1551,41,759,38,5000,37,5219,44,1,45,6193,46,4029,47,921,48,498,43.5
2026-04-17 09:50:30 PM,KXWTAMATCH-26APR18RYBAND-AND,43,455,42,1551,41,734,38,5000,37,5219,44,1,45,6193,46,4029,47,921,48,498,43.5
2026-04-17 09:50:30 PM,KXWTAMATCH-26APR18RYBAND-AND,43,455,42,1551,41,734,38,5000,37,5219,44,1,45,6166,46,4029,47,921,48,498,43.5
2026-04-17 09:50:30 PM,KXWTAMATCH-26APR18RYBAND-AND,44,53,43,455,42,1551,41,734,38,5000,44,1,45,6166,46,4029,47,921,48,498,44.0
2026-04-17 09:50:30 PM,KXWTAMATCH-26APR18RYBAND-AND,44,53,43,455,42,1551,41,734,39,192,44,1,45,6166,46,4029,47,921,48,498,44.0
2026-04-17 09:50:30 PM,KXWTAMATCH-26APR18RYBAND-AND,44,53,43,455,42,1537,41,734,39,192,44,1,45,6166,46,4029,47,921,48,498,44.0
2026-04-17 09:50:30 PM,KXWTAMATCH-26APR18RYBAND-AND,44,53,43,455,42,1535,41,734,39,192,44,1,45,6166,46,4029,47,921,48,498,44.0
2026-04-17 09:50:30 PM,KXWTAMATCH-26APR18RYBAND-AND,44,53,43,455,42,1527,41,734,39,192,44,1,45,6166,46,4029,47,921,48,498,44.0
2026-04-17 09:50:30 PM,KXWTAMATCH-26APR18RYBAND-AND,44,53,43,455,42,1527,41,734,39,192,44,1,45,6203,46,4029,47,921,48,498,44.0
2026-04-17 09:50:30 PM,KXWTAMATCH-26APR18RYBAND-AND,44,67,43,455,42,1527,41,734,39,192,44,1,45,6203,46,4029,47,921,48,498,44.0
2026-04-17 09:50:43 PM,KXWTAMATCH-26APR18RYBAND-AND,44,67,43,455,42,1548,41,734,39,192,44,1,45,6203,46,4029,47,921,48,498,44.0
2026-04-17 09:50:43 PM,KXWTAMATCH-26APR18RYBAND-AND,44,67,43,455,42,1548,41,734,39,1083,44,1,45,6203,46,4029,47,921,48,498,44.0
2026-04-17 09:50:43 PM,KXWTAMATCH-26APR18RYBAND-AND,44,67,43,455,42,1548,41,734,40,5000,44,1,45,6203,46,4029,47,921,48,498,44.0
2026-04-17 09:50:43 PM,KXWTAMATCH-26APR18RYBAND-AND,44,67,43,455,42,1548,41,734,40,5000,44,1,45,6203,46,4029,47,942,48,498,44.0
2026-04-17 09:51:00 PM,KXWTAMATCH-26APR18RYBAND-AND,44,67,43,455,42,1548,41,734,40,5176,44,1,45,6203,46,4029,47,942,48,498,44.0
2026-04-17 09:52:22 PM,KXWTAMATCH-26APR18RYBAND-AND,44,67,43,455,42,1548,41,734,40,5176,44,1,45,6203,46,4029,47,942,48,586,44.0
2026-04-17 09:52:22 PM,KXWTAMATCH-26APR18RYBAND-AND,44,67,43,455,42,1548,41,734,40,5176,44,1,45,6203,46,4029,47,854,48,586,44.0
2026-04-17 09:52:25 PM,KXWTAMATCH-26APR18RYBAND-AND,44,67,43,455,42,1636,41,734,40,5176,44,1,45,6203,46,4029,47,854,48,586,44.0
2026-04-17 09:52:25 PM,KXWTAMATCH-26APR18RYBAND-AND,44,67,43,367,42,1636,41,734,40,5176,44,1,45,6203,46,4029,47,854,48,586,44.0
2026-04-17 09:52:38 PM,KXWTAMATCH-26APR18RYBAND-AND,44,67,43,455,42,1636,41,734,40,5176,44,1,45,6203,46,4029,47,854,48,586,44.0
2026-04-17 09:52:38 PM,KXWTAMATCH-26APR18RYBAND-AND,44,67,43,455,42,1636,41,734,40,5176,44,1,45,6203,46,4029,47,942,48,586,44.0
2026-04-17 09:52:38 PM,KXWTAMATCH-26APR18RYBAND-AND,44,67,43,455,42,1636,41,776,40,5176,44,1,45,6203,46,4029,47,942,48,586,44.0
2026-04-17 09:52:39 PM,KXWTAMATCH-26APR18RYBAND-AND,44,67,43,455,42,1548,41,776,40,5176,44,1,45,6203,46,4029,47,942,48,586,44.0
2026-04-17 09:52:39 PM,KXWTAMATCH-26APR18RYBAND-AND,44,67,43,455,42,1548,41,776,40,5176,44,1,45,6203,46,4029,47,942,48,498,44.0
2026-04-17 09:52:39 PM,KXWTAMATCH-26APR18RYBAND-AND,44,67,43,455,42,1548,41,776,40,5176,44,1,45,6203,46,4029,47,854,48,498,44.0
2026-04-17 09:52:47 PM,KXWTAMATCH-26APR18RYBAND-AND,44,67,43,455,42,1548,41,776,40,5176,44,1,45,6203,46,4029,47,854,48,586,44.0
2026-04-17 09:52:49 PM,KXWTAMATCH-26APR18RYBAND-AND,44,155,43,455,42,1548,41,776,40,5176,44,1,45,6203,46,4029,47,854,48,586,44.0
2026-04-17 09:52:49 PM,KXWTAMATCH-26APR18RYBAND-AND,44,155,43,455,42,1548,41,776,40,176,44,1,45,6203,46,4029,47,854,48,586,44.0
2026-04-17 09:52:49 PM,KXWTAMATCH-26APR18RYBAND-AND,44,67,43,455,42,1548,41,776,40,176,44,1,45,6203,46,4029,47,854,48,586,44.0
2026-04-17 09:52:49 PM,KXWTAMATCH-26APR18RYBAND-AND,44,67,43,455,42,1548,41,665,40,176,44,1,45,6203,46,4029,47,854,48,586,44.0
2026-04-17 09:52:49 PM,KXWTAMATCH-26APR18RYBAND-AND,44,67,43,455,42,1548,41,499,40,176,44,1,45,6203,46,4029,47,854,48,586,44.0
2026-04-17 09:52:49 PM,KXWTAMATCH-26APR18RYBAND-AND,44,67,43,455,42,1548,41,496,40,176,44,1,45,6203,46,4029,47,854,48,586,44.0
2026-04-17 09:52:49 PM,KXWTAMATCH-26APR18RYBAND-AND,44,67,43,455,42,1548,41,495,40,176,44,1,45,6203,46,4029,47,854,48,586,44.0
2026-04-17 09:52:49 PM,KXWTAMATCH-26APR18RYBAND-AND,44,67,43,455,42,1548,41,466,40,176,44,1,45,6203,46,4029,47,854,48,586,44.0
2026-04-17 09:52:49 PM,KXWTAMATCH-26APR18RYBAND-AND,44,67,43,455,42,1548,41,461,40,176,44,1,45,6203,46,4029,47,854,48,586,44.0
2026-04-17 09:52:49 PM,KXWTAMATCH-26APR18RYBAND-AND,44,67,43,455,42,1548,41,445,40,176,44,1,45,6203,46,4029,47,854,48,586,44.0
2026-04-17 09:52:49 PM,KXWTAMATCH-26APR18RYBAND-AND,44,67,43,789,42,1548,41,445,40,176,44,1,45,6203,46,4029,47,854,48,586,44.0
2026-04-17 09:52:55 PM,KXWTAMATCH-26APR18RYBAND-AND,44,67,43,701,42,1548,41,445,40,176,44,1,45,6203,46,4029,47,854,48,586,44.0
2026-04-17 09:52:55 PM,KXWTAMATCH-26APR18RYBAND-AND,44,67,43,701,42,1548,41,445,40,176,44,1,45,6203,46,4029,47,942,48,586,44.0
2026-04-17 09:52:56 PM,KXWTAMATCH-26APR18RYBAND-AND,44,67,43,701,42,1548,41,445,40,176,44,1,45,6203,46,4029,47,942,48,498,44.0
2026-04-17 09:52:58 PM,KXWTAMATCH-26APR18RYBAND-AND,44,67,43,789,42,1548,41,445,40,176,44,1,45,6203,46,4029,47,942,48,498,44.0
2026-04-17 09:53:04 PM,KXWTAMATCH-26APR18RYBAND-AND,44,67,43,701,42,1548,41,445,40,176,44,1,45,6203,46,4029,47,942,48,498,44.0
2026-04-17 09:53:07 PM,KXWTAMATCH-26APR18RYBAND-AND,44,67,43,789,42,1548,41,445,40,176,44,1,45,6203,46,4029,47,942,48,498,44.0
2026-04-17 09:53:08 PM,KXWTAMATCH-26APR18RYBAND-AND,44,67,43,789,42,1548,41,403,40,176,44,1,45,6203,46,4029,47,942,48,498,44.0
2026-04-17 09:53:08 PM,KXWTAMATCH-26APR18RYBAND-AND,44,67,43,701,42,1548,41,403,40,176,44,1,45,6203,46,4029,47,942,48,498,44.0
2026-04-17 09:53:12 PM,KXWTAMATCH-26APR18RYBAND-AND,44,67,43,701,42,6548,41,403,40,176,44,1,45,6203,46,4029,47,942,48,498,44.0
2026-04-17 09:53:12 PM,KXWTAMATCH-26APR18RYBAND-AND,44,67,43,701,42,6548,41,5403,40,176,44,1,45,6203,46,4029,47,942,48,498,44.0
2026-04-17 09:53:12 PM,KXWTAMATCH-26APR18RYBAND-AND,44,67,43,701,42,6298,41,5403,40,176,44,1,45,6203,46,4029,47,942,48,498,44.0
2026-04-17 09:53:12 PM,KXWTAMATCH-26APR18RYBAND-AND,44,67,43,951,42,6298,41,5403,40,176,44,1,45,6203,46,4029,47,942,48,498,44.0
2026-04-17 09:53:12 PM,KXWTAMATCH-26APR18RYBAND-AND,44,67,43,951,42,6298,41,5403,40,176,44,1,45,5953,46,4029,47,942,48,498,44.0
2026-04-17 09:53:12 PM,KXWTAMATCH-26APR18RYBAND-AND,44,67,43,951,42,6298,41,5403,40,176,44,1,45,5953,46,4279,47,942,48,498,44.0
2026-04-17 09:53:15 PM,KXWTAMATCH-26APR18RYBAND-AND,44,67,43,1039,42,6298,41,5403,40,176,44,1,45,5953,46,4279,47,942,48,498,44.0
2026-04-17 09:53:19 PM,KXWTAMATCH-26APR18RYBAND-AND,44,67,43,1039,42,6298,41,5403,39,842,44,1,45,5953,46,4279,47,942,48,498,44.0
2026-04-17 09:53:26 PM,KXWTAMATCH-26APR18RYBAND-AND,44,67,43,1039,42,6298,41,5403,39,842,44,1,45,5953,46,4279,47,942,48,586,44.0
2026-04-17 09:53:26 PM,KXWTAMATCH-26APR18RYBAND-AND,44,67,43,1039,42,6298,41,5403,39,842,44,1,45,5953,46,4279,47,854,48,586,44.0
2026-04-17 09:53:27 PM,KXWTAMATCH-26APR18RYBAND-AND,44,155,43,1039,42,6298,41,5403,39,842,44,1,45,5953,46,4279,47,854,48,586,44.0
2026-04-17 09:53:27 PM,KXWTAMATCH-26APR18RYBAND-AND,44,67,43,1039,42,6298,41,5403,39,842,44,1,45,5953,46,4279,47,854,48,586,44.0
2026-04-17 09:53:40 PM,KXWTAMATCH-26APR18RYBAND-AND,44,67,43,1039,42,6298,41,5403,39,842,44,1,45,5953,46,4279,47,942,48,586,44.0
2026-04-17 09:53:40 PM,KXWTAMATCH-26APR18RYBAND-AND,44,67,43,1039,42,6298,41,5403,39,842,44,1,45,5953,46,4279,47,942,48,498,44.0
2026-04-17 09:53:47 PM,KXWTAMATCH-26APR18RYBAND-AND,44,67,43,1039,42,6298,41,5403,39,842,44,1,45,5953,46,4279,47,854,48,498,44.0
2026-04-17 09:53:51 PM,KXWTAMATCH-26APR18RYBAND-AND,44,67,43,1039,42,6298,41,5403,39,842,44,1,45,5953,46,4279,47,854,48,586,44.0
2026-04-17 09:53:51 PM,KXWTAMATCH-26APR18RYBAND-AND,44,67,43,1039,42,6298,41,5403,39,842,44,1,45,5953,46,4279,47,854,48,498,44.0
2026-04-17 09:54:01 PM,KXWTAMATCH-26APR18RYBAND-AND,44,67,43,1039,42,6298,41,5403,39,842,44,1,45,5953,46,4279,47,854,48,586,44.0
2026-04-17 09:54:34 PM,KXWTAMATCH-26APR18RYBAND-AND,44,35,43,1039,42,6298,41,5403,39,842,44,1,45,5953,46,4279,47,854,48,586,44.0
2026-04-17 09:54:34 PM,KXWTAMATCH-26APR18RYBAND-AND,44,35,43,1039,42,6298,41,5403,37,219,44,1,45,5953,46,4279,47,854,48,586,44.0
2026-04-17 09:54:47 PM,KXWTAMATCH-26APR18RYBAND-AND,44,35,43,1039,42,6298,41,5403,37,219,44,1,45,5903,46,4279,47,854,48,586,44.0
2026-04-17 09:54:47 PM,KXWTAMATCH-26APR18RYBAND-AND,44,35,43,878,42,6298,41,5403,37,219,44,1,45,5903,46,4279,47,854,48,586,44.0
2026-04-17 09:54:47 PM,KXWTAMATCH-26APR18RYBAND-AND,44,35,43,1089,42,6298,41,5403,37,219,44,1,45,5903,46,4279,47,854,48,586,44.0
2026-04-17 09:55:05 PM,KXWTAMATCH-26APR18RYBAND-AND,44,35,43,1089,42,6298,41,5403,37,219,44,1,45,5924,46,4279,47,854,48,586,44.0
2026-04-17 09:55:05 PM,KXWTAMATCH-26APR18RYBAND-AND,44,35,43,1089,42,5964,41,5403,37,219,44,1,45,5924,46,4279,47,854,48,586,44.0
2026-04-17 09:55:05 PM,KXWTAMATCH-26APR18RYBAND-AND,44,369,43,1089,42,5964,41,5403,37,219,44,1,45,5924,46,4279,47,854,48,586,44.0
2026-04-17 09:55:06 PM,KXWTAMATCH-26APR18RYBAND-AND,44,35,43,1089,42,5964,41,5403,37,219,44,1,45,5924,46,4279,47,854,48,586,44.0
2026-04-17 09:55:06 PM,KXWTAMATCH-26APR18RYBAND-AND,44,35,43,1089,42,6298,41,5403,37,219,44,1,45,5924,46,4279,47,854,48,586,44.0
2026-04-17 09:55:06 PM,KXWTAMATCH-26APR18RYBAND-AND,44,35,43,1089,42,5964,41,5403,37,219,44,1,45,5924,46,4279,47,854,48,586,44.0
2026-04-17 09:55:06 PM,KXWTAMATCH-26APR18RYBAND-AND,44,369,43,1089,42,5964,41,5403,37,219,44,1,45,5924,46,4279,47,854,48,586,44.0
2026-04-17 09:55:07 PM,KXWTAMATCH-26APR18RYBAND-AND,44,35,43,1089,42,5964,41,5403,37,219,44,1,45,5924,46,4279,47,854,48,586,44.0
2026-04-17 09:55:07 PM,KXWTAMATCH-26APR18RYBAND-AND,44,35,43,1089,42,6298,41,5403,37,219,44,1,45,5924,46,4279,47,854,48,586,44.0
2026-04-17 09:55:07 PM,KXWTAMATCH-26APR18RYBAND-AND,44,35,43,1089,42,5964,41,5403,37,219,44,1,45,5924,46,4279,47,854,48,586,44.0
2026-04-17 09:55:07 PM,KXWTAMATCH-26APR18RYBAND-AND,44,369,43,1089,42,5964,41,5403,37,219,44,1,45,5924,46,4279,47,854,48,586,44.0
2026-04-17 09:55:08 PM,KXWTAMATCH-26APR18RYBAND-AND,44,35,43,1089,42,5964,41,5403,37,219,44,1,45,5924,46,4279,47,854,48,586,44.0
2026-04-17 09:55:08 PM,KXWTAMATCH-26APR18RYBAND-AND,44,35,43,1089,42,6298,41,5403,37,219,44,1,45,5924,46,4279,47,854,48,586,44.0
2026-04-17 09:55:08 PM,KXWTAMATCH-26APR18RYBAND-AND,44,35,43,1089,42,5964,41,5403,37,219,44,1,45,5924,46,4279,47,854,48,586,44.0
2026-04-17 09:55:08 PM,KXWTAMATCH-26APR18RYBAND-AND,44,369,43,1089,42,5964,41,5403,37,219,44,1,45,5924,46,4279,47,854,48,586,44.0
2026-04-17 09:55:09 PM,KXWTAMATCH-26APR18RYBAND-AND,44,35,43,1089,42,5964,41,5403,37,219,44,1,45,5924,46,4279,47,854,48,586,44.0
2026-04-17 09:55:09 PM,KXWTAMATCH-26APR18RYBAND-AND,44,35,43,1089,42,6298,41,5403,37,219,44,1,45,5924,46,4279,47,854,48,586,44.0
2026-04-17 09:55:09 PM,KXWTAMATCH-26APR18RYBAND-AND,44,35,43,1089,42,5964,41,5403,37,219,44,1,45,5924,46,4279,47,854,48,586,44.0
2026-04-17 09:55:09 PM,KXWTAMATCH-26APR18RYBAND-AND,44,369,43,1089,42,5964,41,5403,37,219,44,1,45,5924,46,4279,47,854,48,586,44.0
2026-04-17 09:55:10 PM,KXWTAMATCH-26APR18RYBAND-AND,44,35,43,1089,42,5964,41,5403,37,219,44,1,45,5924,46,4279,47,854,48,586,44.0
2026-04-17 09:55:10 PM,KXWTAMATCH-26APR18RYBAND-AND,44,35,43,1089,42,6298,41,5403,37,219,44,1,45,5924,46,4279,47,854,48,586,44.0
2026-04-17 09:55:10 PM,KXWTAMATCH-26APR18RYBAND-AND,44,35,43,1089,42,5964,41,5403,37,219,44,1,45,5924,46,4279,47,854,48,586,44.0
2026-04-17 09:55:11 PM,KXWTAMATCH-26APR18RYBAND-AND,44,369,43,1089,42,5964,41,5403,37,219,44,1,45,5924,46,4279,47,854,48,586,44.0
2026-04-17 09:55:11 PM,KXWTAMATCH-26APR18RYBAND-AND,44,35,43,1089,42,5964,41,5403,37,219,44,1,45,5924,46,4279,47,854,48,586,44.0
2026-04-17 09:55:11 PM,KXWTAMATCH-26APR18RYBAND-AND,44,35,43,1089,42,6298,41,5403,37,219,44,1,45,5924,46,4279,47,854,48,586,44.0
2026-04-17 09:55:12 PM,KXWTAMATCH-26APR18RYBAND-AND,44,35,43,1089,42,5964,41,5403,37,219,44,1,45,5924,46,4279,47,854,48,586,44.0
2026-04-17 09:55:12 PM,KXWTAMATCH-26APR18RYBAND-AND,44,369,43,1089,42,5964,41,5403,37,219,44,1,45,5924,46,4279,47,854,48,586,44.0
2026-04-17 09:55:12 PM,KXWTAMATCH-26APR18RYBAND-AND,44,35,43,1089,42,5964,41,5403,37,219,44,1,45,5924,46,4279,47,854,48,586,44.0
2026-04-17 09:55:12 PM,KXWTAMATCH-26APR18RYBAND-AND,44,35,43,1089,42,6298,41,5403,37,219,44,1,45,5924,46,4279,47,854,48,586,44.0
2026-04-17 09:55:13 PM,KXWTAMATCH-26APR18RYBAND-AND,44,35,43,1089,42,5964,41,5403,37,219,44,1,45,5924,46,4279,47,854,48,586,44.0
2026-04-17 09:55:13 PM,KXWTAMATCH-26APR18RYBAND-AND,44,369,43,1089,42,5964,41,5403,37,219,44,1,45,5924,46,4279,47,854,48,586,44.0
2026-04-17 09:55:13 PM,KXWTAMATCH-26APR18RYBAND-AND,44,35,43,1089,42,5964,41,5403,37,219,44,1,45,5924,46,4279,47,854,48,586,44.0
2026-04-17 09:55:13 PM,KXWTAMATCH-26APR18RYBAND-AND,44,35,43,1089,42,6298,41,5403,37,219,44,1,45,5924,46,4279,47,854,48,586,44.0
2026-04-17 09:55:14 PM,KXWTAMATCH-26APR18RYBAND-AND,44,35,43,1089,42,5964,41,5403,37,219,44,1,45,5924,46,4279,47,854,48,586,44.0
2026-04-17 09:55:14 PM,KXWTAMATCH-26APR18RYBAND-AND,44,369,43,1089,42,5964,41,5403,37,219,44,1,45,5924,46,4279,47,854,48,586,44.0
2026-04-17 09:55:14 PM,KXWTAMATCH-26APR18RYBAND-AND,44,35,43,1089,42,5964,41,5403,37,219,44,1,45,5924,46,4279,47,854,48,586,44.0
2026-04-17 09:55:14 PM,KXWTAMATCH-26APR18RYBAND-AND,44,35,43,1089,42,6298,41,5403,37,219,44,1,45,5924,46,4279,47,854,48,586,44.0
2026-04-17 09:55:14 PM,KXWTAMATCH-26APR18RYBAND-AND,44,35,43,1089,42,5964,41,5403,37,219,44,1,45,5924,46,4279,47,854,48,586,44.0
2026-04-17 09:55:14 PM,KXWTAMATCH-26APR18RYBAND-AND,44,369,43,1089,42,5964,41,5403,37,219,44,1,45,5924,46,4279,47,854,48,586,44.0
2026-04-17 09:55:15 PM,KXWTAMATCH-26APR18RYBAND-AND,44,35,43,1089,42,5964,41,5403,37,219,44,1,45,5924,46,4279,47,854,48,586,44.0
2026-04-17 09:55:15 PM,KXWTAMATCH-26APR18RYBAND-AND,44,35,43,1089,42,6298,41,5403,37,219,44,1,45,5924,46,4279,47,854,48,586,44.0
2026-04-17 09:55:15 PM,KXWTAMATCH-26APR18RYBAND-AND,44,35,43,1089,42,5964,41,5403,37,219,44,1,45,5924,46,4279,47,854,48,586,44.0
2026-04-17 09:55:15 PM,KXWTAMATCH-26APR18RYBAND-AND,44,369,43,1089,42,5964,41,5403,37,219,44,1,45,5924,46,4279,47,854,48,586,44.0
2026-04-17 09:55:15 PM,KXWTAMATCH-26APR18RYBAND-AND,44,35,43,1089,42,5964,41,5403,37,219,44,1,45,5924,46,4279,47,854,48,586,44.0
2026-04-17 09:55:15 PM,KXWTAMATCH-26APR18RYBAND-AND,44,35,43,1089,42,6298,41,5403,37,219,44,1,45,5924,46,4279,47,854,48,586,44.0
2026-04-17 09:55:16 PM,KXWTAMATCH-26APR18RYBAND-AND,44,35,43,1089,42,5964,41,5403,37,219,44,1,45,5924,46,4279,47,854,48,586,44.0
2026-04-17 09:55:16 PM,KXWTAMATCH-26APR18RYBAND-AND,44,369,43,1089,42,5964,41,5403,37,219,44,1,45,5924,46,4279,47,854,48,586,44.0
2026-04-17 09:55:16 PM,KXWTAMATCH-26APR18RYBAND-AND,44,35,43,1089,42,5964,41,5403,37,219,44,1,45,5924,46,4279,47,854,48,586,44.0
2026-04-17 09:55:16 PM,KXWTAMATCH-26APR18RYBAND-AND,44,35,43,1089,42,6298,41,5403,37,219,44,1,45,5924,46,4279,47,854,48,586,44.0
2026-04-17 09:55:16 PM,KXWTAMATCH-26APR18RYBAND-AND,44,35,43,1089,42,5964,41,5403,37,219,44,1,45,5924,46,4279,47,854,48,586,44.0
2026-04-17 09:55:16 PM,KXWTAMATCH-26APR18RYBAND-AND,44,369,43,1089,42,5964,41,5403,37,219,44,1,45,5924,46,4279,47,854,48,586,44.0
2026-04-17 09:55:16 PM,KXWTAMATCH-26APR18RYBAND-AND,44,35,43,1089,42,5964,41,5403,37,219,44,1,45,5924,46,4279,47,854,48,586,44.0
2026-04-17 09:55:16 PM,KXWTAMATCH-26APR18RYBAND-AND,44,35,43,1089,42,6298,41,5403,37,219,44,1,45,5924,46,4279,47,854,48,586,44.0
2026-04-17 09:55:17 PM,KXWTAMATCH-26APR18RYBAND-AND,44,35,43,1089,42,5964,41,5403,37,219,44,1,45,5924,46,4279,47,854,48,586,44.0
2026-04-17 09:55:17 PM,KXWTAMATCH-26APR18RYBAND-AND,44,369,43,1089,42,5964,41,5403,37,219,44,1,45,5924,46,4279,47,854,48,586,44.0
2026-04-17 09:55:17 PM,KXWTAMATCH-26APR18RYBAND-AND,44,35,43,1089,42,5964,41,5403,37,219,44,1,45,5924,46,4279,47,854,48,586,44.0
2026-04-17 09:55:17 PM,KXWTAMATCH-26APR18RYBAND-AND,44,35,43,1089,42,6298,41,5403,37,219,44,1,45,5924,46,4279,47,854,48,586,44.0
2026-04-17 09:55:17 PM,KXWTAMATCH-26APR18RYBAND-AND,44,35,43,1089,42,5964,41,5403,37,219,44,1,45,5924,46,4279,47,854,48,586,44.0
2026-04-17 09:55:17 PM,KXWTAMATCH-26APR18RYBAND-AND,44,369,43,1089,42,5964,41,5403,37,219,44,1,45,5924,46,4279,47,854,48,586,44.0
2026-04-17 09:55:18 PM,KXWTAMATCH-26APR18RYBAND-AND,44,35,43,1089,42,5964,41,5403,37,219,44,1,45,5924,46,4279,47,854,48,586,44.0
2026-04-17 09:55:18 PM,KXWTAMATCH-26APR18RYBAND-AND,44,35,43,1089,42,6298,41,5403,37,219,44,1,45,5924,46,4279,47,854,48,586,44.0
2026-04-17 09:55:18 PM,KXWTAMATCH-26APR18RYBAND-AND,44,35,43,1089,42,5964,41,5403,37,219,44,1,45,5924,46,4279,47,854,48,586,44.0
2026-04-17 09:55:18 PM,KXWTAMATCH-26APR18RYBAND-AND,44,369,43,1089,42,5964,41,5403,37,219,44,1,45,5924,46,4279,47,854,48,586,44.0
2026-04-17 09:55:18 PM,KXWTAMATCH-26APR18RYBAND-AND,44,35,43,1089,42,5964,41,5403,37,219,44,1,45,5924,46,4279,47,854,48,586,44.0
2026-04-17 09:55:18 PM,KXWTAMATCH-26APR18RYBAND-AND,44,35,43,1089,42,6298,41,5403,37,219,44,1,45,5924,46,4279,47,854,48,586,44.0
2026-04-17 09:55:18 PM,KXWTAMATCH-26APR18RYBAND-AND,44,35,43,1089,42,5964,41,5403,37,219,44,1,45,5924,46,4279,47,854,48,586,44.0
2026-04-17 09:55:18 PM,KXWTAMATCH-26APR18RYBAND-AND,44,369,43,1089,42,5964,41,5403,37,219,44,1,45,5924,46,4279,47,854,48,586,44.0
2026-04-17 09:55:19 PM,KXWTAMATCH-26APR18RYBAND-AND,44,35,43,1089,42,5964,41,5403,37,219,44,1,45,5924,46,4279,47,854,48,586,44.0
2026-04-17 09:55:19 PM,KXWTAMATCH-26APR18RYBAND-AND,44,35,43,1089,42,6298,41,5403,37,219,44,1,45,5924,46,4279,47,854,48,586,44.0
2026-04-17 09:55:19 PM,KXWTAMATCH-26APR18RYBAND-AND,44,35,43,1089,42,5964,41,5403,37,219,44,1,45,5924,46,4279,47,854,48,586,44.0
2026-04-17 09:55:19 PM,KXWTAMATCH-26APR18RYBAND-AND,44,369,43,1089,42,5964,41,5403,37,219,44,1,45,5924,46,4279,47,854,48,586,44.0
2026-04-17 09:55:19 PM,KXWTAMATCH-26APR18RYBAND-AND,44,35,43,1089,42,5964,41,5403,37,219,44,1,45,5924,46,4279,47,854,48,586,44.0
2026-04-17 09:55:19 PM,KXWTAMATCH-26APR18RYBAND-AND,44,35,43,1089,42,6298,41,5403,37,219,44,1,45,5924,46,4279,47,854,48,586,44.0
2026-04-17 09:55:20 PM,KXWTAMATCH-26APR18RYBAND-AND,44,35,43,1089,42,5964,41,5403,37,219,44,1,45,5924,46,4279,47,854,48,586,44.0
2026-04-17 09:55:20 PM,KXWTAMATCH-26APR18RYBAND-AND,44,369,43,1089,42,5964,41,5403,37,219,44,1,45,5924,46,4279,47,854,48,586,44.0
2026-04-17 09:55:20 PM,KXWTAMATCH-26APR18RYBAND-AND,44,35,43,1089,42,5964,41,5403,37,219,44,1,45,5924,46,4279,47,854,48,586,44.0
2026-04-17 09:55:20 PM,KXWTAMATCH-26APR18RYBAND-AND,44,35,43,1089,42,6298,41,5403,37,219,44,1,45,5924,46,4279,47,854,48,586,44.0
2026-04-17 09:55:20 PM,KXWTAMATCH-26APR18RYBAND-AND,44,35,43,1089,42,5964,41,5403,37,219,44,1,45,5924,46,4279,47,854,48,586,44.0
2026-04-17 09:55:20 PM,KXWTAMATCH-26APR18RYBAND-AND,44,369,43,1089,42,5964,41,5403,37,219,44,1,45,5924,46,4279,47,854,48,586,44.0
2026-04-17 09:55:20 PM,KXWTAMATCH-26APR18RYBAND-AND,44,35,43,1089,42,5964,41,5403,37,219,44,1,45,5924,46,4279,47,854,48,586,44.0
2026-04-17 09:55:21 PM,KXWTAMATCH-26APR18RYBAND-AND,44,35,43,1089,42,6298,41,5403,37,219,44,1,45,5924,46,4279,47,854,48,586,44.0
2026-04-17 09:55:21 PM,KXWTAMATCH-26APR18RYBAND-AND,44,35,43,1089,42,5964,41,5403,37,219,44,1,45,5924,46,4279,47,854,48,586,44.0
2026-04-17 09:55:21 PM,KXWTAMATCH-26APR18RYBAND-AND,44,369,43,1089,42,5964,41,5403,37,219,44,1,45,5924,46,4279,47,854,48,586,44.0
2026-04-17 09:55:21 PM,KXWTAMATCH-26APR18RYBAND-AND,44,35,43,1089,42,5964,41,5403,37,219,44,1,45,5924,46,4279,47,854,48,586,44.0
2026-04-17 09:55:21 PM,KXWTAMATCH-26APR18RYBAND-AND,44,35,43,1089,42,6298,41,5403,37,219,44,1,45,5924,46,4279,47,854,48,586,44.0
2026-04-17 09:55:21 PM,KXWTAMATCH-26APR18RYBAND-AND,44,35,43,1089,42,5964,41,5403,37,219,44,1,45,5924,46,4279,47,854,48,586,44.0
2026-04-17 09:55:21 PM,KXWTAMATCH-26APR18RYBAND-AND,44,369,43,1089,42,5964,41,5403,37,219,44,1,45,5924,46,4279,47,854,48,586,44.0
2026-04-17 09:55:22 PM,KXWTAMATCH-26APR18RYBAND-AND,44,35,43,1089,42,5964,41,5403,37,219,44,1,45,5924,46,4279,47,854,48,586,44.0
2026-04-17 09:55:22 PM,KXWTAMATCH-26APR18RYBAND-AND,44,35,43,1089,42,6298,41,5403,37,219,44,1,45,5924,46,4279,47,854,48,586,44.0
2026-04-17 09:55:22 PM,KXWTAMATCH-26APR18RYBAND-AND,44,35,43,1089,42,5964,41,5403,37,219,44,1,45,5924,46,4279,47,854,48,586,44.0
2026-04-17 09:55:22 PM,KXWTAMATCH-26APR18RYBAND-AND,44,369,43,1089,42,5964,41,5403,37,219,44,1,45,5924,46,4279,47,854,48,586,44.0
2026-04-17 09:55:22 PM,KXWTAMATCH-26APR18RYBAND-AND,44,35,43,1089,42,5964,41,5403,37,219,44,1,45,5924,46,4279,47,854,48,586,44.0
2026-04-17 09:55:22 PM,KXWTAMATCH-26APR18RYBAND-AND,44,35,43,1089,42,6298,41,5403,37,219,44,1,45,5924,46,4279,47,854,48,586,44.0
2026-04-17 09:55:23 PM,KXWTAMATCH-26APR18RYBAND-AND,44,35,43,1089,42,5964,41,5403,37,219,44,1,45,5924,46,4279,47,854,48,586,44.0
2026-04-17 09:55:23 PM,KXWTAMATCH-26APR18RYBAND-AND,44,369,43,1089,42,5964,41,5403,37,219,44,1,45,5924,46,4279,47,854,48,586,44.0
2026-04-17 09:55:23 PM,KXWTAMATCH-26APR18RYBAND-AND,44,35,43,1089,42,5964,41,5403,37,219,44,1,45,5924,46,4279,47,854,48,586,44.0
2026-04-17 09:55:23 PM,KXWTAMATCH-26APR18RYBAND-AND,44,35,43,1089,42,6298,41,5403,37,219,44,1,45,5924,46,4279,47,854,48,586,44.0
2026-04-17 09:55:23 PM,KXWTAMATCH-26APR18RYBAND-AND,44,35,43,1089,42,5964,41,5403,37,219,44,1,45,5924,46,4279,47,854,48,586,44.0
2026-04-17 09:55:23 PM,KXWTAMATCH-26APR18RYBAND-AND,44,369,43,1089,42,5964,41,5403,37,219,44,1,45,5924,46,4279,47,854,48,586,44.0
2026-04-17 09:55:23 PM,KXWTAMATCH-26APR18RYBAND-AND,44,35,43,1089,42,5964,41,5403,37,219,44,1,45,5924,46,4279,47,854,48,586,44.0
2026-04-17 09:55:23 PM,KXWTAMATCH-26APR18RYBAND-AND,44,35,43,1089,42,6298,41,5403,37,219,44,1,45,5924,46,4279,47,854,48,586,44.0
2026-04-17 09:55:24 PM,KXWTAMATCH-26APR18RYBAND-AND,44,35,43,1089,42,5964,41,5403,37,219,44,1,45,5924,46,4279,47,854,48,586,44.0
2026-04-17 09:55:24 PM,KXWTAMATCH-26APR18RYBAND-AND,44,369,43,1089,42,5964,41,5403,37,219,44,1,45,5924,46,4279,47,854,48,586,44.0
2026-04-17 09:55:24 PM,KXWTAMATCH-26APR18RYBAND-AND,44,35,43,1089,42,5964,41,5403,37,219,44,1,45,5924,46,4279,47,854,48,586,44.0
2026-04-17 09:55:24 PM,KXWTAMATCH-26APR18RYBAND-AND,44,35,43,1089,42,6298,41,5403,37,219,44,1,45,5924,46,4279,47,854,48,586,44.0
2026-04-17 09:55:24 PM,KXWTAMATCH-26APR18RYBAND-AND,44,35,43,1089,42,5964,41,5403,37,219,44,1,45,5924,46,4279,47,854,48,586,44.0
2026-04-17 09:55:24 PM,KXWTAMATCH-26APR18RYBAND-AND,44,369,43,1089,42,5964,41,5403,37,219,44,1,45,5924,46,4279,47,854,48,586,44.0
2026-04-17 09:55:25 PM,KXWTAMATCH-26APR18RYBAND-AND,44,35,43,1089,42,5964,41,5403,37,219,44,1,45,5924,46,4279,47,854,48,586,44.0
2026-04-17 09:55:25 PM,KXWTAMATCH-26APR18RYBAND-AND,44,35,43,1089,42,6298,41,5403,37,219,44,1,45,5924,46,4279,47,854,48,586,44.0
2026-04-17 09:55:25 PM,KXWTAMATCH-26APR18RYBAND-AND,44,35,43,1089,42,5964,41,5403,37,219,44,1,45,5924,46,4279,47,854,48,586,44.0
2026-04-17 09:55:25 PM,KXWTAMATCH-26APR18RYBAND-AND,44,369,43,1089,42,5964,41,5403,37,219,44,1,45,5924,46,4279,47,854,48,586,44.0
2026-04-17 09:55:25 PM,KXWTAMATCH-26APR18RYBAND-AND,44,35,43,1089,42,5964,41,5403,37,219,44,1,45,5924,46,4279,47,854,48,586,44.0
2026-04-17 09:55:25 PM,KXWTAMATCH-26APR18RYBAND-AND,44,35,43,1089,42,6298,41,5403,37,219,44,1,45,5924,46,4279,47,854,48,586,44.0
2026-04-17 09:55:25 PM,KXWTAMATCH-26APR18RYBAND-AND,44,35,43,1089,42,5964,41,5403,37,219,44,1,45,5924,46,4279,47,854,48,586,44.0
2026-04-17 09:55:25 PM,KXWTAMATCH-26APR18RYBAND-AND,44,369,43,1089,42,5964,41,5403,37,219,44,1,45,5924,46,4279,47,854,48,586,44.0
2026-04-17 09:55:26 PM,KXWTAMATCH-26APR18RYBAND-AND,44,35,43,1089,42,5964,41,5403,37,219,44,1,45,5924,46,4279,47,854,48,586,44.0
2026-04-17 09:55:26 PM,KXWTAMATCH-26APR18RYBAND-AND,44,35,43,1089,42,6298,41,5403,37,219,44,1,45,5924,46,4279,47,854,48,586,44.0
2026-04-17 09:55:26 PM,KXWTAMATCH-26APR18RYBAND-AND,44,35,43,1089,42,5964,41,5403,37,219,44,1,45,5924,46,4279,47,854,48,586,44.0
2026-04-17 09:55:26 PM,KXWTAMATCH-26APR18RYBAND-AND,44,369,43,1089,42,5964,41,5403,37,219,44,1,45,5924,46,4279,47,854,48,586,44.0
2026-04-17 09:55:26 PM,KXWTAMATCH-26APR18RYBAND-AND,44,35,43,1089,42,5964,41,5403,37,219,44,1,45,5924,46,4279,47,854,48,586,44.0
2026-04-17 09:55:26 PM,KXWTAMATCH-26APR18RYBAND-AND,44,35,43,1089,42,6298,41,5403,37,219,44,1,45,5924,46,4279,47,854,48,586,44.0
2026-04-17 09:55:27 PM,KXWTAMATCH-26APR18RYBAND-AND,44,35,43,1089,42,5964,41,5403,37,219,44,1,45,5924,46,4279,47,854,48,586,44.0
2026-04-17 09:55:27 PM,KXWTAMATCH-26APR18RYBAND-AND,44,369,43,1089,42,5964,41,5403,37,219,44,1,45,5924,46,4279,47,854,48,586,44.0
2026-04-17 09:55:27 PM,KXWTAMATCH-26APR18RYBAND-AND,44,35,43,1089,42,5964,41,5403,37,219,44,1,45,5924,46,4279,47,854,48,586,44.0
2026-04-17 09:55:27 PM,KXWTAMATCH-26APR18RYBAND-AND,44,35,43,1089,42,6298,41,5403,37,219,44,1,45,5924,46,4279,47,854,48,586,44.0
2026-04-17 09:55:27 PM,KXWTAMATCH-26APR18RYBAND-AND,44,35,43,1089,42,5964,41,5403,37,219,44,1,45,5924,46,4279,47,854,48,586,44.0
2026-04-17 09:55:27 PM,KXWTAMATCH-26APR18RYBAND-AND,44,369,43,1089,42,5964,41,5403,37,219,44,1,45,5924,46,4279,47,854,48,586,44.0
2026-04-17 09:55:27 PM,KXWTAMATCH-26APR18RYBAND-AND,44,35,43,1089,42,5964,41,5403,37,219,44,1,45,5924,46,4279,47,854,48,586,44.0
2026-04-17 09:55:27 PM,KXWTAMATCH-26APR18RYBAND-AND,44,35,43,1089,42,6298,41,5403,37,219,44,1,45,5924,46,4279,47,854,48,586,44.0
2026-04-17 09:55:28 PM,KXWTAMATCH-26APR18RYBAND-AND,44,35,43,1089,42,5964,41,5403,37,219,44,1,45,5924,46,4279,47,854,48,586,44.0
2026-04-17 09:55:28 PM,KXWTAMATCH-26APR18RYBAND-AND,44,369,43,1089,42,5964,41,5403,37,219,44,1,45,5924,46,4279,47,854,48,586,44.0
2026-04-17 09:55:28 PM,KXWTAMATCH-26APR18RYBAND-AND,44,35,43,1089,42,5964,41,5403,37,219,44,1,45,5924,46,4279,47,854,48,586,44.0
2026-04-17 09:55:28 PM,KXWTAMATCH-26APR18RYBAND-AND,44,35,43,1089,42,6298,41,5403,37,219,44,1,45,5924,46,4279,47,854,48,586,44.0
2026-04-17 09:55:28 PM,KXWTAMATCH-26APR18RYBAND-AND,44,35,43,1089,42,5964,41,5403,37,219,44,1,45,5924,46,4279,47,854,48,586,44.0
2026-04-17 09:55:28 PM,KXWTAMATCH-26APR18RYBAND-AND,44,369,43,1089,42,5964,41,5403,37,219,44,1,45,5924,46,4279,47,854,48,586,44.0
2026-04-17 09:55:29 PM,KXWTAMATCH-26APR18RYBAND-AND,44,35,43,1089,42,5964,41,5403,37,219,44,1,45,5924,46,4279,47,854,48,586,44.0
2026-04-17 09:55:29 PM,KXWTAMATCH-26APR18RYBAND-AND,44,35,43,1089,42,6298,41,5403,37,219,44,1,45,5924,46,4279,47,854,48,586,44.0
2026-04-17 09:55:29 PM,KXWTAMATCH-26APR18RYBAND-AND,44,35,43,1089,42,5964,41,5403,37,219,44,1,45,5924,46,4279,47,854,48,586,44.0
2026-04-17 09:55:29 PM,KXWTAMATCH-26APR18RYBAND-AND,44,369,43,1089,42,5964,41,5403,37,219,44,1,45,5924,46,4279,47,854,48,586,44.0
2026-04-17 09:55:29 PM,KXWTAMATCH-26APR18RYBAND-AND,44,35,43,1089,42,5964,41,5403,37,219,44,1,45,5924,46,4279,47,854,48,586,44.0
2026-04-17 09:55:29 PM,KXWTAMATCH-26APR18RYBAND-AND,44,35,43,1089,42,6298,41,5403,37,219,44,1,45,5924,46,4279,47,854,48,586,44.0
2026-04-17 09:55:29 PM,KXWTAMATCH-26APR18RYBAND-AND,44,35,43,1089,42,5964,41,5403,37,219,44,1,45,5924,46,4279,47,854,48,586,44.0
2026-04-17 09:55:29 PM,KXWTAMATCH-26APR18RYBAND-AND,44,369,43,1089,42,5964,41,5403,37,219,44,1,45,5924,46,4279,47,854,48,586,44.0
2026-04-17 09:55:30 PM,KXWTAMATCH-26APR18RYBAND-AND,44,35,43,1089,42,5964,41,5403,37,219,44,1,45,5924,46,4279,47,854,48,586,44.0
2026-04-17 09:55:30 PM,KXWTAMATCH-26APR18RYBAND-AND,44,35,43,1089,42,6298,41,5403,37,219,44,1,45,5924,46,4279,47,854,48,586,44.0
2026-04-17 09:55:30 PM,KXWTAMATCH-26APR18RYBAND-AND,44,35,43,1089,42,5964,41,5403,37,219,44,1,45,5924,46,4279,47,854,48,586,44.0
2026-04-17 09:55:30 PM,KXWTAMATCH-26APR18RYBAND-AND,44,369,43,1089,42,5964,41,5403,37,219,44,1,45,5924,46,4279,47,854,48,586,44.0
2026-04-17 09:55:30 PM,KXWTAMATCH-26APR18RYBAND-AND,44,35,43,1089,42,5964,41,5403,37,219,44,1,45,5924,46,4279,47,854,48,586,44.0
2026-04-17 09:55:30 PM,KXWTAMATCH-26APR18RYBAND-AND,44,35,43,1089,42,6298,41,5403,37,219,44,1,45,5924,46,4279,47,854,48,586,44.0
2026-04-17 09:55:31 PM,KXWTAMATCH-26APR18RYBAND-AND,44,35,43,1089,42,5964,41,5403,37,219,44,1,45,5924,46,4279,47,854,48,586,44.0
2026-04-17 09:55:31 PM,KXWTAMATCH-26APR18RYBAND-AND,44,369,43,1089,42,5964,41,5403,37,219,44,1,45,5924,46,4279,47,854,48,586,44.0
2026-04-17 09:55:31 PM,KXWTAMATCH-26APR18RYBAND-AND,44,35,43,1089,42,5964,41,5403,37,219,44,1,45,5924,46,4279,47,854,48,586,44.0
2026-04-17 09:55:31 PM,KXWTAMATCH-26APR18RYBAND-AND,44,35,43,1089,42,6298,41,5403,37,219,44,1,45,5924,46,4279,47,854,48,586,44.0
2026-04-17 09:55:31 PM,KXWTAMATCH-26APR18RYBAND-AND,44,35,43,1089,42,5964,41,5403,37,219,44,1,45,5924,46,4279,47,854,48,586,44.0
2026-04-17 09:55:31 PM,KXWTAMATCH-26APR18RYBAND-AND,44,369,43,1089,42,5964,41,5403,37,219,44,1,45,5924,46,4279,47,854,48,586,44.0
2026-04-17 09:55:31 PM,KXWTAMATCH-26APR18RYBAND-AND,44,35,43,1089,42,5964,41,5403,37,219,44,1,45,5924,46,4279,47,854,48,586,44.0
2026-04-17 09:55:31 PM,KXWTAMATCH-26APR18RYBAND-AND,44,35,43,1089,42,6298,41,5403,37,219,44,1,45,5924,46,4279,47,854,48,586,44.0
2026-04-17 09:55:32 PM,KXWTAMATCH-26APR18RYBAND-AND,44,35,43,1089,42,5964,41,5403,37,219,44,1,45,5924,46,4279,47,854,48,586,44.0
2026-04-17 09:55:32 PM,KXWTAMATCH-26APR18RYBAND-AND,44,369,43,1089,42,5964,41,5403,37,219,44,1,45,5924,46,4279,47,854,48,586,44.0
2026-04-17 09:55:32 PM,KXWTAMATCH-26APR18RYBAND-AND,44,35,43,1089,42,5964,41,5403,37,219,44,1,45,5924,46,4279,47,854,48,586,44.0
2026-04-17 09:55:32 PM,KXWTAMATCH-26APR18RYBAND-AND,44,35,43,1089,42,6298,41,5403,37,219,44,1,45,5924,46,4279,47,854,48,586,44.0
2026-04-17 09:55:32 PM,KXWTAMATCH-26APR18RYBAND-AND,44,35,43,1089,42,5964,41,5403,37,219,44,1,45,5924,46,4279,47,854,48,586,44.0
2026-04-17 09:55:32 PM,KXWTAMATCH-26APR18RYBAND-AND,44,369,43,1089,42,5964,41,5403,37,219,44,1,45,5924,46,4279,47,854,48,586,44.0
2026-04-17 09:55:33 PM,KXWTAMATCH-26APR18RYBAND-AND,44,35,43,1089,42,5964,41,5403,37,219,44,1,45,5924,46,4279,47,854,48,586,44.0
2026-04-17 09:55:33 PM,KXWTAMATCH-26APR18RYBAND-AND,44,35,43,1089,42,6298,41,5403,37,219,44,1,45,5924,46,4279,47,854,48,586,44.0
2026-04-17 09:55:33 PM,KXWTAMATCH-26APR18RYBAND-AND,44,35,43,1089,42,5964,41,5403,37,219,44,1,45,5924,46,4279,47,854,48,586,44.0
2026-04-17 09:55:33 PM,KXWTAMATCH-26APR18RYBAND-AND,44,369,43,1089,42,5964,41,5403,37,219,44,1,45,5924,46,4279,47,854,48,586,44.0
2026-04-17 09:55:33 PM,KXWTAMATCH-26APR18RYBAND-AND,44,35,43,1089,42,5964,41,5403,37,219,44,1,45,5924,46,4279,47,854,48,586,44.0
2026-04-17 09:55:33 PM,KXWTAMATCH-26APR18RYBAND-AND,44,35,43,1089,42,6298,41,5403,37,219,44,1,45,5924,46,4279,47,854,48,586,44.0
2026-04-17 09:55:33 PM,KXWTAMATCH-26APR18RYBAND-AND,44,35,43,1089,42,5964,41,5403,37,219,44,1,45,5924,46,4279,47,854,48,586,44.0
2026-04-17 09:55:33 PM,KXWTAMATCH-26APR18RYBAND-AND,44,369,43,1089,42,5964,41,5403,37,219,44,1,45,5924,46,4279,47,854,48,586,44.0
2026-04-17 09:55:34 PM,KXWTAMATCH-26APR18RYBAND-AND,44,35,43,1089,42,5964,41,5403,37,219,44,1,45,5924,46,4279,47,854,48,586,44.0
2026-04-17 09:55:34 PM,KXWTAMATCH-26APR18RYBAND-AND,44,35,43,1089,42,6298,41,5403,37,219,44,1,45,5924,46,4279,47,854,48,586,44.0
2026-04-17 09:55:34 PM,KXWTAMATCH-26APR18RYBAND-AND,44,35,43,1089,42,5964,41,5403,37,219,44,1,45,5924,46,4279,47,854,48,586,44.0
2026-04-17 09:55:34 PM,KXWTAMATCH-26APR18RYBAND-AND,44,369,43,1089,42,5964,41,5403,37,219,44,1,45,5924,46,4279,47,854,48,586,44.0
2026-04-17 09:55:34 PM,KXWTAMATCH-26APR18RYBAND-AND,44,35,43,1089,42,5964,41,5403,37,219,44,1,45,5924,46,4279,47,854,48,586,44.0
2026-04-17 09:55:34 PM,KXWTAMATCH-26APR18RYBAND-AND,44,35,43,1089,42,6298,41,5403,37,219,44,1,45,5924,46,4279,47,854,48,586,44.0
2026-04-17 09:55:35 PM,KXWTAMATCH-26APR18RYBAND-AND,44,35,43,1089,42,5964,41,5403,37,219,44,1,45,5924,46,4279,47,854,48,586,44.0
2026-04-17 09:55:35 PM,KXWTAMATCH-26APR18RYBAND-AND,44,369,43,1089,42,5964,41,5403,37,219,44,1,45,5924,46,4279,47,854,48,586,44.0
2026-04-17 09:55:35 PM,KXWTAMATCH-26APR18RYBAND-AND,44,35,43,1089,42,5964,41,5403,37,219,44,1,45,5924,46,4279,47,854,48,586,44.0
2026-04-17 09:55:35 PM,KXWTAMATCH-26APR18RYBAND-AND,44,35,43,1089,42,6298,41,5403,37,219,44,1,45,5924,46,4279,47,854,48,586,44.0
2026-04-17 09:55:35 PM,KXWTAMATCH-26APR18RYBAND-AND,44,35,43,1089,42,5964,41,5403,37,219,44,1,45,5924,46,4279,47,854,48,586,44.0
2026-04-17 09:55:35 PM,KXWTAMATCH-26APR18RYBAND-AND,44,369,43,1089,42,5964,41,5403,37,219,44,1,45,5924,46,4279,47,854,48,586,44.0
2026-04-17 09:55:37 PM,KXWTAMATCH-26APR18RYBAND-AND,44,35,43,1089,42,5964,41,5403,37,219,44,1,45,5924,46,4279,47,854,48,586,44.0
2026-04-17 09:55:37 PM,KXWTAMATCH-26APR18RYBAND-AND,44,35,43,1089,42,6298,41,5403,37,219,44,1,45,5924,46,4279,47,854,48,586,44.0
2026-04-17 09:55:37 PM,KXWTAMATCH-26APR18RYBAND-AND,44,35,43,1089,42,5964,41,5403,37,219,44,1,45,5924,46,4279,47,854,48,586,44.0
2026-04-17 09:55:37 PM,KXWTAMATCH-26APR18RYBAND-AND,44,369,43,1089,42,5964,41,5403,37,219,44,1,45,5924,46,4279,47,854,48,586,44.0
2026-04-17 09:55:37 PM,KXWTAMATCH-26APR18RYBAND-AND,44,35,43,1089,42,5964,41,5403,37,219,44,1,45,5924,46,4279,47,854,48,586,44.0
2026-04-17 09:55:37 PM,KXWTAMATCH-26APR18RYBAND-AND,44,35,43,1089,42,6298,41,5403,37,219,44,1,45,5924,46,4279,47,854,48,586,44.0
2026-04-17 09:55:38 PM,KXWTAMATCH-26APR18RYBAND-AND,44,35,43,1089,42,5964,41,5403,37,219,44,1,45,5924,46,4279,47,854,48,586,44.0
2026-04-17 09:55:38 PM,KXWTAMATCH-26APR18RYBAND-AND,44,369,43,1089,42,5964,41,5403,37,219,44,1,45,5924,46,4279,47,854,48,586,44.0
2026-04-17 09:55:38 PM,KXWTAMATCH-26APR18RYBAND-AND,44,35,43,1089,42,5964,41,5403,37,219,44,1,45,5924,46,4279,47,854,48,586,44.0
2026-04-17 09:55:38 PM,KXWTAMATCH-26APR18RYBAND-AND,44,35,43,1089,42,6298,41,5403,37,219,44,1,45,5924,46,4279,47,854,48,586,44.0
2026-04-17 09:55:38 PM,KXWTAMATCH-26APR18RYBAND-AND,44,35,43,1089,42,5964,41,5403,37,219,44,1,45,5924,46,4279,47,854,48,586,44.0
2026-04-17 09:55:38 PM,KXWTAMATCH-26APR18RYBAND-AND,44,369,43,1089,42,5964,41,5403,37,219,44,1,45,5924,46,4279,47,854,48,586,44.0
2026-04-17 09:55:38 PM,KXWTAMATCH-26APR18RYBAND-AND,44,35,43,1089,42,5964,41,5403,37,219,44,1,45,5924,46,4279,47,854,48,586,44.0
2026-04-17 09:55:39 PM,KXWTAMATCH-26APR18RYBAND-AND,44,35,43,1089,42,6298,41,5403,37,219,44,1,45,5924,46,4279,47,854,48,586,44.0
2026-04-17 09:55:39 PM,KXWTAMATCH-26APR18RYBAND-AND,44,35,43,1089,42,5964,41,5403,37,219,44,1,45,5924,46,4279,47,854,48,586,44.0
2026-04-17 09:55:39 PM,KXWTAMATCH-26APR18RYBAND-AND,44,369,43,1089,42,5964,41,5403,37,219,44,1,45,5924,46,4279,47,854,48,586,44.0
2026-04-17 09:55:39 PM,KXWTAMATCH-26APR18RYBAND-AND,44,35,43,1089,42,5964,41,5403,37,219,44,1,45,5924,46,4279,47,854,48,586,44.0
2026-04-17 09:55:39 PM,KXWTAMATCH-26APR18RYBAND-AND,44,35,43,1089,42,6298,41,5403,37,219,44,1,45,5924,46,4279,47,854,48,586,44.0
2026-04-17 09:55:39 PM,KXWTAMATCH-26APR18RYBAND-AND,44,35,43,1089,42,5964,41,5403,37,219,44,1,45,5924,46,4279,47,854,48,586,44.0
2026-04-17 09:55:39 PM,KXWTAMATCH-26APR18RYBAND-AND,44,369,43,1089,42,5964,41,5403,37,219,44,1,45,5924,46,4279,47,854,48,586,44.0
2026-04-17 09:55:40 PM,KXWTAMATCH-26APR18RYBAND-AND,44,35,43,1089,42,5964,41,5403,37,219,44,1,45,5924,46,4279,47,854,48,586,44.0
2026-04-17 09:55:40 PM,KXWTAMATCH-26APR18RYBAND-AND,44,35,43,1089,42,6298,41,5403,37,219,44,1,45,5924,46,4279,47,854,48,586,44.0
2026-04-17 09:55:40 PM,KXWTAMATCH-26APR18RYBAND-AND,44,35,43,1089,42,5964,41,5403,37,219,44,1,45,5924,46,4279,47,854,48,586,44.0
2026-04-17 09:55:40 PM,KXWTAMATCH-26APR18RYBAND-AND,44,369,43,1089,42,5964,41,5403,37,219,44,1,45,5924,46,4279,47,854,48,586,44.0
2026-04-17 09:55:40 PM,KXWTAMATCH-26APR18RYBAND-AND,44,35,43,1089,42,5964,41,5403,37,219,44,1,45,5924,46,4279,47,854,48,586,44.0
2026-04-17 09:55:40 PM,KXWTAMATCH-26APR18RYBAND-AND,44,35,43,1089,42,6298,41,5403,37,219,44,1,45,5924,46,4279,47,854,48,586,44.0
2026-04-17 09:55:41 PM,KXWTAMATCH-26APR18RYBAND-AND,44,35,43,1089,42,5964,41,5403,37,219,44,1,45,5924,46,4279,47,854,48,586,44.0
2026-04-17 09:55:41 PM,KXWTAMATCH-26APR18RYBAND-AND,44,369,43,1089,42,5964,41,5403,37,219,44,1,45,5924,46,4279,47,854,48,586,44.0
2026-04-17 09:55:41 PM,KXWTAMATCH-26APR18RYBAND-AND,44,35,43,1089,42,5964,41,5403,37,219,44,1,45,5924,46,4279,47,854,48,586,44.0
2026-04-17 09:55:41 PM,KXWTAMATCH-26APR18RYBAND-AND,44,35,43,1089,42,6298,41,5403,37,219,44,1,45,5924,46,4279,47,854,48,586,44.0
2026-04-17 09:55:41 PM,KXWTAMATCH-26APR18RYBAND-AND,44,35,43,1089,42,5964,41,5403,37,219,44,1,45,5924,46,4279,47,854,48,586,44.0
2026-04-17 09:55:41 PM,KXWTAMATCH-26APR18RYBAND-AND,44,369,43,1089,42,5964,41,5403,37,219,44,1,45,5924,46,4279,47,854,48,586,44.0
2026-04-17 09:55:41 PM,KXWTAMATCH-26APR18RYBAND-AND,44,35,43,1089,42,5964,41,5403,37,219,44,1,45,5924,46,4279,47,854,48,586,44.0
2026-04-17 09:55:41 PM,KXWTAMATCH-26APR18RYBAND-AND,44,35,43,1089,42,6298,41,5403,37,219,44,1,45,5924,46,4279,47,854,48,586,44.0
2026-04-17 09:55:42 PM,KXWTAMATCH-26APR18RYBAND-AND,44,35,43,1089,42,5964,41,5403,37,219,44,1,45,5924,46,4279,47,854,48,586,44.0
2026-04-17 09:55:42 PM,KXWTAMATCH-26APR18RYBAND-AND,44,369,43,1089,42,5964,41,5403,37,219,44,1,45,5924,46,4279,47,854,48,586,44.0
2026-04-17 09:55:42 PM,KXWTAMATCH-26APR18RYBAND-AND,44,35,43,1089,42,5964,41,5403,37,219,44,1,45,5924,46,4279,47,854,48,586,44.0
2026-04-17 09:55:42 PM,KXWTAMATCH-26APR18RYBAND-AND,44,35,43,1089,42,6298,41,5403,37,219,44,1,45,5924,46,4279,47,854,48,586,44.0
2026-04-17 09:55:42 PM,KXWTAMATCH-26APR18RYBAND-AND,44,35,43,1089,42,5964,41,5403,37,219,44,1,45,5924,46,4279,47,854,48,586,44.0
2026-04-17 09:55:42 PM,KXWTAMATCH-26APR18RYBAND-AND,44,369,43,1089,42,5964,41,5403,37,219,44,1,45,5924,46,4279,47,854,48,586,44.0
2026-04-17 09:55:43 PM,KXWTAMATCH-26APR18RYBAND-AND,44,35,43,1089,42,5964,41,5403,37,219,44,1,45,5924,46,4279,47,854,48,586,44.0
2026-04-17 09:55:43 PM,KXWTAMATCH-26APR18RYBAND-AND,44,35,43,1089,42,6298,41,5403,37,219,44,1,45,5924,46,4279,47,854,48,586,44.0
2026-04-17 09:55:43 PM,KXWTAMATCH-26APR18RYBAND-AND,44,35,43,1089,42,5964,41,5403,37,219,44,1,45,5924,46,4279,47,854,48,586,44.0
2026-04-17 09:55:43 PM,KXWTAMATCH-26APR18RYBAND-AND,44,369,43,1089,42,5964,41,5403,37,219,44,1,45,5924,46,4279,47,854,48,586,44.0
2026-04-17 09:55:43 PM,KXWTAMATCH-26APR18RYBAND-AND,44,35,43,1089,42,5964,41,5403,37,219,44,1,45,5924,46,4279,47,854,48,586,44.0
2026-04-17 09:55:43 PM,KXWTAMATCH-26APR18RYBAND-AND,44,35,43,1089,42,6298,41,5403,37,219,44,1,45,5924,46,4279,47,854,48,586,44.0
2026-04-17 09:55:43 PM,KXWTAMATCH-26APR18RYBAND-AND,44,35,43,1089,42,5964,41,5403,37,219,44,1,45,5924,46,4279,47,854,48,586,44.0
2026-04-17 09:55:43 PM,KXWTAMATCH-26APR18RYBAND-AND,44,369,43,1089,42,5964,41,5403,37,219,44,1,45,5924,46,4279,47,854,48,586,44.0
2026-04-17 09:55:44 PM,KXWTAMATCH-26APR18RYBAND-AND,44,35,43,1089,42,5964,41,5403,37,219,44,1,45,5924,46,4279,47,854,48,586,44.0
2026-04-17 09:55:44 PM,KXWTAMATCH-26APR18RYBAND-AND,44,35,43,1089,42,6298,41,5403,37,219,44,1,45,5924,46,4279,47,854,48,586,44.0
2026-04-17 09:55:44 PM,KXWTAMATCH-26APR18RYBAND-AND,44,35,43,1089,42,5964,41,5403,37,219,44,1,45,5924,46,4279,47,854,48,586,44.0
2026-04-17 09:55:44 PM,KXWTAMATCH-26APR18RYBAND-AND,44,369,43,1089,42,5964,41,5403,37,219,44,1,45,5924,46,4279,47,854,48,586,44.0
2026-04-17 09:55:44 PM,KXWTAMATCH-26APR18RYBAND-AND,44,35,43,1089,42,5964,41,5403,37,219,44,1,45,5924,46,4279,47,854,48,586,44.0
2026-04-17 09:55:44 PM,KXWTAMATCH-26APR18RYBAND-AND,44,35,43,1089,42,6298,41,5403,37,219,44,1,45,5924,46,4279,47,854,48,586,44.0
2026-04-17 09:55:45 PM,KXWTAMATCH-26APR18RYBAND-AND,44,35,43,1089,42,5964,41,5403,37,219,44,1,45,5924,46,4279,47,854,48,586,44.0
2026-04-17 09:55:45 PM,KXWTAMATCH-26APR18RYBAND-AND,44,369,43,1089,42,5964,41,5403,37,219,44,1,45,5924,46,4279,47,854,48,586,44.0
2026-04-17 09:55:45 PM,KXWTAMATCH-26APR18RYBAND-AND,44,35,43,1089,42,5964,41,5403,37,219,44,1,45,5924,46,4279,47,854,48,586,44.0
2026-04-17 09:55:45 PM,KXWTAMATCH-26APR18RYBAND-AND,44,35,43,1089,42,6298,41,5403,37,219,44,1,45,5924,46,4279,47,854,48,586,44.0
2026-04-17 09:55:45 PM,KXWTAMATCH-26APR18RYBAND-AND,44,35,43,1089,42,5964,41,5403,37,219,44,1,45,5924,46,4279,47,854,48,586,44.0
2026-04-17 09:55:45 PM,KXWTAMATCH-26APR18RYBAND-AND,44,369,43,1089,42,5964,41,5403,37,219,44,1,45,5924,46,4279,47,854,48,586,44.0
2026-04-17 09:55:45 PM,KXWTAMATCH-26APR18RYBAND-AND,44,35,43,1089,42,5964,41,5403,37,219,44,1,45,5924,46,4279,47,854,48,586,44.0
2026-04-17 09:55:45 PM,KXWTAMATCH-26APR18RYBAND-AND,44,35,43,1089,42,6298,41,5403,37,219,44,1,45,5924,46,4279,47,854,48,586,44.0
2026-04-17 09:55:46 PM,KXWTAMATCH-26APR18RYBAND-AND,44,35,43,1089,42,5964,41,5403,37,219,44,1,45,5924,46,4279,47,854,48,586,44.0
2026-04-17 09:55:46 PM,KXWTAMATCH-26APR18RYBAND-AND,44,369,43,1089,42,5964,41,5403,37,219,44,1,45,5924,46,4279,47,854,48,586,44.0
2026-04-17 09:55:46 PM,KXWTAMATCH-26APR18RYBAND-AND,44,35,43,1089,42,5964,41,5403,37,219,44,1,45,5924,46,4279,47,854,48,586,44.0
2026-04-17 09:55:46 PM,KXWTAMATCH-26APR18RYBAND-AND,44,35,43,1089,42,6298,41,5403,37,219,44,1,45,5924,46,4279,47,854,48,586,44.0
2026-04-17 09:55:46 PM,KXWTAMATCH-26APR18RYBAND-AND,44,35,43,1089,42,5964,41,5403,37,219,44,1,45,5924,46,4279,47,854,48,586,44.0
2026-04-17 09:55:46 PM,KXWTAMATCH-26APR18RYBAND-AND,44,369,43,1089,42,5964,41,5403,37,219,44,1,45,5924,46,4279,47,854,48,586,44.0
2026-04-17 09:55:47 PM,KXWTAMATCH-26APR18RYBAND-AND,44,35,43,1089,42,5964,41,5403,37,219,44,1,45,5924,46,4279,47,854,48,586,44.0
2026-04-17 09:55:47 PM,KXWTAMATCH-26APR18RYBAND-AND,44,35,43,1089,42,6298,41,5403,37,219,44,1,45,5924,46,4279,47,854,48,586,44.0
2026-04-17 09:55:47 PM,KXWTAMATCH-26APR18RYBAND-AND,44,35,43,1089,42,5964,41,5403,37,219,44,1,45,5924,46,4279,47,854,48,586,44.0
2026-04-17 09:55:47 PM,KXWTAMATCH-26APR18RYBAND-AND,44,369,43,1089,42,5964,41,5403,37,219,44,1,45,5924,46,4279,47,854,48,586,44.0
2026-04-17 09:55:47 PM,KXWTAMATCH-26APR18RYBAND-AND,44,35,43,1089,42,5964,41,5403,37,219,44,1,45,5924,46,4279,47,854,48,586,44.0
2026-04-17 09:55:47 PM,KXWTAMATCH-26APR18RYBAND-AND,44,35,43,1089,42,6298,41,5403,37,219,44,1,45,5924,46,4279,47,854,48,586,44.0
2026-04-17 09:55:47 PM,KXWTAMATCH-26APR18RYBAND-AND,44,35,43,1089,42,5964,41,5403,37,219,44,1,45,5924,46,4279,47,854,48,586,44.0
2026-04-17 09:55:48 PM,KXWTAMATCH-26APR18RYBAND-AND,44,369,43,1089,42,5964,41,5403,37,219,44,1,45,5924,46,4279,47,854,48,586,44.0
2026-04-17 09:55:48 PM,KXWTAMATCH-26APR18RYBAND-AND,44,35,43,1089,42,5964,41,5403,37,219,44,1,45,5924,46,4279,47,854,48,586,44.0
2026-04-17 09:55:48 PM,KXWTAMATCH-26APR18RYBAND-AND,44,35,43,1089,42,6298,41,5403,37,219,44,1,45,5924,46,4279,47,854,48,586,44.0
2026-04-17 09:55:48 PM,KXWTAMATCH-26APR18RYBAND-AND,44,35,43,1089,42,5964,41,5403,37,219,44,1,45,5924,46,4279,47,854,48,586,44.0
2026-04-17 09:55:48 PM,KXWTAMATCH-26APR18RYBAND-AND,44,369,43,1089,42,5964,41,5403,37,219,44,1,45,5924,46,4279,47,854,48,586,44.0
2026-04-17 09:55:48 PM,KXWTAMATCH-26APR18RYBAND-AND,44,35,43,1089,42,5964,41,5403,37,219,44,1,45,5924,46,4279,47,854,48,586,44.0
2026-04-17 09:55:48 PM,KXWTAMATCH-26APR18RYBAND-AND,44,35,43,1089,42,6298,41,5403,37,219,44,1,45,5924,46,4279,47,854,48,586,44.0
2026-04-17 09:55:49 PM,KXWTAMATCH-26APR18RYBAND-AND,44,35,43,1089,42,5964,41,5403,37,219,44,1,45,5924,46,4279,47,854,48,586,44.0
2026-04-17 09:55:49 PM,KXWTAMATCH-26APR18RYBAND-AND,44,369,43,1089,42,5964,41,5403,37,219,44,1,45,5924,46,4279,47,854,48,586,44.0
2026-04-17 09:55:49 PM,KXWTAMATCH-26APR18RYBAND-AND,44,35,43,1089,42,5964,41,5403,37,219,44,1,45,5924,46,4279,47,854,48,586,44.0
2026-04-17 09:55:49 PM,KXWTAMATCH-26APR18RYBAND-AND,44,35,43,1089,42,6298,41,5403,37,219,44,1,45,5924,46,4279,47,854,48,586,44.0
2026-04-17 09:55:49 PM,KXWTAMATCH-26APR18RYBAND-AND,44,35,43,1089,42,5964,41,5403,37,219,44,1,45,5924,46,4279,47,854,48,586,44.0
2026-04-17 09:55:49 PM,KXWTAMATCH-26APR18RYBAND-AND,44,369,43,1089,42,5964,41,5403,37,219,44,1,45,5924,46,4279,47,854,48,586,44.0
2026-04-17 09:55:49 PM,KXWTAMATCH-26APR18RYBAND-AND,44,35,43,1089,42,5964,41,5403,37,219,44,1,45,5924,46,4279,47,854,48,586,44.0
2026-04-17 09:55:50 PM,KXWTAMATCH-26APR18RYBAND-AND,44,35,43,1089,42,6298,41,5403,37,219,44,1,45,5924,46,4279,47,854,48,586,44.0
2026-04-17 09:55:50 PM,KXWTAMATCH-26APR18RYBAND-AND,44,35,43,1089,42,5964,41,5403,37,219,44,1,45,5924,46,4279,47,854,48,586,44.0
2026-04-17 09:55:50 PM,KXWTAMATCH-26APR18RYBAND-AND,44,369,43,1089,42,5964,41,5403,37,219,44,1,45,5924,46,4279,47,854,48,586,44.0
2026-04-17 09:55:50 PM,KXWTAMATCH-26APR18RYBAND-AND,44,35,43,1089,42,5964,41,5403,37,219,44,1,45,5924,46,4279,47,854,48,586,44.0
2026-04-17 09:55:50 PM,KXWTAMATCH-26APR18RYBAND-AND,44,35,43,1089,42,6298,41,5403,37,219,44,1,45,5924,46,4279,47,854,48,586,44.0
2026-04-17 09:55:50 PM,KXWTAMATCH-26APR18RYBAND-AND,44,35,43,1089,42,5964,41,5403,37,219,44,1,45,5924,46,4279,47,854,48,586,44.0
2026-04-17 09:55:50 PM,KXWTAMATCH-26APR18RYBAND-AND,44,369,43,1089,42,5964,41,5403,37,219,44,1,45,5924,46,4279,47,854,48,586,44.0
2026-04-17 09:55:51 PM,KXWTAMATCH-26APR18RYBAND-AND,44,35,43,1089,42,5964,41,5403,37,219,44,1,45,5924,46,4279,47,854,48,586,44.0
2026-04-17 09:55:51 PM,KXWTAMATCH-26APR18RYBAND-AND,44,35,43,1089,42,6298,41,5403,37,219,44,1,45,5924,46,4279,47,854,48,586,44.0
2026-04-17 09:55:51 PM,KXWTAMATCH-26APR18RYBAND-AND,44,35,43,1089,42,5964,41,5403,37,219,44,1,45,5924,46,4279,47,854,48,586,44.0
2026-04-17 09:55:51 PM,KXWTAMATCH-26APR18RYBAND-AND,44,369,43,1089,42,5964,41,5403,37,219,44,1,45,5924,46,4279,47,854,48,586,44.0
2026-04-17 09:55:51 PM,KXWTAMATCH-26APR18RYBAND-AND,44,35,43,1089,42,5964,41,5403,37,219,44,1,45,5924,46,4279,47,854,48,586,44.0
2026-04-17 09:55:51 PM,KXWTAMATCH-26APR18RYBAND-AND,44,35,43,1089,42,6298,41,5403,37,219,44,1,45,5924,46,4279,47,854,48,586,44.0
2026-04-17 09:55:51 PM,KXWTAMATCH-26APR18RYBAND-AND,44,35,43,1089,42,5964,41,5403,37,219,44,1,45,5924,46,4279,47,854,48,586,44.0
2026-04-17 09:55:52 PM,KXWTAMATCH-26APR18RYBAND-AND,44,369,43,1089,42,5964,41,5403,37,219,44,1,45,5924,46,4279,47,854,48,586,44.0
2026-04-17 09:55:52 PM,KXWTAMATCH-26APR18RYBAND-AND,44,35,43,1089,42,5964,41,5403,37,219,44,1,45,5924,46,4279,47,854,48,586,44.0
2026-04-17 09:55:52 PM,KXWTAMATCH-26APR18RYBAND-AND,44,35,43,1089,42,6298,41,5403,37,219,44,1,45,5924,46,4279,47,854,48,586,44.0
2026-04-17 09:55:52 PM,KXWTAMATCH-26APR18RYBAND-AND,44,35,43,1089,42,5964,41,5403,37,219,44,1,45,5924,46,4279,47,854,48,586,44.0
2026-04-17 09:55:52 PM,KXWTAMATCH-26APR18RYBAND-AND,44,369,43,1089,42,5964,41,5403,37,219,44,1,45,5924,46,4279,47,854,48,586,44.0
2026-04-17 09:55:52 PM,KXWTAMATCH-26APR18RYBAND-AND,44,35,43,1089,42,5964,41,5403,37,219,44,1,45,5924,46,4279,47,854,48,586,44.0
2026-04-17 09:55:52 PM,KXWTAMATCH-26APR18RYBAND-AND,44,35,43,1089,42,6298,41,5403,37,219,44,1,45,5924,46,4279,47,854,48,586,44.0
2026-04-17 09:55:53 PM,KXWTAMATCH-26APR18RYBAND-AND,44,35,43,1089,42,5964,41,5403,37,219,44,1,45,5924,46,4279,47,854,48,586,44.0
2026-04-17 09:55:53 PM,KXWTAMATCH-26APR18RYBAND-AND,44,369,43,1089,42,5964,41,5403,37,219,44,1,45,5924,46,4279,47,854,48,586,44.0
2026-04-17 09:55:53 PM,KXWTAMATCH-26APR18RYBAND-AND,44,35,43,1089,42,5964,41,5403,37,219,44,1,45,5924,46,4279,47,854,48,586,44.0
2026-04-17 09:55:53 PM,KXWTAMATCH-26APR18RYBAND-AND,44,35,43,1089,42,6298,41,5403,37,219,44,1,45,5924,46,4279,47,854,48,586,44.0
2026-04-17 09:55:53 PM,KXWTAMATCH-26APR18RYBAND-AND,44,35,43,1089,42,5964,41,5403,37,219,44,1,45,5924,46,4279,47,854,48,586,44.0
2026-04-17 09:55:53 PM,KXWTAMATCH-26APR18RYBAND-AND,44,369,43,1089,42,5964,41,5403,37,219,44,1,45,5924,46,4279,47,854,48,586,44.0
2026-04-17 09:55:54 PM,KXWTAMATCH-26APR18RYBAND-AND,44,35,43,1089,42,5964,41,5403,37,219,44,1,45,5924,46,4279,47,854,48,586,44.0
2026-04-17 09:55:54 PM,KXWTAMATCH-26APR18RYBAND-AND,44,35,43,1089,42,6298,41,5403,37,219,44,1,45,5924,46,4279,47,854,48,586,44.0
2026-04-17 09:55:54 PM,KXWTAMATCH-26APR18RYBAND-AND,44,35,43,1089,42,5964,41,5403,37,219,44,1,45,5924,46,4279,47,854,48,586,44.0
2026-04-17 09:55:54 PM,KXWTAMATCH-26APR18RYBAND-AND,44,369,43,1089,42,5964,41,5403,37,219,44,1,45,5924,46,4279,47,854,48,586,44.0
2026-04-17 09:55:54 PM,KXWTAMATCH-26APR18RYBAND-AND,44,35,43,1089,42,5964,41,5403,37,219,44,1,45,5924,46,4279,47,854,48,586,44.0
2026-04-17 09:55:54 PM,KXWTAMATCH-26APR18RYBAND-AND,44,35,43,1089,42,6298,41,5403,37,219,44,1,45,5924,46,4279,47,854,48,586,44.0
2026-04-17 09:55:54 PM,KXWTAMATCH-26APR18RYBAND-AND,44,35,43,1089,42,5964,41,5403,37,219,44,1,45,5924,46,4279,47,854,48,586,44.0
2026-04-17 09:55:54 PM,KXWTAMATCH-26APR18RYBAND-AND,44,369,43,1089,42,5964,41,5403,37,219,44,1,45,5924,46,4279,47,854,48,586,44.0
2026-04-17 09:55:55 PM,KXWTAMATCH-26APR18RYBAND-AND,44,35,43,1089,42,5964,41,5403,37,219,44,1,45,5924,46,4279,47,854,48,586,44.0
2026-04-17 09:55:55 PM,KXWTAMATCH-26APR18RYBAND-AND,44,35,43,1089,42,6298,41,5403,37,219,44,1,45,5924,46,4279,47,854,48,586,44.0
2026-04-17 09:55:55 PM,KXWTAMATCH-26APR18RYBAND-AND,44,35,43,1089,42,5964,41,5403,37,219,44,1,45,5924,46,4279,47,854,48,586,44.0
2026-04-17 09:55:55 PM,KXWTAMATCH-26APR18RYBAND-AND,44,369,43,1089,42,5964,41,5403,37,219,44,1,45,5924,46,4279,47,854,48,586,44.0
2026-04-17 09:55:55 PM,KXWTAMATCH-26APR18RYBAND-AND,44,35,43,1089,42,5964,41,5403,37,219,44,1,45,5924,46,4279,47,854,48,586,44.0
2026-04-17 09:55:55 PM,KXWTAMATCH-26APR18RYBAND-AND,44,35,43,1089,42,6298,41,5403,37,219,44,1,45,5924,46,4279,47,854,48,586,44.0
2026-04-17 09:55:56 PM,KXWTAMATCH-26APR18RYBAND-AND,44,35,43,1089,42,5964,41,5403,37,219,44,1,45,5924,46,4279,47,854,48,586,44.0
2026-04-17 09:55:56 PM,KXWTAMATCH-26APR18RYBAND-AND,44,369,43,1089,42,5964,41,5403,37,219,44,1,45,5924,46,4279,47,854,48,586,44.0
2026-04-17 09:55:56 PM,KXWTAMATCH-26APR18RYBAND-AND,44,35,43,1089,42,5964,41,5403,37,219,44,1,45,5924,46,4279,47,854,48,586,44.0
2026-04-17 09:55:56 PM,KXWTAMATCH-26APR18RYBAND-AND,44,35,43,1089,42,6298,41,5403,37,219,44,1,45,5924,46,4279,47,854,48,586,44.0
2026-04-17 09:55:56 PM,KXWTAMATCH-26APR18RYBAND-AND,44,35,43,1089,42,5964,41,5403,37,219,44,1,45,5924,46,4279,47,854,48,586,44.0
2026-04-17 09:55:56 PM,KXWTAMATCH-26APR18RYBAND-AND,44,369,43,1089,42,5964,41,5403,37,219,44,1,45,5924,46,4279,47,854,48,586,44.0
2026-04-17 09:55:56 PM,KXWTAMATCH-26APR18RYBAND-AND,44,35,43,1089,42,5964,41,5403,37,219,44,1,45,5924,46,4279,47,854,48,586,44.0
2026-04-17 09:55:56 PM,KXWTAMATCH-26APR18RYBAND-AND,44,35,43,1089,42,6298,41,5403,37,219,44,1,45,5924,46,4279,47,854,48,586,44.0
2026-04-17 09:55:57 PM,KXWTAMATCH-26APR18RYBAND-AND,44,35,43,1089,42,5964,41,5403,37,219,44,1,45,5924,46,4279,47,854,48,586,44.0
2026-04-17 09:55:57 PM,KXWTAMATCH-26APR18RYBAND-AND,44,369,43,1089,42,5964,41,5403,37,219,44,1,45,5924,46,4279,47,854,48,586,44.0
2026-04-17 09:55:57 PM,KXWTAMATCH-26APR18RYBAND-AND,44,35,43,1089,42,5964,41,5403,37,219,44,1,45,5924,46,4279,47,854,48,586,44.0
2026-04-17 09:55:57 PM,KXWTAMATCH-26APR18RYBAND-AND,44,35,43,1089,42,6298,41,5403,37,219,44,1,45,5924,46,4279,47,854,48,586,44.0
2026-04-17 09:55:57 PM,KXWTAMATCH-26APR18RYBAND-AND,44,35,43,1089,42,5964,41,5403,37,219,44,1,45,5924,46,4279,47,854,48,586,44.0
2026-04-17 09:55:57 PM,KXWTAMATCH-26APR18RYBAND-AND,44,369,43,1089,42,5964,41,5403,37,219,44,1,45,5924,46,4279,47,854,48,586,44.0
2026-04-17 09:55:58 PM,KXWTAMATCH-26APR18RYBAND-AND,44,35,43,1089,42,5964,41,5403,37,219,44,1,45,5924,46,4279,47,854,48,586,44.0
2026-04-17 09:55:58 PM,KXWTAMATCH-26APR18RYBAND-AND,44,35,43,1089,42,6298,41,5403,37,219,44,1,45,5924,46,4279,47,854,48,586,44.0
2026-04-17 09:55:58 PM,KXWTAMATCH-26APR18RYBAND-AND,44,35,43,1089,42,5964,41,5403,37,219,44,1,45,5924,46,4279,47,854,48,586,44.0
2026-04-17 09:55:58 PM,KXWTAMATCH-26APR18RYBAND-AND,44,369,43,1089,42,5964,41,5403,37,219,44,1,45,5924,46,4279,47,854,48,586,44.0
2026-04-17 09:55:58 PM,KXWTAMATCH-26APR18RYBAND-AND,44,35,43,1089,42,5964,41,5403,37,219,44,1,45,5924,46,4279,47,854,48,586,44.0
2026-04-17 09:55:58 PM,KXWTAMATCH-26APR18RYBAND-AND,44,35,43,1089,42,6298,41,5403,37,219,44,1,45,5924,46,4279,47,854,48,586,44.0
2026-04-17 09:55:58 PM,KXWTAMATCH-26APR18RYBAND-AND,44,35,43,1089,42,5964,41,5403,37,219,44,1,45,5924,46,4279,47,854,48,586,44.0
2026-04-17 09:55:58 PM,KXWTAMATCH-26APR18RYBAND-AND,44,369,43,1089,42,5964,41,5403,37,219,44,1,45,5924,46,4279,47,854,48,586,44.0
2026-04-17 09:55:59 PM,KXWTAMATCH-26APR18RYBAND-AND,44,35,43,1089,42,5964,41,5403,37,219,44,1,45,5924,46,4279,47,854,48,586,44.0
2026-04-17 09:55:59 PM,KXWTAMATCH-26APR18RYBAND-AND,44,35,43,1089,42,6298,41,5403,37,219,44,1,45,5924,46,4279,47,854,48,586,44.0
2026-04-17 09:55:59 PM,KXWTAMATCH-26APR18RYBAND-AND,44,35,43,1089,42,5964,41,5403,37,219,44,1,45,5924,46,4279,47,854,48,586,44.0
2026-04-17 09:55:59 PM,KXWTAMATCH-26APR18RYBAND-AND,44,369,43,1089,42,5964,41,5403,37,219,44,1,45,5924,46,4279,47,854,48,586,44.0
2026-04-17 09:55:59 PM,KXWTAMATCH-26APR18RYBAND-AND,44,35,43,1089,42,5964,41,5403,37,219,44,1,45,5924,46,4279,47,854,48,586,44.0
2026-04-17 09:55:59 PM,KXWTAMATCH-26APR18RYBAND-AND,44,35,43,1089,42,6298,41,5403,37,219,44,1,45,5924,46,4279,47,854,48,586,44.0
2026-04-17 09:56:00 PM,KXWTAMATCH-26APR18RYBAND-AND,44,35,43,1089,42,5964,41,5403,37,219,44,1,45,5924,46,4279,47,854,48,586,44.0
2026-04-17 09:56:00 PM,KXWTAMATCH-26APR18RYBAND-AND,44,369,43,1089,42,5964,41,5403,37,219,44,1,45,5924,46,4279,47,854,48,586,44.0
2026-04-17 09:56:00 PM,KXWTAMATCH-26APR18RYBAND-AND,44,35,43,1089,42,5964,41,5403,37,219,44,1,45,5924,46,4279,47,854,48,586,44.0
2026-04-17 09:56:00 PM,KXWTAMATCH-26APR18RYBAND-AND,44,35,43,1089,42,6298,41,5403,37,219,44,1,45,5924,46,4279,47,854,48,586,44.0
2026-04-17 09:56:00 PM,KXWTAMATCH-26APR18RYBAND-AND,44,35,43,1089,42,5964,41,5403,37,219,44,1,45,5924,46,4279,47,854,48,586,44.0
2026-04-17 09:56:00 PM,KXWTAMATCH-26APR18RYBAND-AND,44,369,43,1089,42,5964,41,5403,37,219,44,1,45,5924,46,4279,47,854,48,586,44.0
2026-04-17 09:56:00 PM,KXWTAMATCH-26APR18RYBAND-AND,44,35,43,1089,42,5964,41,5403,37,219,44,1,45,5924,46,4279,47,854,48,586,44.0
2026-04-17 09:56:01 PM,KXWTAMATCH-26APR18RYBAND-AND,44,35,43,1089,42,6298,41,5403,37,219,44,1,45,5924,46,4279,47,854,48,586,44.0
2026-04-17 09:56:01 PM,KXWTAMATCH-26APR18RYBAND-AND,44,35,43,1089,42,5964,41,5403,37,219,44,1,45,5924,46,4279,47,854,48,586,44.0
2026-04-17 09:56:01 PM,KXWTAMATCH-26APR18RYBAND-AND,44,369,43,1089,42,5964,41,5403,37,219,44,1,45,5924,46,4279,47,854,48,586,44.0
2026-04-17 09:56:01 PM,KXWTAMATCH-26APR18RYBAND-AND,44,35,43,1089,42,5964,41,5403,37,219,44,1,45,5924,46,4279,47,854,48,586,44.0
2026-04-17 09:56:01 PM,KXWTAMATCH-26APR18RYBAND-AND,44,35,43,1089,42,6298,41,5403,37,219,44,1,45,5924,46,4279,47,854,48,586,44.0
2026-04-17 09:56:01 PM,KXWTAMATCH-26APR18RYBAND-AND,44,35,43,1089,42,5964,41,5403,37,219,44,1,45,5924,46,4279,47,854,48,586,44.0
2026-04-17 09:56:01 PM,KXWTAMATCH-26APR18RYBAND-AND,44,369,43,1089,42,5964,41,5403,37,219,44,1,45,5924,46,4279,47,854,48,586,44.0
2026-04-17 09:56:02 PM,KXWTAMATCH-26APR18RYBAND-AND,44,35,43,1089,42,5964,41,5403,37,219,44,1,45,5924,46,4279,47,854,48,586,44.0
2026-04-17 09:56:02 PM,KXWTAMATCH-26APR18RYBAND-AND,44,35,43,1089,42,6298,41,5403,37,219,44,1,45,5924,46,4279,47,854,48,586,44.0
2026-04-17 09:56:02 PM,KXWTAMATCH-26APR18RYBAND-AND,44,35,43,1089,42,5964,41,5403,37,219,44,1,45,5924,46,4279,47,854,48,586,44.0
2026-04-17 09:56:02 PM,KXWTAMATCH-26APR18RYBAND-AND,44,369,43,1089,42,5964,41,5403,37,219,44,1,45,5924,46,4279,47,854,48,586,44.0
2026-04-17 09:56:02 PM,KXWTAMATCH-26APR18RYBAND-AND,44,35,43,1089,42,5964,41,5403,37,219,44,1,45,5924,46,4279,47,854,48,586,44.0
2026-04-17 09:56:02 PM,KXWTAMATCH-26APR18RYBAND-AND,44,35,43,1089,42,6298,41,5403,37,219,44,1,45,5924,46,4279,47,854,48,586,44.0
2026-04-17 09:56:02 PM,KXWTAMATCH-26APR18RYBAND-AND,44,35,43,1089,42,5964,41,5403,37,219,44,1,45,5924,46,4279,47,854,48,586,44.0
2026-04-17 09:56:03 PM,KXWTAMATCH-26APR18RYBAND-AND,44,369,43,1089,42,5964,41,5403,37,219,44,1,45,5924,46,4279,47,854,48,586,44.0
2026-04-17 09:56:03 PM,KXWTAMATCH-26APR18RYBAND-AND,44,35,43,1089,42,5964,41,5403,37,219,44,1,45,5924,46,4279,47,854,48,586,44.0
2026-04-17 09:56:03 PM,KXWTAMATCH-26APR18RYBAND-AND,44,35,43,1089,42,6298,41,5403,37,219,44,1,45,5924,46,4279,47,854,48,586,44.0
2026-04-17 09:57:15 PM,KXWTAMATCH-26APR18RYBAND-AND,44,35,43,1089,42,6298,41,5403,37,219,44,1,45,5903,46,4279,47,854,48,586,44.0
2026-04-17 09:57:17 PM,KXWTAMATCH-26APR18RYBAND-AND,44,35,43,878,42,6298,41,5403,37,219,44,1,45,5903,46,4279,47,854,48,586,44.0
2026-04-17 09:57:17 PM,KXWTAMATCH-26APR18RYBAND-AND,44,35,43,1110,42,6298,41,5403,37,219,44,1,45,5903,46,4279,47,854,48,586,44.0
2026-04-17 09:57:17 PM,KXWTAMATCH-26APR18RYBAND-AND,44,35,43,1110,42,6298,41,5403,37,219,44,1,45,5904,46,4279,47,854,48,586,44.0
2026-04-17 09:57:30 PM,KXWTAMATCH-26APR18RYBAND-AND,44,35,43,1110,42,6298,41,5403,37,219,44,1,45,5904,46,4279,47,942,48,586,44.0
2026-04-17 09:57:30 PM,KXWTAMATCH-26APR18RYBAND-AND,44,35,43,1110,42,6386,41,5403,37,219,44,1,45,5904,46,4279,47,942,48,586,44.0
2026-04-17 09:57:30 PM,KXWTAMATCH-26APR18RYBAND-AND,44,35,43,1022,42,6386,41,5403,37,219,44,1,45,5904,46,4279,47,942,48,586,44.0
2026-04-17 09:57:31 PM,KXWTAMATCH-26APR18RYBAND-AND,44,35,43,1022,42,6386,41,5403,37,219,44,1,45,5904,46,4279,47,942,48,498,44.0
2026-04-17 09:57:39 PM,KXWTAMATCH-26APR18RYBAND-AND,44,35,43,1110,42,6386,41,5403,37,219,44,1,45,5904,46,4279,47,942,48,498,44.0
2026-04-17 09:57:39 PM,KXWTAMATCH-26APR18RYBAND-AND,44,35,43,1110,42,6298,41,5403,37,219,44,1,45,5904,46,4279,47,942,48,498,44.0
2026-04-17 09:57:52 PM,KXWTAMATCH-26APR18RYBAND-AND,44,35,43,1110,42,6386,41,5403,37,219,44,1,45,5904,46,4279,47,942,48,498,44.0
2026-04-17 09:57:52 PM,KXWTAMATCH-26APR18RYBAND-AND,44,35,43,1110,42,6386,41,5403,37,219,44,1,45,5904,46,4367,47,942,48,498,44.0
2026-04-17 09:57:52 PM,KXWTAMATCH-26APR18RYBAND-AND,44,35,43,1022,42,6386,41,5403,37,219,44,1,45,5904,46,4367,47,942,48,498,44.0
2026-04-17 09:57:52 PM,KXWTAMATCH-26APR18RYBAND-AND,44,35,43,1022,42,6386,41,5403,37,219,44,1,45,5904,46,4367,47,854,48,498,44.0
2026-04-17 09:57:53 PM,KXWTAMATCH-26APR18RYBAND-AND,44,35,43,1022,42,6386,41,5403,37,219,44,1,45,5904,46,4279,47,854,48,498,44.0
2026-04-17 09:58:01 PM,KXWTAMATCH-26APR18RYBAND-AND,44,35,43,1110,42,6386,41,5403,37,219,44,1,45,5904,46,4279,47,854,48,498,44.0
2026-04-17 09:58:01 PM,KXWTAMATCH-26APR18RYBAND-AND,44,35,43,1110,42,6386,41,5403,37,219,44,1,45,5904,46,4279,47,942,48,498,44.0
2026-04-17 09:58:01 PM,KXWTAMATCH-26APR18RYBAND-AND,44,35,43,1110,42,6298,41,5403,37,219,44,1,45,5904,46,4279,47,942,48,498,44.0
2026-04-17 09:58:20 PM,KXWTAMATCH-26APR18RYBAND-AND,44,35,43,1110,42,6275,41,5403,37,219,44,1,45,5904,46,4279,47,942,48,498,44.0
2026-04-17 09:58:20 PM,KXWTAMATCH-26APR18RYBAND-AND,44,14,43,1110,42,6275,41,5403,37,219,44,1,45,5904,46,4279,47,942,48,498,44.0
2026-04-17 09:58:20 PM,KXWTAMATCH-26APR18RYBAND-AND,44,14,43,1024,42,6275,41,5403,37,219,44,1,45,5904,46,4279,47,942,48,498,44.0
2026-04-17 09:58:20 PM,KXWTAMATCH-26APR18RYBAND-AND,44,14,43,1024,42,6268,41,5403,37,219,44,1,45,5904,46,4279,47,942,48,498,44.0
2026-04-17 09:58:20 PM,KXWTAMATCH-26APR18RYBAND-AND,43,1024,42,6268,41,5403,37,219,35,49,44,1,45,5904,46,4279,47,942,48,498,43.5
2026-04-17 09:58:20 PM,KXWTAMATCH-26APR18RYBAND-AND,43,1024,42,6270,41,5403,37,219,35,49,44,1,45,5904,46,4279,47,942,48,498,43.5
2026-04-17 09:58:21 PM,KXWTAMATCH-26APR18RYBAND-AND,43,1024,42,6293,41,5403,37,219,35,49,44,1,45,5904,46,4279,47,942,48,498,43.5
2026-04-17 09:58:35 PM,KXWTAMATCH-26APR18RYBAND-AND,43,1024,42,6264,41,5403,37,219,35,49,44,1,45,5904,46,4279,47,942,48,498,43.5
2026-04-17 09:58:50 PM,KXWTAMATCH-26APR18RYBAND-AND,43,1024,42,6235,41,5403,37,219,35,49,44,1,45,5904,46,4279,47,942,48,498,43.5
2026-04-17 09:59:38 PM,KXWTAMATCH-26APR18RYBAND-AND,43,1024,42,6235,41,5403,35,49,32,25,44,1,45,5904,46,4279,47,942,48,498,43.5
2026-04-17 09:59:38 PM,KXWTAMATCH-26APR18RYBAND-AND,43,1024,42,6428,41,5403,35,49,32,25,44,1,45,5904,46,4279,47,942,48,498,43.5
2026-04-17 10:00:08 PM,KXWTAMATCH-26APR18RYBAND-AND,43,1024,42,6428,41,5403,37,219,35,49,44,1,45,5904,46,4279,47,942,48,498,43.5
2026-04-17 10:00:08 PM,KXWTAMATCH-26APR18RYBAND-AND,43,1024,42,6235,41,5403,37,219,35,49,44,1,45,5904,46,4279,47,942,48,498,43.5
2026-04-17 10:01:45 PM,KXWTAMATCH-26APR18RYBAND-AND,43,1024,42,6235,41,5403,37,219,35,49,44,1,45,5904,46,4279,47,942,48,586,43.5
2026-04-17 10:01:45 PM,KXWTAMATCH-26APR18RYBAND-AND,43,1024,42,6235,41,5403,37,219,35,49,44,1,45,5904,46,4279,47,854,48,586,43.5
2026-04-17 10:01:45 PM,KXWTAMATCH-26APR18RYBAND-AND,43,936,42,6235,41,5403,37,219,35,49,44,1,45,5904,46,4279,47,854,48,586,43.5
2026-04-17 10:01:45 PM,KXWTAMATCH-26APR18RYBAND-AND,43,1024,42,6235,41,5403,37,219,35,49,44,1,45,5904,46,4279,47,854,48,586,43.5
2026-04-17 10:01:52 PM,KXWTAMATCH-26APR18RYBAND-AND,43,1024,42,6235,41,5403,37,219,35,49,44,1,45,5904,46,4279,47,854,48,498,43.5
2026-04-17 10:01:55 PM,KXWTAMATCH-26APR18RYBAND-AND,44,1,43,1024,42,6235,41,5403,37,219,44,1,45,5904,46,4279,47,854,48,498,44.0
2026-04-17 10:01:55 PM,KXWTAMATCH-26APR18RYBAND-AND,44,1,43,1024,42,6233,41,5403,37,219,44,1,45,5904,46,4279,47,854,48,498,44.0
2026-04-17 10:01:55 PM,KXWTAMATCH-26APR18RYBAND-AND,44,1,43,1024,42,6210,41,5403,37,219,44,1,45,5904,46,4279,47,854,48,498,44.0
2026-04-17 10:01:55 PM,KXWTAMATCH-26APR18RYBAND-AND,44,15,43,1024,42,6210,41,5403,37,219,44,1,45,5904,46,4279,47,854,48,498,44.0
2026-04-17 10:01:55 PM,KXWTAMATCH-26APR18RYBAND-AND,44,15,43,1024,42,6210,41,5403,37,219,44,1,45,5904,46,4279,47,854,48,586,44.0
2026-04-17 10:01:57 PM,KXWTAMATCH-26APR18RYBAND-AND,44,15,43,1024,42,6210,41,5403,37,219,44,1,45,5904,46,4279,47,854,48,498,44.0
2026-04-17 10:02:04 PM,KXWTAMATCH-26APR18RYBAND-AND,44,15,43,1024,42,6210,41,5403,37,219,44,1,45,5904,46,4279,47,854,48,586,44.0
2026-04-17 10:03:41 PM,KXWTAMATCH-26APR18RYBAND-AND,44,15,43,1024,42,6210,41,5403,37,219,44,1,45,5904,46,4279,47,942,48,586,44.0
2026-04-17 10:03:41 PM,KXWTAMATCH-26APR18RYBAND-AND,44,15,43,1024,42,6210,41,5403,37,219,44,1,45,5904,46,4279,47,942,48,498,44.0
2026-04-17 10:03:54 PM,KXWTAMATCH-26APR18RYBAND-AND,44,15,43,1024,42,6210,41,5403,37,219,44,1,45,5904,46,4279,47,942,48,586,44.0
2026-04-17 10:03:54 PM,KXWTAMATCH-26APR18RYBAND-AND,44,15,43,1024,42,6210,41,5403,37,219,44,1,45,5904,46,4279,47,854,48,586,44.0
2026-04-17 10:04:03 PM,KXWTAMATCH-26APR18RYBAND-AND,44,15,43,1024,42,6210,41,5403,37,219,44,1,45,5872,46,4279,47,854,48,586,44.0
2026-04-17 10:04:06 PM,KXWTAMATCH-26APR18RYBAND-AND,44,15,43,792,42,6210,41,5403,37,219,44,1,45,5872,46,4279,47,854,48,586,44.0
2026-04-17 10:04:06 PM,KXWTAMATCH-26APR18RYBAND-AND,44,15,43,1056,42,6210,41,5403,37,219,44,1,45,5872,46,4279,47,854,48,586,44.0
2026-04-17 10:05:05 PM,KXWTAMATCH-26APR18RYBAND-AND,44,15,43,1056,42,6210,41,5403,37,219,44,1,45,6302,46,4279,47,854,48,586,44.0
2026-04-17 10:05:19 PM,KXWTAMATCH-26APR18RYBAND-AND,44,15,43,1056,42,6210,41,5403,37,219,44,1,45,6302,46,4279,47,854,48,1695,44.0
2026-04-17 10:05:22 PM,KXWTAMATCH-26APR18RYBAND-AND,44,15,43,1056,42,6210,41,5403,37,219,44,1,45,6302,46,4279,47,942,48,1695,44.0
2026-04-17 10:05:22 PM,KXWTAMATCH-26APR18RYBAND-AND,44,15,43,1056,42,6210,41,5403,37,219,44,1,45,6302,46,4279,47,942,48,1607,44.0
2026-04-17 10:05:30 PM,KXWTAMATCH-26APR18RYBAND-AND,44,15,43,1056,42,6210,41,5403,37,219,44,1,45,6302,46,4279,47,942,48,1695,44.0
2026-04-17 10:05:30 PM,KXWTAMATCH-26APR18RYBAND-AND,44,15,43,1056,42,6210,41,5403,37,219,44,1,45,6302,46,4279,47,854,48,1695,44.0
2026-04-17 10:05:31 PM,KXWTAMATCH-26APR18RYBAND-AND,44,15,43,1056,42,6210,41,5403,37,219,44,1,45,6302,46,4279,47,854,48,1607,44.0
2026-04-17 10:05:33 PM,KXWTAMATCH-26APR18RYBAND-AND,44,15,43,1056,42,6210,41,5403,37,219,44,1,45,6302,46,4279,47,854,48,498,44.0
2026-04-17 10:05:41 PM,KXWTAMATCH-26APR18RYBAND-AND,44,15,43,1056,42,6210,41,5403,37,219,44,1,45,6302,46,4279,47,854,48,586,44.0
2026-04-17 10:05:58 PM,KXWTAMATCH-26APR18RYBAND-AND,44,15,43,1056,42,6210,41,5403,37,219,44,1,45,6299,46,4279,47,854,48,586,44.0
2026-04-17 10:06:01 PM,KXWTAMATCH-26APR18RYBAND-AND,44,15,43,792,42,6210,41,5403,37,219,44,1,45,6299,46,4279,47,854,48,586,44.0
2026-04-17 10:06:01 PM,KXWTAMATCH-26APR18RYBAND-AND,44,15,43,1059,42,6210,41,5403,37,219,44,1,45,6299,46,4279,47,854,48,586,44.0
2026-04-17 10:06:11 PM,KXWTAMATCH-26APR18RYBAND-AND,44,15,43,1059,42,6210,41,5403,37,219,44,1,45,6299,46,4279,47,854,48,1694,44.0
2026-04-17 10:06:38 PM,KXWTAMATCH-26APR18RYBAND-AND,44,15,43,1059,42,6255,41,5403,37,219,44,1,45,6299,46,4279,47,854,48,1694,44.0
2026-04-17 10:06:39 PM,KXWTAMATCH-26APR18RYBAND-AND,44,15,43,1059,42,6255,41,5403,35,49,44,1,45,6299,46,4279,47,854,48,1694,44.0
2026-04-17 10:06:50 PM,KXWTAMATCH-26APR18RYBAND-AND,44,15,43,1059,42,6255,41,5403,35,49,44,1,45,6298,46,4279,47,854,48,1694,44.0
2026-04-17 10:06:50 PM,KXWTAMATCH-26APR18RYBAND-AND,44,15,43,1059,42,6255,41,5403,35,49,44,1,45,6297,46,4279,47,854,48,1694,44.0
2026-04-17 10:06:50 PM,KXWTAMATCH-26APR18RYBAND-AND,44,15,43,1059,42,6255,41,5403,35,49,44,1,45,6283,46,4279,47,854,48,1694,44.0
2026-04-17 10:06:51 PM,KXWTAMATCH-26APR18RYBAND-AND,44,15,43,1066,42,6255,41,5403,35,49,44,1,45,6283,46,4279,47,854,48,1694,44.0
2026-04-17 10:06:51 PM,KXWTAMATCH-26APR18RYBAND-AND,44,15,43,1066,42,6262,41,5403,35,49,44,1,45,6283,46,4279,47,854,48,1694,44.0
2026-04-17 10:06:53 PM,KXWTAMATCH-26APR18RYBAND-AND,44,15,43,799,42,6262,41,5403,35,49,44,1,45,6283,46,4279,47,854,48,1694,44.0
2026-04-17 10:06:53 PM,KXWTAMATCH-26APR18RYBAND-AND,44,15,43,1067,42,6262,41,5403,35,49,44,1,45,6283,46,4279,47,854,48,1694,44.0
2026-04-17 10:07:09 PM,KXWTAMATCH-26APR18RYBAND-AND,44,15,43,1067,42,6217,41,5403,35,49,44,1,45,6283,46,4279,47,854,48,1694,44.0
2026-04-17 10:07:09 PM,KXWTAMATCH-26APR18RYBAND-AND,44,15,43,1067,42,6217,41,5403,37,219,44,1,45,6283,46,4279,47,854,48,1694,44.0
2026-04-17 10:08:48 PM,KXWTAMATCH-26APR18RYBAND-AND,44,15,43,1067,42,6217,41,5403,37,219,44,1,45,6283,46,4279,47,854,48,586,44.0
2026-04-17 10:08:48 PM,KXWTAMATCH-26APR18RYBAND-AND,44,15,43,1067,42,6217,41,5403,37,219,44,1,45,6283,46,4279,47,854,48,1676,44.0
2026-04-17 10:08:50 PM,KXWTAMATCH-26APR18RYBAND-AND,44,15,43,1067,42,6217,41,5403,37,219,44,1,45,6283,46,4279,47,854,48,586,44.0
2026-04-17 10:08:50 PM,KXWTAMATCH-26APR18RYBAND-AND,44,15,43,1067,42,6217,41,5403,37,219,44,1,45,6283,46,4279,47,854,48,1672,44.0
2026-04-17 10:09:44 PM,KXWTAMATCH-26APR18RYBAND-AND,44,15,43,1067,42,6217,41,5403,37,219,44,1,45,6283,46,4279,47,854,48,586,44.0
2026-04-17 10:09:47 PM,KXWTAMATCH-26APR18RYBAND-AND,44,15,43,1067,42,6217,41,5403,37,219,44,1,45,6283,46,4279,47,854,48,1672,44.0
2026-04-17 10:10:55 PM,KXWTAMATCH-26APR18RYBAND-AND,44,15,43,1067,42,6217,41,5403,37,219,44,1,45,6262,46,4279,47,854,48,1672,44.0
2026-04-17 10:10:56 PM,KXWTAMATCH-26APR18RYBAND-AND,44,15,43,1077,42,6217,41,5403,37,219,44,1,45,6262,46,4279,47,854,48,1672,44.0
2026-04-17 10:10:56 PM,KXWTAMATCH-26APR18RYBAND-AND,44,15,43,1077,42,6227,41,5403,37,219,44,1,45,6262,46,4279,47,854,48,1672,44.0
2026-04-17 10:11:22 PM,KXWTAMATCH-26APR18RYBAND-AND,44,15,43,1077,42,6227,41,5403,37,219,44,1,45,6334,46,4279,47,854,48,1672,44.0
2026-04-17 10:11:54 PM,KXWTAMATCH-26APR18RYBAND-AND,44,15,43,1077,42,6227,41,5403,37,219,44,1,45,6261,46,4279,47,854,48,1672,44.0
2026-04-17 10:11:54 PM,KXWTAMATCH-26APR18RYBAND-AND,44,15,43,1114,42,6227,41,5403,37,219,44,1,45,6261,46,4279,47,854,48,1672,44.0
2026-04-17 10:11:54 PM,KXWTAMATCH-26APR18RYBAND-AND,44,15,43,1114,42,6264,41,5403,37,219,44,1,45,6261,46,4279,47,854,48,1672,44.0
2026-04-17 10:13:15 PM,KXWTAMATCH-26APR18RYBAND-AND,44,15,43,1114,42,6264,41,5403,37,219,44,1,45,6261,46,4279,47,854,48,586,44.0
2026-04-17 10:13:15 PM,KXWTAMATCH-26APR18RYBAND-AND,44,15,43,1114,42,6264,41,5403,37,219,44,1,45,6261,46,4279,47,2003,48,586,44.0
2026-04-17 10:13:37 PM,KXWTAMATCH-26APR18RYBAND-AND,44,15,43,1114,42,6264,41,5403,37,219,44,1,45,6261,46,4279,47,854,48,586,44.0
2026-04-17 10:13:37 PM,KXWTAMATCH-26APR18RYBAND-AND,44,15,43,1114,42,6264,41,5403,37,219,44,1,45,6261,46,4279,47,854,48,1724,44.0
2026-04-17 10:13:39 PM,KXWTAMATCH-26APR18RYBAND-AND,44,15,43,1114,42,6334,41,5403,37,219,44,1,45,6261,46,4279,47,854,48,1724,44.0
2026-04-17 10:13:39 PM,KXWTAMATCH-26APR18RYBAND-AND,44,15,43,1114,42,6334,41,5403,35,49,44,1,45,6261,46,4279,47,854,48,1724,44.0
2026-04-17 10:14:21 PM,KXWTAMATCH-26APR18RYBAND-AND,44,15,43,846,42,6334,41,5403,35,49,44,1,45,6261,46,4279,47,854,48,1724,44.0
2026-04-17 10:14:21 PM,KXWTAMATCH-26APR18RYBAND-AND,44,15,43,846,42,6334,41,5403,35,49,44,1,45,6260,46,4279,47,854,48,1724,44.0
2026-04-17 10:14:21 PM,KXWTAMATCH-26APR18RYBAND-AND,44,15,43,846,42,6334,41,5403,35,49,44,1,45,6236,46,4279,47,854,48,1724,44.0
2026-04-17 10:14:21 PM,KXWTAMATCH-26APR18RYBAND-AND,44,15,43,846,42,6334,41,5403,35,49,44,1,45,6236,46,3987,47,854,48,1724,44.0
2026-04-17 10:14:21 PM,KXWTAMATCH-26APR18RYBAND-AND,44,15,43,1431,42,6334,41,5403,35,49,44,1,45,6236,46,3987,47,854,48,1724,44.0
2026-04-17 10:14:21 PM,KXWTAMATCH-26APR18RYBAND-AND,44,15,43,1431,42,6334,41,5403,35,49,44,1,45,6236,46,3987,47,1654,48,1724,44.0
2026-04-17 10:15:14 PM,KXWTAMATCH-26APR18RYBAND-AND,44,15,43,1431,42,6264,41,5403,35,49,44,1,45,6236,46,3987,47,1654,48,1724,44.0
2026-04-17 10:15:14 PM,KXWTAMATCH-26APR18RYBAND-AND,44,15,43,1431,42,6264,41,5403,38,213,44,1,45,6236,46,3987,47,1654,48,1724,44.0
2026-04-17 10:16:08 PM,KXWTAMATCH-26APR18RYBAND-AND,44,15,43,1431,42,6264,41,5403,38,213,44,1,45,6236,46,3987,47,1654,48,586,44.0
2026-04-17 10:16:09 PM,KXWTAMATCH-26APR18RYBAND-AND,44,15,43,1431,42,6264,41,5403,38,213,44,1,45,6236,46,3987,47,1654,48,1720,44.0
2026-04-17 10:16:20 PM,KXWTAMATCH-26APR18RYBAND-AND,44,15,43,1431,42,6264,41,5403,38,213,44,1,45,6274,46,3987,47,1654,48,1720,44.0
2026-04-17 10:16:53 PM,KXWTAMATCH-26APR18RYBAND-AND,44,15,43,1431,42,6264,41,5403,38,213,44,1,45,6274,46,3987,47,1654,48,586,44.0
2026-04-17 10:16:54 PM,KXWTAMATCH-26APR18RYBAND-AND,44,15,43,1343,42,6264,41,5403,38,213,44,1,45,6274,46,3987,47,1654,48,586,44.0
2026-04-17 10:16:54 PM,KXWTAMATCH-26APR18RYBAND-AND,44,15,43,1431,42,6264,41,5403,38,213,44,1,45,6274,46,3987,47,1654,48,586,44.0
2026-04-17 10:17:25 PM,KXWTAMATCH-26APR18RYBAND-AND,44,15,43,1431,42,6264,41,5403,38,213,44,1,45,6274,46,3987,47,1654,48,498,44.0
2026-04-17 10:17:26 PM,KXWTAMATCH-26APR18RYBAND-AND,44,15,43,1431,42,6264,41,5403,38,213,44,1,45,6274,46,3987,47,1654,48,586,44.0
2026-04-17 10:19:36 PM,KXWTAMATCH-26APR18RYBAND-AND,44,15,43,1431,42,6264,41,5403,38,213,44,1,45,6054,46,3987,47,1654,48,586,44.0
2026-04-17 10:19:36 PM,KXWTAMATCH-26APR18RYBAND-AND,44,15,43,1431,42,6264,41,5403,38,213,44,1,45,6274,46,3987,47,1654,48,586,44.0
2026-04-17 10:19:38 PM,KXWTAMATCH-26APR18RYBAND-AND,44,15,43,1431,42,6264,41,5403,38,213,44,1,45,6054,46,3987,47,1654,48,586,44.0
2026-04-17 10:19:38 PM,KXWTAMATCH-26APR18RYBAND-AND,44,15,43,1541,42,6264,41,5403,38,213,44,1,45,6054,46,3987,47,1654,48,586,44.0
2026-04-17 10:19:38 PM,KXWTAMATCH-26APR18RYBAND-AND,44,15,43,1541,42,6374,41,5403,38,213,44,1,45,6054,46,3987,47,1654,48,586,44.0
2026-04-17 10:20:10 PM,KXWTAMATCH-26APR18RYBAND-AND,44,15,43,1541,42,6374,41,5403,38,213,44,1,45,6054,46,3987,47,1654,48,1724,44.0
2026-04-17 10:20:20 PM,KXWTAMATCH-26APR18RYBAND-AND,44,15,43,1541,42,6374,41,5403,38,213,44,1,45,5893,46,3987,47,1654,48,1724,44.0
2026-04-17 10:20:20 PM,KXWTAMATCH-26APR18RYBAND-AND,44,15,43,1541,42,6374,41,5403,38,213,44,1,45,6054,46,3987,47,1654,48,1724,44.0
2026-04-17 10:20:21 PM,KXWTAMATCH-26APR18RYBAND-AND,44,15,43,1541,42,6374,41,5403,38,213,44,1,45,5893,46,3987,47,1654,48,1724,44.0
2026-04-17 10:20:21 PM,KXWTAMATCH-26APR18RYBAND-AND,44,15,43,1621,42,6374,41,5403,38,213,44,1,45,5893,46,3987,47,1654,48,1724,44.0
2026-04-17 10:20:21 PM,KXWTAMATCH-26APR18RYBAND-AND,44,15,43,1621,42,6454,41,5403,38,213,44,1,45,5893,46,3987,47,1654,48,1724,44.0
2026-04-17 10:20:23 PM,KXWTAMATCH-26APR18RYBAND-AND,44,15,43,1621,42,6454,41,5403,35,49,44,1,45,5893,46,3987,47,1654,48,1724,44.0
2026-04-17 10:20:23 PM,KXWTAMATCH-26APR18RYBAND-AND,44,15,43,1690,42,6454,41,5403,35,49,44,1,45,5893,46,3987,47,1654,48,1724,44.0
2026-04-17 10:20:39 PM,KXWTAMATCH-26APR18RYBAND-AND,44,15,43,1690,42,6454,41,5403,35,49,44,1,45,5893,46,3987,47,1742,48,1724,44.0
2026-04-17 10:20:39 PM,KXWTAMATCH-26APR18RYBAND-AND,44,15,43,1690,42,6454,41,5403,35,49,44,1,45,5893,46,3987,47,1742,48,1636,44.0
2026-04-17 10:20:40 PM,KXWTAMATCH-26APR18RYBAND-AND,44,15,43,1690,42,6454,41,5403,35,49,44,1,45,5893,46,3987,47,1742,48,498,44.0
2026-04-17 10:20:42 PM,KXWTAMATCH-26APR18RYBAND-AND,44,15,43,1690,42,6454,41,5403,35,49,44,1,45,5893,46,3987,47,1654,48,498,44.0
2026-04-17 10:20:48 PM,KXWTAMATCH-26APR18RYBAND-AND,44,20,43,1690,42,6454,41,5403,35,49,44,1,45,5893,46,3987,47,1654,48,498,44.0
2026-04-17 10:20:48 PM,KXWTAMATCH-26APR18RYBAND-AND,44,20,43,1690,42,6454,41,5403,35,49,44,1,45,5893,46,3987,47,1654,48,586,44.0
2026-04-17 10:20:48 PM,KXWTAMATCH-26APR18RYBAND-AND,44,20,43,1695,42,6454,41,5403,35,49,44,1,45,5893,46,3987,47,1654,48,586,44.0
2026-04-17 10:20:48 PM,KXWTAMATCH-26APR18RYBAND-AND,44,20,43,1695,42,6459,41,5403,35,49,44,1,45,5893,46,3987,47,1654,48,586,44.0
2026-04-17 10:20:48 PM,KXWTAMATCH-26APR18RYBAND-AND,44,20,43,1695,42,6459,41,5403,40,5,44,1,45,5893,46,3987,47,1654,48,586,44.0
2026-04-17 10:20:51 PM,KXWTAMATCH-26APR18RYBAND-AND,44,20,43,1695,42,6459,41,5403,40,5,44,1,45,5959,46,3987,47,1654,48,586,44.0
2026-04-17 10:20:53 PM,KXWTAMATCH-26APR18RYBAND-AND,44,20,43,1626,42,6459,41,5403,40,5,44,1,45,5959,46,3987,47,1654,48,586,44.0
2026-04-17 10:23:23 PM,KXWTAMATCH-26APR18RYBAND-AND,44,20,43,1626,42,6459,41,5403,40,5,44,1,45,5959,46,3987,47,1654,48,1930,44.0
2026-04-17 10:23:47 PM,KXWTAMATCH-26APR18RYBAND-AND,44,20,43,1626,42,6459,41,5403,40,5,44,1,45,5959,46,3987,47,1654,48,586,44.0
2026-04-17 10:23:48 PM,KXWTAMATCH-26APR18RYBAND-AND,44,20,43,1626,42,6459,41,5403,40,5,44,1,45,5959,46,3987,47,1654,48,1724,44.0
2026-04-17 10:24:00 PM,KXWTAMATCH-26APR18RYBAND-AND,44,20,43,1626,42,6459,41,5403,40,5,44,1,45,5959,46,3987,47,1654,48,586,44.0
2026-04-17 10:24:00 PM,KXWTAMATCH-26APR18RYBAND-AND,44,20,43,1626,42,6459,41,5403,40,5,44,1,45,5959,46,3987,47,2764,48,586,44.0
2026-04-17 10:24:06 PM,KXWTAMATCH-26APR18RYBAND-AND,44,20,43,1626,42,6459,41,5403,40,5,44,1,45,5959,46,3987,47,1654,48,586,44.0
2026-04-17 10:24:06 PM,KXWTAMATCH-26APR18RYBAND-AND,44,20,43,1626,42,6459,41,5403,40,5,44,1,45,5959,46,3987,47,2763,48,586,44.0
2026-04-17 10:24:28 PM,KXWTAMATCH-26APR18RYBAND-AND,44,20,43,1626,42,6071,41,5403,40,5,44,1,45,5959,46,3987,47,2763,48,586,44.0
2026-04-17 10:24:28 PM,KXWTAMATCH-26APR18RYBAND-AND,44,20,43,1626,42,6071,41,5403,40,5,44,1,45,5959,46,3479,47,2763,48,586,44.0
2026-04-17 10:24:28 PM,KXWTAMATCH-26APR18RYBAND-AND,44,20,43,1626,42,5659,41,5403,40,5,44,1,45,5959,46,3479,47,2763,48,586,44.0
2026-04-17 10:24:28 PM,KXWTAMATCH-26APR18RYBAND-AND,44,20,43,1585,42,5659,41,5403,40,5,44,1,45,5959,46,3479,47,2763,48,586,44.0
2026-04-17 10:24:28 PM,KXWTAMATCH-26APR18RYBAND-AND,44,20,43,1536,42,5659,41,5403,40,5,44,1,45,5959,46,3479,47,2763,48,586,44.0
2026-04-17 10:24:28 PM,KXWTAMATCH-26APR18RYBAND-AND,44,20,43,951,42,5659,41,5403,40,5,44,1,45,5959,46,3479,47,2763,48,586,44.0
2026-04-17 10:24:28 PM,KXWTAMATCH-26APR18RYBAND-AND,44,20,43,951,42,5659,41,5403,40,5,44,1,45,5959,46,3479,47,1963,48,586,44.0
2026-04-17 10:24:28 PM,KXWTAMATCH-26APR18RYBAND-AND,44,20,43,951,42,5659,41,5403,40,5,44,1,45,6315,46,3479,47,1963,48,586,44.0
2026-04-17 10:24:28 PM,KXWTAMATCH-26APR18RYBAND-AND,44,20,43,951,42,5659,41,5403,40,5,44,1,45,6315,46,3507,47,1963,48,586,44.0
2026-04-17 10:24:28 PM,KXWTAMATCH-26APR18RYBAND-AND,44,20,43,951,42,5659,41,5403,40,5,44,1,45,6315,46,3507,47,2051,48,586,44.0
2026-04-17 10:24:28 PM,KXWTAMATCH-26APR18RYBAND-AND,44,20,43,951,42,5659,41,5403,40,5,44,1,45,6315,46,3507,47,2051,48,498,44.0
2026-04-17 10:24:29 PM,KXWTAMATCH-26APR18RYBAND-AND,44,20,43,951,42,6459,41,5403,40,5,44,1,45,6315,46,3507,47,2051,48,498,44.0
2026-04-17 10:24:29 PM,KXWTAMATCH-26APR18RYBAND-AND,44,20,43,951,42,6459,41,5403,40,5,44,1,45,6698,46,3507,47,2051,48,498,44.0
2026-04-17 10:24:29 PM,KXWTAMATCH-26APR18RYBAND-AND,44,20,43,951,42,6459,41,5403,40,5,44,1,45,6698,46,4307,47,2051,48,498,44.0
2026-04-17 10:24:33 PM,KXWTAMATCH-26APR18RYBAND-AND,44,20,43,951,42,6459,41,5403,40,5,44,1,45,7367,46,4307,47,2051,48,498,44.0
2026-04-17 10:24:35 PM,KXWTAMATCH-26APR18RYBAND-AND,44,20,43,871,42,6459,41,5403,40,5,44,1,45,7367,46,4307,47,2051,48,498,44.0
2026-04-17 10:24:35 PM,KXWTAMATCH-26APR18RYBAND-AND,44,20,43,761,42,6459,41,5403,40,5,44,1,45,7367,46,4307,47,2051,48,498,44.0
2026-04-17 10:24:35 PM,KXWTAMATCH-26APR18RYBAND-AND,44,20,43,724,42,6459,41,5403,40,5,44,1,45,7367,46,4307,47,2051,48,498,44.0
2026-04-17 10:24:35 PM,KXWTAMATCH-26APR18RYBAND-AND,44,20,43,714,42,6459,41,5403,40,5,44,1,45,7367,46,4307,47,2051,48,498,44.0
2026-04-17 10:24:35 PM,KXWTAMATCH-26APR18RYBAND-AND,44,20,43,707,42,6459,41,5403,40,5,44,1,45,7367,46,4307,47,2051,48,498,44.0
2026-04-17 10:24:36 PM,KXWTAMATCH-26APR18RYBAND-AND,44,20,43,618,42,6459,41,5403,40,5,44,1,45,7367,46,4307,47,2051,48,498,44.0
2026-04-17 10:24:36 PM,KXWTAMATCH-26APR18RYBAND-AND,44,20,43,618,42,6379,41,5403,40,5,44,1,45,7367,46,4307,47,2051,48,498,44.0
2026-04-17 10:24:36 PM,KXWTAMATCH-26APR18RYBAND-AND,44,20,43,618,42,6269,41,5403,40,5,44,1,45,7367,46,4307,47,2051,48,498,44.0
2026-04-17 10:24:36 PM,KXWTAMATCH-26APR18RYBAND-AND,44,20,43,618,42,6232,41,5403,40,5,44,1,45,7367,46,4307,47,2051,48,498,44.0
2026-04-17 10:24:36 PM,KXWTAMATCH-26APR18RYBAND-AND,44,20,43,618,42,6222,41,5403,40,5,44,1,45,7367,46,4307,47,2051,48,498,44.0
2026-04-17 10:24:36 PM,KXWTAMATCH-26APR18RYBAND-AND,44,20,43,618,42,6215,41,5403,40,5,44,1,45,7367,46,4307,47,2051,48,498,44.0
2026-04-17 10:24:36 PM,KXWTAMATCH-26APR18RYBAND-AND,44,20,43,618,42,6126,41,5403,40,5,44,1,45,7367,46,4307,47,2051,48,498,44.0
2026-04-17 10:24:37 PM,KXWTAMATCH-26APR18RYBAND-AND,44,20,43,618,42,6126,41,5403,40,5,44,1,45,7857,46,4307,47,2051,48,498,44.0
2026-04-17 10:24:37 PM,KXWTAMATCH-26APR18RYBAND-AND,44,20,43,373,42,6126,41,5403,40,5,44,1,45,7857,46,4307,47,2051,48,498,44.0
2026-04-17 10:24:37 PM,KXWTAMATCH-26APR18RYBAND-AND,44,20,43,373,42,5881,41,5403,40,5,44,1,45,7857,46,4307,47,2051,48,498,44.0
2026-04-17 10:24:37 PM,KXWTAMATCH-26APR18RYBAND-AND,44,20,43,123,42,5881,41,5403,40,5,44,1,45,7857,46,4307,47,2051,48,498,44.0
2026-04-17 10:24:37 PM,KXWTAMATCH-26APR18RYBAND-AND,44,20,43,123,42,6131,41,5403,40,5,44,1,45,7857,46,4307,47,2051,48,498,44.0
2026-04-17 10:24:37 PM,KXWTAMATCH-26APR18RYBAND-AND,44,20,43,123,42,6131,41,5403,40,5,44,1,45,7857,46,4057,47,2051,48,498,44.0
2026-04-17 10:24:37 PM,KXWTAMATCH-26APR18RYBAND-AND,44,20,43,123,42,6131,41,5403,40,5,44,1,45,8107,46,4057,47,2051,48,498,44.0
2026-04-17 10:24:42 PM,KXWTAMATCH-26APR18RYBAND-AND,44,20,43,91,42,6131,41,5403,40,5,44,1,45,8107,46,4057,47,2051,48,498,44.0
2026-04-17 10:24:55 PM,KXWTAMATCH-26APR18RYBAND-AND,44,20,43,45,42,6131,41,5403,40,5,44,1,45,8107,46,4057,47,2051,48,498,44.0
2026-04-17 10:24:56 PM,KXWTAMATCH-26APR18RYBAND-AND,44,20,43,35,42,6131,41,5403,40,5,44,1,45,8107,46,4057,47,2051,48,498,44.0
2026-04-17 10:24:56 PM,KXWTAMATCH-26APR18RYBAND-AND,44,20,43,35,42,6142,41,5403,40,5,44,1,45,8107,46,4057,47,2051,48,498,44.0
2026-04-17 10:25:03 PM,KXWTAMATCH-26APR18RYBAND-AND,44,20,43,35,42,6131,41,5403,40,5,44,1,45,8107,46,4057,47,2051,48,498,44.0
2026-04-17 10:25:17 PM,KXWTAMATCH-26APR18RYBAND-AND,44,20,43,35,42,5331,41,5403,40,5,44,1,45,8107,46,4057,47,2051,48,498,44.0
2026-04-17 10:25:17 PM,KXWTAMATCH-26APR18RYBAND-AND,44,20,43,35,42,5331,41,5403,40,5,44,1,45,7724,46,4057,47,2051,48,498,44.0
2026-04-17 10:25:17 PM,KXWTAMATCH-26APR18RYBAND-AND,44,20,43,35,42,5331,41,5403,40,5,44,1,45,7724,46,3257,47,2051,48,498,44.0
2026-04-17 10:25:17 PM,KXWTAMATCH-26APR18RYBAND-AND,44,20,43,35,42,5342,41,5403,40,5,44,1,45,7724,46,3257,47,2051,48,498,44.0
2026-04-17 10:25:20 PM,KXWTAMATCH-26APR18RYBAND-AND,44,20,43,35,42,5342,41,6203,40,5,44,1,45,7724,46,3257,47,2051,48,498,44.0
2026-04-17 10:25:20 PM,KXWTAMATCH-26APR18RYBAND-AND,44,20,43,35,42,5342,41,6203,40,5,44,1,45,8524,46,3257,47,2051,48,498,44.0
2026-04-17 10:25:20 PM,KXWTAMATCH-26APR18RYBAND-AND,44,20,43,35,42,5342,41,6203,40,5,44,1,45,8907,46,3257,47,2051,48,498,44.0
2026-04-17 10:25:20 PM,KXWTAMATCH-26APR18RYBAND-AND,44,20,43,35,42,5331,41,6203,40,5,44,1,45,8907,46,3257,47,2051,48,498,44.0
2026-04-17 10:25:21 PM,KXWTAMATCH-26APR18RYBAND-AND,44,20,43,35,42,5331,41,6203,40,5,44,1,45,8524,46,3257,47,2051,48,498,44.0
2026-04-17 10:25:21 PM,KXWTAMATCH-26APR18RYBAND-AND,44,20,43,35,42,5331,41,6203,40,5,44,1,45,8907,46,3257,47,2051,48,498,44.0
2026-04-17 10:25:22 PM,KXWTAMATCH-26APR18RYBAND-AND,44,20,43,35,42,5331,41,6203,40,5,44,1,45,9312,46,3257,47,2051,48,498,44.0
2026-04-17 10:25:22 PM,KXWTAMATCH-26APR18RYBAND-AND,44,20,43,35,42,5331,41,6203,40,5,44,1,45,9312,46,3279,47,2051,48,498,44.0
2026-04-17 10:25:27 PM,KXWTAMATCH-26APR18RYBAND-AND,44,20,43,35,42,5342,41,6203,40,5,44,1,45,9312,46,3279,47,2051,48,498,44.0
2026-04-17 10:25:32 PM,KXWTAMATCH-26APR18RYBAND-AND,44,20,43,35,42,5331,41,6203,40,5,44,1,45,9312,46,3279,47,2051,48,498,44.0
2026-04-17 10:25:34 PM,KXWTAMATCH-26APR18RYBAND-AND,44,20,43,35,42,5331,41,6203,40,5,44,1,45,8929,46,3279,47,2051,48,498,44.0
2026-04-17 10:25:34 PM,KXWTAMATCH-26APR18RYBAND-AND,44,20,43,35,42,5331,41,6203,40,5,44,1,45,9312,46,3279,47,2051,48,498,44.0
2026-04-17 10:26:05 PM,KXWTAMATCH-26APR18RYBAND-AND,44,20,43,35,42,5331,41,6203,40,5,44,1,45,8929,46,3279,47,2051,48,498,44.0
2026-04-17 10:26:05 PM,KXWTAMATCH-26APR18RYBAND-AND,44,20,43,35,42,5331,41,6203,40,5,44,1,45,9312,46,3279,47,2051,48,498,44.0
2026-04-17 10:26:41 PM,KXWTAMATCH-26APR18RYBAND-AND,44,20,43,35,42,5331,41,6203,40,5,44,1,45,8929,46,3279,47,2051,48,498,44.0
2026-04-17 10:26:41 PM,KXWTAMATCH-26APR18RYBAND-AND,44,20,43,35,42,5331,41,6203,40,5,44,1,45,9312,46,3279,47,2051,48,498,44.0
2026-04-17 10:27:01 PM,KXWTAMATCH-26APR18RYBAND-AND,44,20,43,35,42,5331,41,6203,40,5,44,1,45,9312,46,3367,47,2051,48,498,44.0
2026-04-17 10:27:02 PM,KXWTAMATCH-26APR18RYBAND-AND,44,20,43,35,42,5331,41,6203,40,5,44,1,45,9312,46,3367,47,1963,48,498,44.0
2026-04-17 10:27:07 PM,KXWTAMATCH-26APR18RYBAND-AND,44,20,43,35,42,5331,41,6203,40,5,44,1,45,9312,46,3279,47,1963,48,498,44.0
2026-04-17 10:27:09 PM,KXWTAMATCH-26APR18RYBAND-AND,44,20,43,35,42,5331,41,6203,40,5,44,1,45,9312,46,3279,47,854,48,498,44.0
2026-04-17 10:27:10 PM,KXWTAMATCH-26APR18RYBAND-AND,44,20,43,35,42,5331,41,6203,40,5,44,1,45,9312,46,3279,47,942,48,498,44.0
2026-04-17 10:27:10 PM,KXWTAMATCH-26APR18RYBAND-AND,44,20,43,35,42,5331,41,6203,40,5,44,1,45,9312,46,3279,47,942,48,1842,44.0
2026-04-17 10:27:19 PM,KXWTAMATCH-26APR18RYBAND-AND,44,20,43,35,42,5331,41,6203,40,5,44,1,45,8243,46,3279,47,942,48,1842,44.0
2026-04-17 10:27:19 PM,KXWTAMATCH-26APR18RYBAND-AND,44,20,43,35,42,5331,41,6203,40,5,44,1,45,9312,46,3279,47,942,48,1842,44.0
2026-04-17 10:27:20 PM,KXWTAMATCH-26APR18RYBAND-AND,44,20,43,35,42,5331,41,6203,40,5,44,1,45,8243,46,3279,47,942,48,1842,44.0
2026-04-17 10:27:20 PM,KXWTAMATCH-26APR18RYBAND-AND,44,20,43,569,42,5331,41,6203,40,5,44,1,45,8243,46,3279,47,942,48,1842,44.0
2026-04-17 10:27:21 PM,KXWTAMATCH-26APR18RYBAND-AND,44,20,43,569,42,5865,41,6203,40,5,44,1,45,8243,46,3279,47,942,48,1842,44.0
2026-04-17 10:27:21 PM,KXWTAMATCH-26APR18RYBAND-AND,44,20,43,569,42,5615,41,6203,40,5,44,1,45,8243,46,3279,47,942,48,1842,44.0
2026-04-17 10:27:21 PM,KXWTAMATCH-26APR18RYBAND-AND,44,20,43,819,42,5615,41,6203,40,5,44,1,45,8243,46,3279,47,942,48,1842,44.0
2026-04-17 10:27:21 PM,KXWTAMATCH-26APR18RYBAND-AND,44,20,43,819,42,5615,41,6203,40,5,44,1,45,7993,46,3279,47,942,48,1842,44.0
2026-04-17 10:27:21 PM,KXWTAMATCH-26APR18RYBAND-AND,44,20,43,819,42,5615,41,6203,40,5,44,1,45,7993,46,3529,47,942,48,1842,44.0
2026-04-17 10:27:23 PM,KXWTAMATCH-26APR18RYBAND-AND,44,20,43,819,42,5615,41,6203,40,5,44,1,45,7610,46,3529,47,942,48,1842,44.0
2026-04-17 10:27:23 PM,KXWTAMATCH-26APR18RYBAND-AND,44,20,43,819,42,5615,41,6203,40,5,44,1,45,7993,46,3529,47,942,48,1842,44.0
2026-04-17 10:27:25 PM,KXWTAMATCH-26APR18RYBAND-AND,44,20,43,819,42,5615,41,6203,40,5,44,1,45,7993,46,3529,47,942,48,498,44.0
2026-04-17 10:27:25 PM,KXWTAMATCH-26APR18RYBAND-AND,44,20,43,819,42,5615,41,6203,40,5,44,1,45,7993,46,3529,47,2229,48,498,44.0
2026-04-17 10:27:34 PM,KXWTAMATCH-26APR18RYBAND-AND,44,20,43,819,42,5615,41,6203,40,5,44,1,45,7993,46,3529,47,942,48,498,44.0
2026-04-17 10:27:35 PM,KXWTAMATCH-26APR18RYBAND-AND,44,20,43,819,42,5615,41,6203,40,5,44,1,45,7993,46,3529,47,942,48,1636,44.0
2026-04-17 10:28:34 PM,KXWTAMATCH-26APR18RYBAND-AND,44,20,43,819,42,5615,41,6203,40,5,44,1,45,7993,46,3529,47,942,48,498,44.0
2026-04-17 10:28:34 PM,KXWTAMATCH-26APR18RYBAND-AND,44,20,43,819,42,5615,41,6203,40,5,44,1,45,7993,46,3529,47,2229,48,498,44.0
2026-04-17 10:28:50 PM,KXWTAMATCH-26APR18RYBAND-AND,44,20,43,819,42,5615,41,6203,40,5,44,1,45,7610,46,3529,47,2229,48,498,44.0
2026-04-17 10:28:50 PM,KXWTAMATCH-26APR18RYBAND-AND,44,20,43,819,42,5615,41,6203,40,5,44,1,45,7993,46,3529,47,2229,48,498,44.0
2026-04-17 10:29:12 PM,KXWTAMATCH-26APR18RYBAND-AND,44,20,43,819,42,5615,41,6203,40,5,44,1,45,7610,46,3529,47,2229,48,498,44.0
2026-04-17 10:29:12 PM,KXWTAMATCH-26APR18RYBAND-AND,44,20,43,819,42,5615,41,6203,40,5,44,1,45,7993,46,3529,47,2229,48,498,44.0
2026-04-17 10:29:35 PM,KXWTAMATCH-26APR18RYBAND-AND,44,20,43,819,42,5615,41,6203,40,5,44,1,45,7610,46,3529,47,2229,48,498,44.0
2026-04-17 10:29:35 PM,KXWTAMATCH-26APR18RYBAND-AND,44,20,43,819,42,5615,41,6203,40,5,44,1,45,7993,46,3529,47,2229,48,498,44.0
2026-04-17 10:30:53 PM,KXWTAMATCH-26APR18RYBAND-AND,44,20,43,819,42,5615,41,6203,40,5,44,1,45,7993,46,3529,47,942,48,498,44.0
2026-04-17 10:30:54 PM,KXWTAMATCH-26APR18RYBAND-AND,44,20,43,819,42,5615,41,6203,40,5,44,1,45,7993,46,3529,47,942,48,1842,44.0
