ts_et,ticker,bid_1,bid_1_sz,bid_2,bid_2_sz,bid_3,bid_3_sz,bid_4,bid_4_sz,bid_5,bid_5_sz,ask_1,ask_1_sz,ask_2,ask_2_sz,ask_3,ask_3_sz,ask_4,ask_4_sz,ask_5,ask_5_sz,mid
2026-04-17 09:43:06 PM,KXWTAMATCH-26APR18SVIMUC-SVI,53,816,52,3279,51,13632,50,6109,49,1389,54,460,55,12725,56,8224,57,984,58,20,53.5
2026-04-17 09:43:58 PM,KXWTAMATCH-26APR18SVIMUC-SVI,53,816,52,3279,51,13632,50,8625,49,1389,54,460,55,12725,56,8224,57,984,58,20,53.5
2026-04-17 09:43:58 PM,KXWTAMATCH-26APR18SVIMUC-SVI,53,816,52,3279,51,11116,50,8625,49,1389,54,460,55,12725,56,8224,57,984,58,20,53.5
2026-04-17 09:43:58 PM,KXWTAMATCH-26APR18SVIMUC-SVI,53,816,52,3279,51,11116,50,8625,49,1389,54,460,55,10209,56,8224,57,984,58,20,53.5
2026-04-17 09:43:59 PM,KXWTAMATCH-26APR18SVIMUC-SVI,53,816,52,3279,51,11116,50,8625,49,1389,54,460,55,12725,56,8224,57,984,58,20,53.5
2026-04-17 09:44:07 PM,KXWTAMATCH-26APR18SVIMUC-SVI,53,816,52,3279,51,13632,50,8625,49,1389,54,460,55,12725,56,8224,57,984,58,20,53.5
2026-04-17 09:44:08 PM,KXWTAMATCH-26APR18SVIMUC-SVI,53,816,52,3279,51,13632,50,6109,49,1389,54,460,55,12725,56,8224,57,984,58,20,53.5
2026-04-17 09:44:39 PM,KXWTAMATCH-26APR18SVIMUC-SVI,53,816,52,3279,51,13632,50,6109,49,1389,54,460,55,12726,56,8224,57,984,58,20,53.5
2026-04-17 09:44:45 PM,KXWTAMATCH-26APR18SVIMUC-SVI,53,816,52,3279,51,13632,50,6109,49,1389,54,455,55,12726,56,8224,57,984,58,20,53.5
2026-04-17 09:44:45 PM,KXWTAMATCH-26APR18SVIMUC-SVI,53,816,52,3281,51,13632,50,6109,49,1389,54,455,55,12726,56,8224,57,984,58,20,53.5
2026-04-17 09:44:46 PM,KXWTAMATCH-26APR18SVIMUC-SVI,53,816,52,3281,51,13634,50,6109,49,1389,54,455,55,12726,56,8224,57,984,58,20,53.5
2026-04-17 09:45:38 PM,KXWTAMATCH-26APR18SVIMUC-SVI,53,816,52,3281,51,13634,50,8625,49,1389,54,455,55,12726,56,8224,57,984,58,20,53.5
2026-04-17 09:45:38 PM,KXWTAMATCH-26APR18SVIMUC-SVI,53,816,52,3281,51,11118,50,8625,49,1389,54,455,55,12726,56,8224,57,984,58,20,53.5
2026-04-17 09:45:50 PM,KXWTAMATCH-26APR18SVIMUC-SVI,53,816,52,3281,51,13634,50,8625,49,1389,54,455,55,12726,56,8224,57,984,58,20,53.5
2026-04-17 09:45:50 PM,KXWTAMATCH-26APR18SVIMUC-SVI,53,816,52,3281,51,13634,50,6109,49,1389,54,455,55,12726,56,8224,57,984,58,20,53.5
2026-04-17 09:45:57 PM,KXWTAMATCH-26APR18SVIMUC-SVI,53,816,52,3281,51,13634,50,6109,49,1389,54,454,55,12726,56,8224,57,984,58,20,53.5
2026-04-17 09:48:25 PM,KXWTAMATCH-26APR18SVIMUC-SVI,53,816,52,3281,51,13634,50,6109,49,1389,54,1054,55,12726,56,8224,57,984,58,20,53.5
2026-04-17 09:48:26 PM,KXWTAMATCH-26APR18SVIMUC-SVI,53,816,52,3279,51,13634,50,6109,49,1389,54,1054,55,12726,56,8224,57,984,58,20,53.5
2026-04-17 09:48:26 PM,KXWTAMATCH-26APR18SVIMUC-SVI,53,816,52,3177,51,13634,50,6109,49,1389,54,1054,55,12726,56,8224,57,984,58,20,53.5
2026-04-17 09:48:26 PM,KXWTAMATCH-26APR18SVIMUC-SVI,53,816,52,3172,51,13634,50,6109,49,1389,54,1054,55,12726,56,8224,57,984,58,20,53.5
2026-04-17 09:48:26 PM,KXWTAMATCH-26APR18SVIMUC-SVI,53,816,52,3128,51,13634,50,6109,49,1389,54,1054,55,12726,56,8224,57,984,58,20,53.5
2026-04-17 09:48:26 PM,KXWTAMATCH-26APR18SVIMUC-SVI,53,816,52,3111,51,13634,50,6109,49,1389,54,1054,55,12726,56,8224,57,984,58,20,53.5
2026-04-17 09:48:26 PM,KXWTAMATCH-26APR18SVIMUC-SVI,53,816,52,3109,51,13634,50,6109,49,1389,54,1054,55,12726,56,8224,57,984,58,20,53.5
2026-04-17 09:48:26 PM,KXWTAMATCH-26APR18SVIMUC-SVI,53,816,52,3059,51,13634,50,6109,49,1389,54,1054,55,12726,56,8224,57,984,58,20,53.5
2026-04-17 09:48:26 PM,KXWTAMATCH-26APR18SVIMUC-SVI,53,816,52,3057,51,13634,50,6109,49,1389,54,1054,55,12726,56,8224,57,984,58,20,53.5
2026-04-17 09:48:27 PM,KXWTAMATCH-26APR18SVIMUC-SVI,53,816,52,3056,51,13634,50,6109,49,1389,54,1054,55,12726,56,8224,57,984,58,20,53.5
2026-04-17 09:48:27 PM,KXWTAMATCH-26APR18SVIMUC-SVI,53,816,52,3055,51,13634,50,6109,49,1389,54,1054,55,12726,56,8224,57,984,58,20,53.5
2026-04-17 09:48:27 PM,KXWTAMATCH-26APR18SVIMUC-SVI,53,816,52,2989,51,13634,50,6109,49,1389,54,1054,55,12726,56,8224,57,984,58,20,53.5
2026-04-17 09:48:27 PM,KXWTAMATCH-26APR18SVIMUC-SVI,53,816,52,2989,51,13632,50,6109,49,1389,54,1054,55,12726,56,8224,57,984,58,20,53.5
2026-04-17 09:48:27 PM,KXWTAMATCH-26APR18SVIMUC-SVI,53,816,52,2989,51,13530,50,6109,49,1389,54,1054,55,12726,56,8224,57,984,58,20,53.5
2026-04-17 09:48:27 PM,KXWTAMATCH-26APR18SVIMUC-SVI,53,816,52,2989,51,13525,50,6109,49,1389,54,1054,55,12726,56,8224,57,984,58,20,53.5
2026-04-17 09:48:27 PM,KXWTAMATCH-26APR18SVIMUC-SVI,53,816,52,2989,51,13337,50,6109,49,1389,54,1054,55,12726,56,8224,57,984,58,20,53.5
2026-04-17 09:48:47 PM,KXWTAMATCH-26APR18SVIMUC-SVI,53,816,52,2989,51,13337,50,6109,49,1389,54,1003,55,12726,56,8224,57,984,58,20,53.5
2026-04-17 09:48:47 PM,KXWTAMATCH-26APR18SVIMUC-SVI,53,816,52,2989,51,13337,50,6109,49,1389,54,998,55,12726,56,8224,57,984,58,20,53.5
2026-04-17 09:48:47 PM,KXWTAMATCH-26APR18SVIMUC-SVI,53,816,52,2989,51,13337,50,6109,49,1389,54,955,55,12726,56,8224,57,984,58,20,53.5
2026-04-17 09:48:47 PM,KXWTAMATCH-26APR18SVIMUC-SVI,53,816,52,3014,51,13337,50,6109,49,1389,54,955,55,12726,56,8224,57,984,58,20,53.5
2026-04-17 09:48:47 PM,KXWTAMATCH-26APR18SVIMUC-SVI,53,816,52,3014,51,13362,50,6109,49,1389,54,955,55,12726,56,8224,57,984,58,20,53.5
2026-04-17 09:48:47 PM,KXWTAMATCH-26APR18SVIMUC-SVI,53,816,52,3016,51,13362,50,6109,49,1389,54,955,55,12726,56,8224,57,984,58,20,53.5
2026-04-17 09:48:47 PM,KXWTAMATCH-26APR18SVIMUC-SVI,53,816,52,3016,51,13364,50,6109,49,1389,54,955,55,12726,56,8224,57,984,58,20,53.5
2026-04-17 09:48:47 PM,KXWTAMATCH-26APR18SVIMUC-SVI,53,816,52,3037,51,13364,50,6109,49,1389,54,955,55,12726,56,8224,57,984,58,20,53.5
2026-04-17 09:48:47 PM,KXWTAMATCH-26APR18SVIMUC-SVI,53,816,52,3037,51,13385,50,6109,49,1389,54,955,55,12726,56,8224,57,984,58,20,53.5
2026-04-17 09:48:58 PM,KXWTAMATCH-26APR18SVIMUC-SVI,53,816,52,3037,51,13385,50,8625,49,1389,54,955,55,12726,56,8224,57,984,58,20,53.5
2026-04-17 09:48:58 PM,KXWTAMATCH-26APR18SVIMUC-SVI,53,816,52,3037,51,10869,50,8625,49,1389,54,955,55,12726,56,8224,57,984,58,20,53.5
2026-04-17 09:49:09 PM,KXWTAMATCH-26APR18SVIMUC-SVI,53,816,52,3037,51,13385,50,8625,49,1389,54,955,55,12726,56,8224,57,984,58,20,53.5
2026-04-17 09:49:09 PM,KXWTAMATCH-26APR18SVIMUC-SVI,53,816,52,3037,51,13385,50,6109,49,1389,54,955,55,12726,56,8224,57,984,58,20,53.5
2026-04-17 09:49:35 PM,KXWTAMATCH-26APR18SVIMUC-SVI,53,816,52,3037,51,13385,50,6109,49,1389,54,899,55,12726,56,8224,57,984,58,20,53.5
2026-04-17 09:49:35 PM,KXWTAMATCH-26APR18SVIMUC-SVI,53,816,52,3037,51,13385,50,6109,49,1389,54,897,55,12726,56,8224,57,984,58,20,53.5
2026-04-17 09:49:35 PM,KXWTAMATCH-26APR18SVIMUC-SVI,53,816,52,3037,51,13385,50,6109,49,1389,54,884,55,12726,56,8224,57,984,58,20,53.5
2026-04-17 09:49:35 PM,KXWTAMATCH-26APR18SVIMUC-SVI,53,816,52,3065,51,13385,50,6109,49,1389,54,884,55,12726,56,8224,57,984,58,20,53.5
2026-04-17 09:49:36 PM,KXWTAMATCH-26APR18SVIMUC-SVI,53,816,52,3065,51,13413,50,6109,49,1389,54,884,55,12726,56,8224,57,984,58,20,53.5
2026-04-17 09:49:36 PM,KXWTAMATCH-26APR18SVIMUC-SVI,53,816,52,3066,51,13413,50,6109,49,1389,54,884,55,12726,56,8224,57,984,58,20,53.5
2026-04-17 09:49:36 PM,KXWTAMATCH-26APR18SVIMUC-SVI,53,816,52,3066,51,13414,50,6109,49,1389,54,884,55,12726,56,8224,57,984,58,20,53.5
2026-04-17 09:49:37 PM,KXWTAMATCH-26APR18SVIMUC-SVI,53,816,52,3072,51,13414,50,6109,49,1389,54,884,55,12726,56,8224,57,984,58,20,53.5
2026-04-17 09:49:37 PM,KXWTAMATCH-26APR18SVIMUC-SVI,53,816,52,3072,51,13420,50,6109,49,1389,54,884,55,12726,56,8224,57,984,58,20,53.5
2026-04-17 09:49:57 PM,KXWTAMATCH-26APR18SVIMUC-SVI,53,816,52,3072,51,13420,50,6109,49,1389,54,884,55,12726,56,8206,57,984,58,20,53.5
2026-04-17 09:49:57 PM,KXWTAMATCH-26APR18SVIMUC-SVI,53,816,52,3072,51,13420,50,6109,49,1389,54,909,55,12726,56,8206,57,984,58,20,53.5
2026-04-17 09:49:57 PM,KXWTAMATCH-26APR18SVIMUC-SVI,53,816,52,3072,51,10748,50,6109,49,1389,54,909,55,12726,56,8206,57,984,58,20,53.5
2026-04-17 09:49:57 PM,KXWTAMATCH-26APR18SVIMUC-SVI,53,816,52,3072,51,10723,50,6109,49,1389,54,909,55,12726,56,8206,57,984,58,20,53.5
2026-04-17 09:49:57 PM,KXWTAMATCH-26APR18SVIMUC-SVI,53,816,52,3072,51,10721,50,6109,49,1389,54,909,55,12726,56,8206,57,984,58,20,53.5
2026-04-17 09:49:57 PM,KXWTAMATCH-26APR18SVIMUC-SVI,53,816,52,3072,51,10700,50,6109,49,1389,54,909,55,12726,56,8206,57,984,58,20,53.5
2026-04-17 09:49:57 PM,KXWTAMATCH-26APR18SVIMUC-SVI,53,816,52,3072,51,10672,50,6109,49,1389,54,909,55,12726,56,8206,57,984,58,20,53.5
2026-04-17 09:49:57 PM,KXWTAMATCH-26APR18SVIMUC-SVI,53,816,52,3072,51,10671,50,6109,49,1389,54,909,55,12726,56,8206,57,984,58,20,53.5
2026-04-17 09:49:57 PM,KXWTAMATCH-26APR18SVIMUC-SVI,53,816,52,3072,51,10665,50,6109,49,1389,54,909,55,12726,56,8206,57,984,58,20,53.5
2026-04-17 09:49:57 PM,KXWTAMATCH-26APR18SVIMUC-SVI,53,3574,52,3072,51,10665,50,6109,49,1389,54,909,55,12726,56,8206,57,984,58,20,53.5
2026-04-17 09:50:38 PM,KXWTAMATCH-26APR18SVIMUC-SVI,53,3574,52,3072,51,10665,50,8625,49,1389,54,909,55,12726,56,8206,57,984,58,20,53.5
2026-04-17 09:50:38 PM,KXWTAMATCH-26APR18SVIMUC-SVI,53,3574,52,3072,51,8149,50,8625,49,1389,54,909,55,12726,56,8206,57,984,58,20,53.5
2026-04-17 09:50:39 PM,KXWTAMATCH-26APR18SVIMUC-SVI,53,3574,52,3072,51,8149,50,6109,49,1389,54,909,55,12726,56,8206,57,984,58,20,53.5
2026-04-17 09:50:46 PM,KXWTAMATCH-26APR18SVIMUC-SVI,53,3574,52,3072,51,10665,50,6109,49,1389,54,909,55,12726,56,8206,57,984,58,20,53.5
2026-04-17 09:51:03 PM,KXWTAMATCH-26APR18SVIMUC-SVI,53,3574,52,3072,51,10665,50,6109,49,1389,54,959,55,12726,56,8206,57,984,58,20,53.5
2026-04-17 09:51:03 PM,KXWTAMATCH-26APR18SVIMUC-SVI,53,3549,52,3072,51,10665,50,6109,49,1389,54,959,55,12726,56,8206,57,984,58,20,53.5
2026-04-17 09:51:05 PM,KXWTAMATCH-26APR18SVIMUC-SVI,53,3549,52,3066,51,10665,50,6109,49,1389,54,959,55,12726,56,8206,57,984,58,20,53.5
2026-04-17 09:51:05 PM,KXWTAMATCH-26APR18SVIMUC-SVI,53,3549,52,3065,51,10665,50,6109,49,1389,54,959,55,12726,56,8206,57,984,58,20,53.5
2026-04-17 09:51:05 PM,KXWTAMATCH-26APR18SVIMUC-SVI,53,3549,52,3048,51,10665,50,6109,49,1389,54,959,55,12726,56,8206,57,984,58,20,53.5
2026-04-17 09:52:18 PM,KXWTAMATCH-26APR18SVIMUC-SVI,53,3549,52,3048,51,10665,50,8625,49,1389,54,959,55,12726,56,8206,57,984,58,20,53.5
2026-04-17 09:52:18 PM,KXWTAMATCH-26APR18SVIMUC-SVI,53,3549,52,3048,51,8149,50,8625,49,1389,54,959,55,12726,56,8206,57,984,58,20,53.5
2026-04-17 09:52:19 PM,KXWTAMATCH-26APR18SVIMUC-SVI,53,3549,52,3048,51,8149,50,8625,49,1389,54,959,55,10210,56,8206,57,984,58,20,53.5
2026-04-17 09:52:19 PM,KXWTAMATCH-26APR18SVIMUC-SVI,53,3549,52,3048,51,8149,50,8625,49,1389,54,959,55,12726,56,8206,57,984,58,20,53.5
2026-04-17 09:52:32 PM,KXWTAMATCH-26APR18SVIMUC-SVI,53,3549,52,3048,51,10665,50,8625,49,1389,54,959,55,12726,56,8206,57,984,58,20,53.5
2026-04-17 09:52:33 PM,KXWTAMATCH-26APR18SVIMUC-SVI,53,3549,52,3048,51,10665,50,6109,49,1389,54,959,55,12726,56,8206,57,984,58,20,53.5
2026-04-17 09:52:33 PM,KXWTAMATCH-26APR18SVIMUC-SVI,53,3549,52,3048,51,10665,50,6109,49,1389,54,959,55,7726,56,8206,57,984,58,20,53.5
2026-04-17 09:52:33 PM,KXWTAMATCH-26APR18SVIMUC-SVI,53,3549,52,3048,51,10665,50,6109,49,1389,54,959,55,7726,56,8206,57,5984,58,20,53.5
2026-04-17 09:54:33 PM,KXWTAMATCH-26APR18SVIMUC-SVI,53,3549,52,3048,51,10665,50,6109,49,1389,54,999,55,7726,56,8206,57,5984,58,20,53.5
2026-04-17 09:54:33 PM,KXWTAMATCH-26APR18SVIMUC-SVI,53,3529,52,3048,51,10665,50,6109,49,1389,54,999,55,7726,56,8206,57,5984,58,20,53.5
2026-04-17 09:54:33 PM,KXWTAMATCH-26APR18SVIMUC-SVI,53,3529,52,3038,51,10665,50,6109,49,1389,54,999,55,7726,56,8206,57,5984,58,20,53.5
2026-04-17 09:54:33 PM,KXWTAMATCH-26APR18SVIMUC-SVI,53,3529,52,3029,51,10665,50,6109,49,1389,54,999,55,7726,56,8206,57,5984,58,20,53.5
2026-04-17 09:54:39 PM,KXWTAMATCH-26APR18SVIMUC-SVI,53,3529,52,3029,51,10665,50,6109,49,1389,54,999,55,7725,56,8206,57,5984,58,20,53.5
2026-04-17 09:55:58 PM,KXWTAMATCH-26APR18SVIMUC-SVI,53,3529,52,3029,51,10665,50,6109,49,1389,54,1004,55,7725,56,8206,57,5984,58,20,53.5
2026-04-17 09:58:21 PM,KXWTAMATCH-26APR18SVIMUC-SVI,53,3529,52,3029,51,10665,50,6109,49,1389,54,998,55,7725,56,8206,57,5984,58,20,53.5
2026-04-17 09:58:21 PM,KXWTAMATCH-26APR18SVIMUC-SVI,53,3529,52,3029,51,10665,50,6109,49,1389,54,978,55,7725,56,8206,57,5984,58,20,53.5
2026-04-17 09:58:21 PM,KXWTAMATCH-26APR18SVIMUC-SVI,53,3529,52,3029,51,10665,50,6109,49,1389,54,969,55,7725,56,8206,57,5984,58,20,53.5
2026-04-17 09:58:21 PM,KXWTAMATCH-26APR18SVIMUC-SVI,53,3532,52,3029,51,10665,50,6109,49,1389,54,969,55,7725,56,8206,57,5984,58,20,53.5
2026-04-17 09:58:21 PM,KXWTAMATCH-26APR18SVIMUC-SVI,53,3532,52,3032,51,10665,50,6109,49,1389,54,969,55,7725,56,8206,57,5984,58,20,53.5
2026-04-17 09:58:22 PM,KXWTAMATCH-26APR18SVIMUC-SVI,53,3542,52,3032,51,10665,50,6109,49,1389,54,969,55,7725,56,8206,57,5984,58,20,53.5
2026-04-17 09:58:22 PM,KXWTAMATCH-26APR18SVIMUC-SVI,53,3542,52,3042,51,10665,50,6109,49,1389,54,969,55,7725,56,8206,57,5984,58,20,53.5
2026-04-17 09:58:23 PM,KXWTAMATCH-26APR18SVIMUC-SVI,53,3546,52,3042,51,10665,50,6109,49,1389,54,969,55,7725,56,8206,57,5984,58,20,53.5
2026-04-17 09:58:23 PM,KXWTAMATCH-26APR18SVIMUC-SVI,53,3546,52,3046,51,10665,50,6109,49,1389,54,969,55,7725,56,8206,57,5984,58,20,53.5
2026-04-17 09:58:31 PM,KXWTAMATCH-26APR18SVIMUC-SVI,53,3530,52,3046,51,10665,50,6109,49,1389,54,969,55,7725,56,8206,57,5984,58,20,53.5
2026-04-17 09:58:31 PM,KXWTAMATCH-26APR18SVIMUC-SVI,53,3343,52,3046,51,10665,50,6109,49,1389,54,969,55,7725,56,8206,57,5984,58,20,53.5
2026-04-17 09:58:51 PM,KXWTAMATCH-26APR18SVIMUC-SVI,53,2731,52,3046,51,10665,50,6109,49,1389,54,969,55,7725,56,8206,57,5984,58,20,53.5
2026-04-17 09:58:51 PM,KXWTAMATCH-26APR18SVIMUC-SVI,53,2324,52,3046,51,10665,50,6109,49,1389,54,969,55,7725,56,8206,57,5984,58,20,53.5
2026-04-17 09:58:51 PM,KXWTAMATCH-26APR18SVIMUC-SVI,53,2324,52,3046,51,10665,50,6109,49,1389,54,1376,55,7725,56,8206,57,5984,58,20,53.5
2026-04-17 09:58:51 PM,KXWTAMATCH-26APR18SVIMUC-SVI,53,2527,52,3046,51,10665,50,6109,49,1389,54,1376,55,7725,56,8206,57,5984,58,20,53.5
2026-04-17 09:58:51 PM,KXWTAMATCH-26APR18SVIMUC-SVI,53,2527,52,3042,51,10665,50,6109,49,1389,54,1376,55,7725,56,8206,57,5984,58,20,53.5
2026-04-17 09:58:51 PM,KXWTAMATCH-26APR18SVIMUC-SVI,53,2527,52,3032,51,10665,50,6109,49,1389,54,1376,55,7725,56,8206,57,5984,58,20,53.5
2026-04-17 09:58:51 PM,KXWTAMATCH-26APR18SVIMUC-SVI,53,2527,52,3029,51,10665,50,6109,49,1389,54,1376,55,7725,56,8206,57,5984,58,20,53.5
2026-04-17 09:58:51 PM,KXWTAMATCH-26APR18SVIMUC-SVI,53,2527,52,3017,51,10665,50,6109,49,1389,54,1376,55,7725,56,8206,57,5984,58,20,53.5
2026-04-17 09:58:52 PM,KXWTAMATCH-26APR18SVIMUC-SVI,53,2527,52,3015,51,10665,50,6109,49,1389,54,1376,55,7725,56,8206,57,5984,58,20,53.5
2026-04-17 09:58:52 PM,KXWTAMATCH-26APR18SVIMUC-SVI,53,2527,52,2990,51,10665,50,6109,49,1389,54,1376,55,7725,56,8206,57,5984,58,20,53.5
2026-04-17 09:58:52 PM,KXWTAMATCH-26APR18SVIMUC-SVI,53,2527,52,2931,51,10665,50,6109,49,1389,54,1376,55,7725,56,8206,57,5984,58,20,53.5
2026-04-17 09:58:52 PM,KXWTAMATCH-26APR18SVIMUC-SVI,53,2527,52,2866,51,10665,50,6109,49,1389,54,1376,55,7725,56,8206,57,5984,58,20,53.5
2026-04-17 09:58:52 PM,KXWTAMATCH-26APR18SVIMUC-SVI,53,2527,52,2847,51,10665,50,6109,49,1389,54,1376,55,7725,56,8206,57,5984,58,20,53.5
2026-04-17 09:59:00 PM,KXWTAMATCH-26APR18SVIMUC-SVI,53,2527,52,2847,51,10665,50,6109,49,1389,54,1366,55,7725,56,8206,57,5984,58,20,53.5
2026-04-17 09:59:00 PM,KXWTAMATCH-26APR18SVIMUC-SVI,53,2527,52,2847,51,10665,50,6109,49,1389,54,1346,55,7725,56,8206,57,5984,58,20,53.5
2026-04-17 09:59:00 PM,KXWTAMATCH-26APR18SVIMUC-SVI,53,2527,52,2847,51,10665,50,6109,49,1389,54,1327,55,7725,56,8206,57,5984,58,20,53.5
2026-04-17 09:59:01 PM,KXWTAMATCH-26APR18SVIMUC-SVI,53,2532,52,2847,51,10665,50,6109,49,1389,54,1327,55,7725,56,8206,57,5984,58,20,53.5
2026-04-17 09:59:01 PM,KXWTAMATCH-26APR18SVIMUC-SVI,53,2532,52,2852,51,10665,50,6109,49,1389,54,1327,55,7725,56,8206,57,5984,58,20,53.5
2026-04-17 09:59:01 PM,KXWTAMATCH-26APR18SVIMUC-SVI,53,2542,52,2852,51,10665,50,6109,49,1389,54,1327,55,7725,56,8206,57,5984,58,20,53.5
2026-04-17 09:59:01 PM,KXWTAMATCH-26APR18SVIMUC-SVI,53,2542,52,2862,51,10665,50,6109,49,1389,54,1327,55,7725,56,8206,57,5984,58,20,53.5
2026-04-17 09:59:02 PM,KXWTAMATCH-26APR18SVIMUC-SVI,53,2551,52,2862,51,10665,50,6109,49,1389,54,1327,55,7725,56,8206,57,5984,58,20,53.5
2026-04-17 09:59:02 PM,KXWTAMATCH-26APR18SVIMUC-SVI,53,2551,52,2871,51,10665,50,6109,49,1389,54,1327,55,7725,56,8206,57,5984,58,20,53.5
2026-04-17 10:00:25 PM,KXWTAMATCH-26APR18SVIMUC-SVI,53,2551,52,2871,51,10665,50,6109,49,1389,54,1326,55,7725,56,8206,57,5984,58,20,53.5
2026-04-17 10:00:25 PM,KXWTAMATCH-26APR18SVIMUC-SVI,53,2551,52,2871,51,10665,50,6109,49,1389,54,1276,55,7725,56,8206,57,5984,58,20,53.5
2026-04-17 10:00:25 PM,KXWTAMATCH-26APR18SVIMUC-SVI,53,2551,52,2871,51,10665,50,6109,49,1389,54,1272,55,7725,56,8206,57,5984,58,20,53.5
2026-04-17 10:00:25 PM,KXWTAMATCH-26APR18SVIMUC-SVI,53,2551,52,2871,51,10665,50,6109,49,1389,54,1172,55,7725,56,8206,57,5984,58,20,53.5
2026-04-17 10:00:25 PM,KXWTAMATCH-26APR18SVIMUC-SVI,53,2551,52,2871,51,10665,50,6109,49,1389,54,1151,55,7725,56,8206,57,5984,58,20,53.5
2026-04-17 10:00:26 PM,KXWTAMATCH-26APR18SVIMUC-SVI,53,2576,52,2871,51,10665,50,6109,49,1389,54,1151,55,7725,56,8206,57,5984,58,20,53.5
2026-04-17 10:00:26 PM,KXWTAMATCH-26APR18SVIMUC-SVI,53,2576,52,2896,51,10665,50,6109,49,1389,54,1151,55,7725,56,8206,57,5984,58,20,53.5
2026-04-17 10:00:26 PM,KXWTAMATCH-26APR18SVIMUC-SVI,53,2578,52,2896,51,10665,50,6109,49,1389,54,1151,55,7725,56,8206,57,5984,58,20,53.5
2026-04-17 10:00:26 PM,KXWTAMATCH-26APR18SVIMUC-SVI,53,2578,52,2898,51,10665,50,6109,49,1389,54,1151,55,7725,56,8206,57,5984,58,20,53.5
2026-04-17 10:00:27 PM,KXWTAMATCH-26APR18SVIMUC-SVI,53,2628,52,2898,51,10665,50,6109,49,1389,54,1151,55,7725,56,8206,57,5984,58,20,53.5
2026-04-17 10:00:27 PM,KXWTAMATCH-26APR18SVIMUC-SVI,53,2628,52,2948,51,10665,50,6109,49,1389,54,1151,55,7725,56,8206,57,5984,58,20,53.5
2026-04-17 10:00:27 PM,KXWTAMATCH-26APR18SVIMUC-SVI,53,2638,52,2948,51,10665,50,6109,49,1389,54,1151,55,7725,56,8206,57,5984,58,20,53.5
2026-04-17 10:00:27 PM,KXWTAMATCH-26APR18SVIMUC-SVI,53,2638,52,2958,51,10665,50,6109,49,1389,54,1151,55,7725,56,8206,57,5984,58,20,53.5
2026-04-17 10:02:12 PM,KXWTAMATCH-26APR18SVIMUC-SVI,53,2638,52,2958,51,10665,50,6109,49,1389,54,1151,55,15725,56,8206,57,5984,58,20,53.5
2026-04-17 10:03:22 PM,KXWTAMATCH-26APR18SVIMUC-SVI,53,2638,52,2958,51,10665,50,6109,49,1389,54,1150,55,15725,56,8206,57,5984,58,20,53.5
2026-04-17 10:04:46 PM,KXWTAMATCH-26APR18SVIMUC-SVI,53,2638,52,2958,51,10665,50,6109,49,1389,54,1133,55,15725,56,8206,57,5984,58,20,53.5
2026-04-17 10:04:46 PM,KXWTAMATCH-26APR18SVIMUC-SVI,53,2638,52,2958,51,10665,50,6109,49,1389,54,1035,55,15725,56,8206,57,5984,58,20,53.5
2026-04-17 10:04:46 PM,KXWTAMATCH-26APR18SVIMUC-SVI,53,2646,52,2958,51,10665,50,6109,49,1389,54,1035,55,15725,56,8206,57,5984,58,20,53.5
2026-04-17 10:04:46 PM,KXWTAMATCH-26APR18SVIMUC-SVI,53,2646,52,2966,51,10665,50,6109,49,1389,54,1035,55,15725,56,8206,57,5984,58,20,53.5
2026-04-17 10:04:46 PM,KXWTAMATCH-26APR18SVIMUC-SVI,53,2695,52,2966,51,10665,50,6109,49,1389,54,1035,55,15725,56,8206,57,5984,58,20,53.5
2026-04-17 10:04:47 PM,KXWTAMATCH-26APR18SVIMUC-SVI,53,2695,52,3015,51,10665,50,6109,49,1389,54,1035,55,15725,56,8206,57,5984,58,20,53.5
2026-04-17 10:05:45 PM,KXWTAMATCH-26APR18SVIMUC-SVI,53,2695,52,3015,51,10665,50,6109,49,1389,54,1034,55,15725,56,8206,57,5984,58,20,53.5
2026-04-17 10:07:19 PM,KXWTAMATCH-26APR18SVIMUC-SVI,53,2695,52,3015,51,10665,50,6109,49,1389,54,1009,55,15725,56,8206,57,5984,58,20,53.5
2026-04-17 10:07:19 PM,KXWTAMATCH-26APR18SVIMUC-SVI,53,2695,52,3015,51,10665,50,6109,49,1389,54,1009,55,15725,56,8225,57,5984,58,20,53.5
2026-04-17 10:09:40 PM,KXWTAMATCH-26APR18SVIMUC-SVI,53,2695,52,3015,51,10665,50,6109,49,1389,54,992,55,15725,56,8225,57,5984,58,20,53.5
2026-04-17 10:09:41 PM,KXWTAMATCH-26APR18SVIMUC-SVI,53,2703,52,3015,51,10665,50,6109,49,1389,54,992,55,15725,56,8225,57,5984,58,20,53.5
2026-04-17 10:09:41 PM,KXWTAMATCH-26APR18SVIMUC-SVI,53,2703,52,3023,51,10665,50,6109,49,1389,54,992,55,15725,56,8225,57,5984,58,20,53.5
2026-04-17 10:15:25 PM,KXWTAMATCH-26APR18SVIMUC-SVI,53,2703,52,3023,51,10665,50,6109,49,1389,54,1012,55,15725,56,8225,57,5984,58,20,53.5
2026-04-17 10:15:27 PM,KXWTAMATCH-26APR18SVIMUC-SVI,53,2695,52,3023,51,10665,50,6109,49,1389,54,1012,55,15725,56,8225,57,5984,58,20,53.5
2026-04-17 10:15:27 PM,KXWTAMATCH-26APR18SVIMUC-SVI,53,2695,52,3015,51,10665,50,6109,49,1389,54,1012,55,15725,56,8225,57,5984,58,20,53.5
2026-04-17 10:17:10 PM,KXWTAMATCH-26APR18SVIMUC-SVI,53,2641,52,3015,51,10665,50,6109,49,1389,54,1012,55,15725,56,8225,57,5984,58,20,53.5
2026-04-17 10:17:10 PM,KXWTAMATCH-26APR18SVIMUC-SVI,53,2641,52,3015,51,10665,50,6109,49,1389,54,1066,55,15725,56,8225,57,5984,58,20,53.5
2026-04-17 10:17:10 PM,KXWTAMATCH-26APR18SVIMUC-SVI,53,2641,52,2765,51,10665,50,6109,49,1389,54,1066,55,15725,56,8225,57,5984,58,20,53.5
2026-04-17 10:17:10 PM,KXWTAMATCH-26APR18SVIMUC-SVI,53,2641,52,2765,51,10915,50,6109,49,1389,54,1066,55,15725,56,8225,57,5984,58,20,53.5
2026-04-17 10:17:10 PM,KXWTAMATCH-26APR18SVIMUC-SVI,53,2668,52,2765,51,10915,50,6109,49,1389,54,1066,55,15725,56,8225,57,5984,58,20,53.5
2026-04-17 10:17:10 PM,KXWTAMATCH-26APR18SVIMUC-SVI,53,2668,52,2765,51,10915,50,6109,49,1389,54,1066,55,15475,56,8225,57,5984,58,20,53.5
2026-04-17 10:17:10 PM,KXWTAMATCH-26APR18SVIMUC-SVI,53,2668,52,2765,51,10915,50,6109,49,1389,54,1316,55,15475,56,8225,57,5984,58,20,53.5
2026-04-17 10:17:10 PM,KXWTAMATCH-26APR18SVIMUC-SVI,53,2668,52,2738,51,10915,50,6109,49,1389,54,1316,55,15475,56,8225,57,5984,58,20,53.5
2026-04-17 10:18:15 PM,KXWTAMATCH-26APR18SVIMUC-SVI,53,2668,52,2738,51,10915,50,6109,49,1389,54,1316,55,15475,56,8206,57,5984,58,20,53.5
2026-04-17 10:18:15 PM,KXWTAMATCH-26APR18SVIMUC-SVI,53,2668,52,2738,51,10915,50,6109,49,1389,54,1341,55,15475,56,8206,57,5984,58,20,53.5
2026-04-17 10:20:07 PM,KXWTAMATCH-26APR18SVIMUC-SVI,53,2668,52,2738,51,10915,50,6109,49,1389,54,1252,55,15475,56,8206,57,5984,58,20,53.5
2026-04-17 10:20:07 PM,KXWTAMATCH-26APR18SVIMUC-SVI,53,2712,52,2738,51,10915,50,6109,49,1389,54,1252,55,15475,56,8206,57,5984,58,20,53.5
2026-04-17 10:20:08 PM,KXWTAMATCH-26APR18SVIMUC-SVI,53,2712,52,2782,51,10915,50,6109,49,1389,54,1252,55,15475,56,8206,57,5984,58,20,53.5
2026-04-17 10:20:08 PM,KXWTAMATCH-26APR18SVIMUC-SVI,53,2712,52,2782,51,10665,50,6109,49,1389,54,1252,55,15475,56,8206,57,5984,58,20,53.5
2026-04-17 10:20:08 PM,KXWTAMATCH-26APR18SVIMUC-SVI,53,2712,52,3032,51,10665,50,6109,49,1389,54,1252,55,15475,56,8206,57,5984,58,20,53.5
2026-04-17 10:20:08 PM,KXWTAMATCH-26APR18SVIMUC-SVI,53,2712,52,3032,51,10665,50,6109,49,1389,54,1002,55,15475,56,8206,57,5984,58,20,53.5
2026-04-17 10:20:08 PM,KXWTAMATCH-26APR18SVIMUC-SVI,53,2712,52,3032,51,10665,50,6109,49,1389,54,1002,55,15725,56,8206,57,5984,58,20,53.5
2026-04-17 10:20:22 PM,KXWTAMATCH-26APR18SVIMUC-SVI,53,2712,52,3032,51,10665,50,6109,49,1389,54,609,55,15725,56,8206,57,5984,58,20,53.5
2026-04-17 10:20:22 PM,KXWTAMATCH-26APR18SVIMUC-SVI,53,2712,52,3032,51,10665,50,6109,49,1389,54,559,55,15725,56,8206,57,5984,58,20,53.5
2026-04-17 10:20:22 PM,KXWTAMATCH-26APR18SVIMUC-SVI,53,2712,52,3032,51,10665,50,6109,49,1389,54,519,55,15725,56,8206,57,5984,58,20,53.5
2026-04-17 10:20:22 PM,KXWTAMATCH-26APR18SVIMUC-SVI,53,2712,52,3032,51,10665,50,6109,49,1389,54,514,55,15725,56,8206,57,5984,58,20,53.5
2026-04-17 10:20:22 PM,KXWTAMATCH-26APR18SVIMUC-SVI,53,2712,52,3032,51,10665,50,6109,49,1389,54,465,55,15725,56,8206,57,5984,58,20,53.5
2026-04-17 10:20:22 PM,KXWTAMATCH-26APR18SVIMUC-SVI,53,2908,52,3032,51,10665,50,6109,49,1389,54,465,55,15725,56,8206,57,5984,58,20,53.5
2026-04-17 10:20:22 PM,KXWTAMATCH-26APR18SVIMUC-SVI,53,2908,52,3228,51,10665,50,6109,49,1389,54,465,55,15725,56,8206,57,5984,58,20,53.5
2026-04-17 10:20:23 PM,KXWTAMATCH-26APR18SVIMUC-SVI,53,2933,52,3228,51,10665,50,6109,49,1389,54,465,55,15725,56,8206,57,5984,58,20,53.5
2026-04-17 10:20:24 PM,KXWTAMATCH-26APR18SVIMUC-SVI,53,2933,52,3253,51,10665,50,6109,49,1389,54,465,55,15725,56,8206,57,5984,58,20,53.5
2026-04-17 10:20:25 PM,KXWTAMATCH-26APR18SVIMUC-SVI,53,2953,52,3253,51,10665,50,6109,49,1389,54,465,55,15725,56,8206,57,5984,58,20,53.5
2026-04-17 10:20:25 PM,KXWTAMATCH-26APR18SVIMUC-SVI,53,2953,52,3273,51,10665,50,6109,49,1389,54,465,55,15725,56,8206,57,5984,58,20,53.5
2026-04-17 10:20:26 PM,KXWTAMATCH-26APR18SVIMUC-SVI,53,2977,52,3273,51,10665,50,6109,49,1389,54,465,55,15725,56,8206,57,5984,58,20,53.5
2026-04-17 10:20:26 PM,KXWTAMATCH-26APR18SVIMUC-SVI,53,2977,52,3297,51,10665,50,6109,49,1389,54,465,55,15725,56,8206,57,5984,58,20,53.5
2026-04-17 10:28:56 PM,KXWTAMATCH-26APR18SVIMUC-SVI,53,2977,52,3297,51,10665,50,6109,49,1389,54,387,55,15725,56,8206,57,5984,58,20,53.5
2026-04-17 10:28:57 PM,KXWTAMATCH-26APR18SVIMUC-SVI,53,3016,52,3297,51,10665,50,6109,49,1389,54,387,55,15725,56,8206,57,5984,58,20,53.5
2026-04-17 10:28:57 PM,KXWTAMATCH-26APR18SVIMUC-SVI,53,3016,52,3336,51,10665,50,6109,49,1389,54,387,55,15725,56,8206,57,5984,58,20,53.5
2026-04-17 10:35:52 PM,KXWTAMATCH-26APR18SVIMUC-SVI,53,3016,52,3336,51,10665,50,6109,49,1389,54,379,55,15725,56,8206,57,5984,58,20,53.5
2026-04-17 10:35:52 PM,KXWTAMATCH-26APR18SVIMUC-SVI,53,3020,52,3336,51,10665,50,6109,49,1389,54,379,55,15725,56,8206,57,5984,58,20,53.5
2026-04-17 10:35:52 PM,KXWTAMATCH-26APR18SVIMUC-SVI,53,3020,52,3340,51,10665,50,6109,49,1389,54,379,55,15725,56,8206,57,5984,58,20,53.5
2026-04-17 10:36:35 PM,KXWTAMATCH-26APR18SVIMUC-SVI,53,3020,52,3340,51,10665,50,6109,49,1389,54,335,55,15725,56,8206,57,5984,58,20,53.5
2026-04-17 10:36:35 PM,KXWTAMATCH-26APR18SVIMUC-SVI,53,3042,52,3340,51,10665,50,6109,49,1389,54,335,55,15725,56,8206,57,5984,58,20,53.5
2026-04-17 10:36:36 PM,KXWTAMATCH-26APR18SVIMUC-SVI,53,3042,52,3362,51,10665,50,6109,49,1389,54,335,55,15725,56,8206,57,5984,58,20,53.5
2026-04-17 10:38:51 PM,KXWTAMATCH-26APR18SVIMUC-SVI,53,3042,52,3362,51,10665,50,6109,49,1389,54,109,55,15725,56,8206,57,5984,58,20,53.5
2026-04-17 10:38:51 PM,KXWTAMATCH-26APR18SVIMUC-SVI,53,3042,52,3362,51,10665,50,6109,49,1389,54,89,55,15725,56,8206,57,5984,58,20,53.5
2026-04-17 10:38:51 PM,KXWTAMATCH-26APR18SVIMUC-SVI,53,3042,52,3362,51,10665,50,6109,49,1389,54,86,55,15725,56,8206,57,5984,58,20,53.5
2026-04-17 10:38:51 PM,KXWTAMATCH-26APR18SVIMUC-SVI,53,3042,52,3362,51,10665,50,6109,49,1389,54,279,55,15725,56,8206,57,5984,58,20,53.5
2026-04-17 10:38:52 PM,KXWTAMATCH-26APR18SVIMUC-SVI,53,3042,52,3362,51,10665,50,6109,49,1389,54,228,55,15725,56,8206,57,5984,58,20,53.5
2026-04-17 10:38:54 PM,KXWTAMATCH-26APR18SVIMUC-SVI,53,3167,52,3362,51,10665,50,6109,49,1389,54,228,55,15725,56,8206,57,5984,58,20,53.5
2026-04-17 10:38:54 PM,KXWTAMATCH-26APR18SVIMUC-SVI,53,3167,52,3487,51,10665,50,6109,49,1389,54,228,55,15725,56,8206,57,5984,58,20,53.5
2026-04-17 10:38:55 PM,KXWTAMATCH-26APR18SVIMUC-SVI,53,3167,52,3487,51,10665,50,6109,49,1389,54,279,55,15725,56,8206,57,5984,58,20,53.5
2026-04-17 10:40:19 PM,KXWTAMATCH-26APR18SVIMUC-SVI,53,3267,52,3487,51,10665,50,6109,49,1389,54,279,55,15725,56,8206,57,5984,58,20,53.5
2026-04-17 10:41:18 PM,KXWTAMATCH-26APR18SVIMUC-SVI,53,3267,52,3487,51,10665,50,6109,49,1389,54,279,55,15725,56,10722,57,5984,58,20,53.5
2026-04-17 10:41:18 PM,KXWTAMATCH-26APR18SVIMUC-SVI,53,3267,52,3487,51,10665,50,6109,49,1389,54,279,55,13209,56,10722,57,5984,58,20,53.5
2026-04-17 10:41:18 PM,KXWTAMATCH-26APR18SVIMUC-SVI,53,3267,52,3487,51,10665,50,6109,49,1389,54,279,55,13244,56,10722,57,5984,58,20,53.5
2026-04-17 10:41:27 PM,KXWTAMATCH-26APR18SVIMUC-SVI,53,3267,52,3487,51,10665,50,6109,49,1389,54,279,55,15759,56,10722,57,5984,58,20,53.5
2026-04-17 10:41:28 PM,KXWTAMATCH-26APR18SVIMUC-SVI,53,3267,52,3487,51,10665,50,6109,49,1389,54,279,55,15759,56,8206,57,5984,58,20,53.5
2026-04-17 10:41:31 PM,KXWTAMATCH-26APR18SVIMUC-SVI,53,3267,52,3487,51,10665,50,6109,49,1389,54,279,55,20759,56,8206,57,5984,58,20,53.5
2026-04-17 10:41:31 PM,KXWTAMATCH-26APR18SVIMUC-SVI,53,3267,52,3487,51,10665,50,6109,49,1389,54,279,55,20759,56,8206,57,984,58,20,53.5
2026-04-17 10:43:12 PM,KXWTAMATCH-26APR18SVIMUC-SVI,53,3267,52,3487,51,10665,50,6109,49,989,54,279,55,20759,56,8206,57,984,58,20,53.5
2026-04-17 10:43:40 PM,KXWTAMATCH-26APR18SVIMUC-SVI,53,3267,52,3487,51,10665,50,6109,49,989,54,279,55,20724,56,8206,57,984,58,20,53.5
2026-04-17 10:44:07 PM,KXWTAMATCH-26APR18SVIMUC-SVI,53,3267,52,3487,51,10665,50,6109,49,989,54,254,55,20724,56,8206,57,984,58,20,53.5
2026-04-17 10:44:07 PM,KXWTAMATCH-26APR18SVIMUC-SVI,53,3267,52,3487,51,10665,50,6109,49,989,54,61,55,20724,56,8206,57,984,58,20,53.5
2026-04-17 10:44:07 PM,KXWTAMATCH-26APR18SVIMUC-SVI,53,3267,52,3487,51,10665,50,6109,49,989,54,10,55,20724,56,8206,57,984,58,20,53.5
2026-04-17 10:44:07 PM,KXWTAMATCH-26APR18SVIMUC-SVI,53,3267,52,3487,51,10665,50,6109,49,989,54,10,55,20364,56,8206,57,984,58,20,53.5
2026-04-17 10:44:07 PM,KXWTAMATCH-26APR18SVIMUC-SVI,53,3267,52,3487,51,10665,50,6109,49,989,54,10,55,20107,56,8206,57,984,58,20,53.5
2026-04-17 10:44:07 PM,KXWTAMATCH-26APR18SVIMUC-SVI,53,3267,52,3487,51,10665,50,6109,49,989,54,10,55,20107,56,8245,57,984,58,20,53.5
2026-04-17 10:44:07 PM,KXWTAMATCH-26APR18SVIMUC-SVI,53,3267,52,3487,51,10665,50,6109,49,989,54,10,55,17935,56,8245,57,984,58,20,53.5
2026-04-17 10:44:07 PM,KXWTAMATCH-26APR18SVIMUC-SVI,53,3267,52,3487,51,10665,50,6109,49,989,54,10,55,16908,56,8245,57,984,58,20,53.5
2026-04-17 10:44:07 PM,KXWTAMATCH-26APR18SVIMUC-SVI,53,3267,52,3487,51,10665,50,6109,49,989,54,10,55,16908,56,11445,57,984,58,20,53.5
2026-04-17 10:44:08 PM,KXWTAMATCH-26APR18SVIMUC-SVI,53,3292,52,3487,51,10665,50,6109,49,989,54,10,55,16908,56,11445,57,984,58,20,53.5
2026-04-17 10:44:08 PM,KXWTAMATCH-26APR18SVIMUC-SVI,53,3292,52,3508,51,10665,50,6109,49,989,54,10,55,16908,56,11445,57,984,58,20,53.5
2026-04-17 10:44:08 PM,KXWTAMATCH-26APR18SVIMUC-SVI,53,3292,52,3508,51,10665,50,6088,49,989,54,10,55,16908,56,11445,57,984,58,20,53.5
2026-04-17 10:44:08 PM,KXWTAMATCH-26APR18SVIMUC-SVI,53,3292,52,3533,51,10665,50,6088,49,989,54,10,55,16908,56,11445,57,984,58,20,53.5
2026-04-17 10:45:44 PM,KXWTAMATCH-26APR18SVIMUC-SVI,53,3292,52,3533,51,10665,50,6088,49,989,54,10,55,16905,56,11445,57,984,58,20,53.5
2026-04-17 10:46:56 PM,KXWTAMATCH-26APR18SVIMUC-SVI,53,3292,52,3533,51,10665,50,6088,49,989,54,10,55,16897,56,11445,57,984,58,20,53.5
2026-04-17 10:46:59 PM,KXWTAMATCH-26APR18SVIMUC-SVI,54,1,53,3292,52,3533,51,10665,50,6088,54,10,55,16897,56,11445,57,984,58,20,54.0
2026-04-17 10:47:18 PM,KXWTAMATCH-26APR18SVIMUC-SVI,54,1,53,3292,52,3533,51,10665,50,8603,54,10,55,16897,56,11445,57,984,58,20,54.0
2026-04-17 10:47:18 PM,KXWTAMATCH-26APR18SVIMUC-SVI,54,1,53,3292,52,3533,51,8149,50,8603,54,10,55,16897,56,11445,57,984,58,20,54.0
2026-04-17 10:47:26 PM,KXWTAMATCH-26APR18SVIMUC-SVI,54,1,53,3292,52,3533,51,10664,50,8603,54,10,55,16897,56,11445,57,984,58,20,54.0
2026-04-17 10:47:27 PM,KXWTAMATCH-26APR18SVIMUC-SVI,54,1,53,3292,52,3533,51,10664,50,6088,54,10,55,16897,56,11445,57,984,58,20,54.0
2026-04-17 10:48:05 PM,KXWTAMATCH-26APR18SVIMUC-SVI,54,1,53,3292,52,3533,51,10644,50,6088,54,10,55,16897,56,11445,57,984,58,20,54.0
2026-04-17 10:48:05 PM,KXWTAMATCH-26APR18SVIMUC-SVI,54,1,53,3292,52,3533,51,10639,50,6088,54,10,55,16897,56,11445,57,984,58,20,54.0
2026-04-17 10:48:05 PM,KXWTAMATCH-26APR18SVIMUC-SVI,54,1,53,3292,52,3533,51,10639,50,6088,54,10,55,16897,56,11406,57,984,58,20,54.0
2026-04-17 10:48:05 PM,KXWTAMATCH-26APR18SVIMUC-SVI,54,1,53,3296,52,3533,51,10639,50,6088,54,10,55,16897,56,11406,57,984,58,20,54.0
2026-04-17 10:48:06 PM,KXWTAMATCH-26APR18SVIMUC-SVI,54,1,53,3301,52,3533,51,10639,50,6088,54,10,55,16897,56,11406,57,984,58,20,54.0
2026-04-17 10:48:06 PM,KXWTAMATCH-26APR18SVIMUC-SVI,54,1,53,3301,52,3533,51,10639,50,6088,54,10,55,16897,56,11425,57,984,58,20,54.0
2026-04-17 10:48:06 PM,KXWTAMATCH-26APR18SVIMUC-SVI,54,1,53,3313,52,3533,51,10639,50,6088,54,10,55,16897,56,11425,57,984,58,20,54.0
2026-04-17 10:48:13 PM,KXWTAMATCH-26APR18SVIMUC-SVI,54,1,53,3313,52,3533,51,10639,50,6088,54,10,55,16897,56,9455,57,984,58,20,54.0
2026-04-17 10:48:16 PM,KXWTAMATCH-26APR18SVIMUC-SVI,53,3313,52,3533,51,10639,50,6088,49,989,54,10,55,16897,56,9455,57,984,58,20,53.5
2026-04-17 10:48:16 PM,KXWTAMATCH-26APR18SVIMUC-SVI,53,3313,52,3533,51,10639,50,6088,49,989,54,15,55,16897,56,9455,57,984,58,20,53.5
2026-04-17 10:48:16 PM,KXWTAMATCH-26APR18SVIMUC-SVI,53,3313,52,3533,51,10639,50,6088,49,989,54,118,55,16897,56,9455,57,984,58,20,53.5
2026-04-17 10:48:46 PM,KXWTAMATCH-26APR18SVIMUC-SVI,53,3313,52,3533,51,10639,50,6088,49,989,54,113,55,16897,56,9455,57,984,58,20,53.5
2026-04-17 10:49:20 PM,KXWTAMATCH-26APR18SVIMUC-SVI,53,3313,52,3533,51,10639,50,6088,49,989,54,113,55,16899,56,9455,57,984,58,20,53.5
2026-04-17 10:49:20 PM,KXWTAMATCH-26APR18SVIMUC-SVI,53,3312,52,3533,51,10639,50,6088,49,989,54,113,55,16899,56,9455,57,984,58,20,53.5
2026-04-17 10:49:20 PM,KXWTAMATCH-26APR18SVIMUC-SVI,53,3312,52,3532,51,10639,50,6088,49,989,54,113,55,16899,56,9455,57,984,58,20,53.5
2026-04-17 10:50:19 PM,KXWTAMATCH-26APR18SVIMUC-SVI,53,3312,52,3532,51,10639,50,6088,49,989,54,113,55,16899,56,11727,57,984,58,20,53.5
2026-04-17 10:52:18 PM,KXWTAMATCH-26APR18SVIMUC-SVI,53,3312,52,3532,51,10639,50,8603,49,989,54,113,55,16899,56,11727,57,984,58,20,53.5
2026-04-17 10:52:18 PM,KXWTAMATCH-26APR18SVIMUC-SVI,53,3312,52,3532,51,8124,50,8603,49,989,54,113,55,16899,56,11727,57,984,58,20,53.5
2026-04-17 10:52:30 PM,KXWTAMATCH-26APR18SVIMUC-SVI,53,3312,52,3532,51,10639,50,8603,49,989,54,113,55,16899,56,11727,57,984,58,20,53.5
2026-04-17 10:52:30 PM,KXWTAMATCH-26APR18SVIMUC-SVI,53,3312,52,3532,51,10639,50,6088,49,989,54,113,55,16899,56,11727,57,984,58,20,53.5
2026-04-17 10:52:36 PM,KXWTAMATCH-26APR18SVIMUC-SVI,53,3312,52,3532,51,10639,50,6088,49,989,54,113,55,16899,56,14242,57,984,58,20,53.5
2026-04-17 10:52:36 PM,KXWTAMATCH-26APR18SVIMUC-SVI,53,3312,52,3532,51,10639,50,6088,49,989,54,113,55,14384,56,14242,57,984,58,20,53.5
2026-04-17 10:52:36 PM,KXWTAMATCH-26APR18SVIMUC-SVI,53,3312,52,3532,51,10639,50,6088,49,989,54,113,55,14384,56,11727,57,984,58,20,53.5
2026-04-17 10:52:46 PM,KXWTAMATCH-26APR18SVIMUC-SVI,53,3312,52,3532,51,10639,50,6088,49,989,54,113,55,16899,56,11727,57,984,58,20,53.5
2026-04-17 10:57:18 PM,KXWTAMATCH-26APR18SVIMUC-SVI,53,3312,52,3532,51,10639,50,8603,49,989,54,113,55,16899,56,11727,57,984,58,20,53.5
2026-04-17 10:57:18 PM,KXWTAMATCH-26APR18SVIMUC-SVI,53,3312,52,3532,51,8124,50,8603,49,989,54,113,55,16899,56,11727,57,984,58,20,53.5
2026-04-17 10:57:26 PM,KXWTAMATCH-26APR18SVIMUC-SVI,53,3312,52,3532,51,10639,50,8603,49,989,54,113,55,16899,56,11727,57,984,58,20,53.5
2026-04-17 10:57:27 PM,KXWTAMATCH-26APR18SVIMUC-SVI,53,3312,52,3532,51,10639,50,6088,49,989,54,113,55,16899,56,11727,57,984,58,20,53.5
2026-04-17 10:58:29 PM,KXWTAMATCH-26APR18SVIMUC-SVI,53,3312,52,3532,51,10639,50,6088,49,989,54,113,55,16919,56,11727,57,984,58,20,53.5
2026-04-17 10:58:29 PM,KXWTAMATCH-26APR18SVIMUC-SVI,53,3302,52,3532,51,10639,50,6088,49,989,54,113,55,16919,56,11727,57,984,58,20,53.5
2026-04-17 10:58:29 PM,KXWTAMATCH-26APR18SVIMUC-SVI,53,3302,52,3522,51,10639,50,6088,49,989,54,113,55,16919,56,11727,57,984,58,20,53.5
2026-04-17 10:59:12 PM,KXWTAMATCH-26APR18SVIMUC-SVI,53,3302,52,3522,51,10639,50,6088,49,989,54,113,55,16919,56,14242,57,984,58,20,53.5
2026-04-17 10:59:12 PM,KXWTAMATCH-26APR18SVIMUC-SVI,53,3302,52,3522,51,10639,50,6088,49,989,54,113,55,14404,56,14242,57,984,58,20,53.5
2026-04-17 10:59:27 PM,KXWTAMATCH-26APR18SVIMUC-SVI,53,3302,52,3522,51,10639,50,6088,49,989,54,113,55,16919,56,14242,57,984,58,20,53.5
2026-04-17 10:59:27 PM,KXWTAMATCH-26APR18SVIMUC-SVI,53,3302,52,3522,51,10639,50,6088,49,989,54,113,55,16919,56,11727,57,984,58,20,53.5
2026-04-17 11:00:27 PM,KXWTAMATCH-26APR18SVIMUC-SVI,53,3302,52,3522,51,10639,50,6088,49,989,54,113,55,16919,56,14242,57,984,58,20,53.5
2026-04-17 11:00:27 PM,KXWTAMATCH-26APR18SVIMUC-SVI,53,3302,52,3522,51,10639,50,6088,49,989,54,113,55,14404,56,14242,57,984,58,20,53.5
2026-04-17 11:00:27 PM,KXWTAMATCH-26APR18SVIMUC-SVI,53,3302,52,3522,51,8124,50,6088,49,989,54,113,55,14404,56,14242,57,984,58,20,53.5
2026-04-17 11:00:28 PM,KXWTAMATCH-26APR18SVIMUC-SVI,53,3302,52,3522,51,10639,50,6088,49,989,54,113,55,14404,56,14242,57,984,58,20,53.5
2026-04-17 11:00:35 PM,KXWTAMATCH-26APR18SVIMUC-SVI,53,3302,52,3522,51,10639,50,6088,49,989,54,113,55,16919,56,14242,57,984,58,20,53.5
2026-04-17 11:00:36 PM,KXWTAMATCH-26APR18SVIMUC-SVI,53,3302,52,3522,51,10639,50,6088,49,989,54,113,55,16919,56,11727,57,984,58,20,53.5
2026-04-17 11:02:21 PM,KXWTAMATCH-26APR18SVIMUC-SVI,53,3302,52,3522,51,10639,50,6088,49,989,54,113,55,16932,56,11727,57,984,58,20,53.5
2026-04-17 11:02:21 PM,KXWTAMATCH-26APR18SVIMUC-SVI,53,3296,52,3522,51,10639,50,6088,49,989,54,113,55,16932,56,11727,57,984,58,20,53.5
2026-04-17 11:02:21 PM,KXWTAMATCH-26APR18SVIMUC-SVI,53,3296,52,3516,51,10639,50,6088,49,989,54,113,55,16932,56,11727,57,984,58,20,53.5
2026-04-17 11:03:35 PM,KXWTAMATCH-26APR18SVIMUC-SVI,53,3296,52,3516,51,10639,50,6088,49,989,54,98,55,16932,56,11727,57,984,58,20,53.5
2026-04-17 11:04:03 PM,KXWTAMATCH-26APR18SVIMUC-SVI,53,3296,52,6031,51,10639,50,6088,49,989,54,98,55,16932,56,11727,57,984,58,20,53.5
2026-04-17 11:04:03 PM,KXWTAMATCH-26APR18SVIMUC-SVI,53,3296,52,6031,51,10639,50,6088,49,989,54,98,55,16932,56,14242,57,984,58,20,53.5
2026-04-17 11:04:03 PM,KXWTAMATCH-26APR18SVIMUC-SVI,53,3296,52,6031,51,10639,50,6088,49,989,54,98,55,14417,56,14242,57,984,58,20,53.5
2026-04-17 11:04:03 PM,KXWTAMATCH-26APR18SVIMUC-SVI,53,3296,52,6031,51,10639,50,6088,49,989,54,98,55,14417,56,14243,57,984,58,20,53.5
2026-04-17 11:04:03 PM,KXWTAMATCH-26APR18SVIMUC-SVI,53,3296,52,6031,51,8124,50,6088,49,989,54,98,55,14417,56,14243,57,984,58,20,53.5
2026-04-17 11:04:03 PM,KXWTAMATCH-26APR18SVIMUC-SVI,53,3296,52,6031,51,8124,50,6088,49,989,54,98,55,14417,56,14242,57,984,58,20,53.5
2026-04-17 11:04:04 PM,KXWTAMATCH-26APR18SVIMUC-SVI,53,3296,52,3516,51,8124,50,6088,49,989,54,98,55,14417,56,14242,57,984,58,20,53.5
2026-04-17 11:04:20 PM,KXWTAMATCH-26APR18SVIMUC-SVI,53,3296,52,3516,51,10639,50,6088,49,989,54,98,55,14417,56,14242,57,984,58,20,53.5
2026-04-17 11:04:20 PM,KXWTAMATCH-26APR18SVIMUC-SVI,53,3296,52,3516,51,10639,50,6088,49,989,54,98,55,16932,56,14242,57,984,58,20,53.5
2026-04-17 11:04:20 PM,KXWTAMATCH-26APR18SVIMUC-SVI,53,3296,52,3516,51,10639,50,6088,49,989,54,98,55,16932,56,11727,57,984,58,20,53.5
2026-04-17 11:04:28 PM,KXWTAMATCH-26APR18SVIMUC-SVI,53,3296,52,3516,51,10639,50,6088,49,989,54,98,55,16983,56,11727,57,984,58,20,53.5
2026-04-17 11:04:28 PM,KXWTAMATCH-26APR18SVIMUC-SVI,53,3289,52,3516,51,10639,50,6088,49,989,54,98,55,16983,56,11727,57,984,58,20,53.5
2026-04-17 11:04:28 PM,KXWTAMATCH-26APR18SVIMUC-SVI,53,3271,52,3516,51,10639,50,6088,49,989,54,98,55,16983,56,11727,57,984,58,20,53.5
2026-04-17 11:04:28 PM,KXWTAMATCH-26APR18SVIMUC-SVI,53,3271,52,3509,51,10639,50,6088,49,989,54,98,55,16983,56,11727,57,984,58,20,53.5
2026-04-17 11:04:28 PM,KXWTAMATCH-26APR18SVIMUC-SVI,53,3271,52,3491,51,10639,50,6088,49,989,54,98,55,16983,56,11727,57,984,58,20,53.5
2026-04-17 11:04:29 PM,KXWTAMATCH-26APR18SVIMUC-SVI,53,3271,52,4739,51,10639,50,6088,49,989,54,98,55,16983,56,11727,57,984,58,20,53.5
2026-04-17 11:04:54 PM,KXWTAMATCH-26APR18SVIMUC-SVI,53,3271,52,4739,51,10639,50,6088,49,989,54,72,55,16983,56,11727,57,984,58,20,53.5
2026-04-17 11:05:38 PM,KXWTAMATCH-26APR18SVIMUC-SVI,53,3271,52,4739,51,10639,50,8603,49,989,54,72,55,16983,56,11727,57,984,58,20,53.5
2026-04-17 11:05:38 PM,KXWTAMATCH-26APR18SVIMUC-SVI,53,3271,52,4739,51,8124,50,8603,49,989,54,72,55,16983,56,11727,57,984,58,20,53.5
2026-04-17 11:05:49 PM,KXWTAMATCH-26APR18SVIMUC-SVI,53,3271,52,4739,51,10639,50,8603,49,989,54,72,55,16983,56,11727,57,984,58,20,53.5
2026-04-17 11:05:49 PM,KXWTAMATCH-26APR18SVIMUC-SVI,53,3271,52,4739,51,10639,50,6088,49,989,54,72,55,16983,56,11727,57,984,58,20,53.5
2026-04-17 11:06:24 PM,KXWTAMATCH-26APR18SVIMUC-SVI,53,3271,52,4739,51,10639,50,6088,49,989,54,72,55,17033,56,11727,57,984,58,20,53.5
2026-04-17 11:06:24 PM,KXWTAMATCH-26APR18SVIMUC-SVI,53,3246,52,4739,51,10639,50,6088,49,989,54,72,55,17033,56,11727,57,984,58,20,53.5
2026-04-17 11:06:24 PM,KXWTAMATCH-26APR18SVIMUC-SVI,53,3246,52,4714,51,10639,50,6088,49,989,54,72,55,17033,56,11727,57,984,58,20,53.5
2026-04-17 11:09:12 PM,KXWTAMATCH-26APR18SVIMUC-SVI,53,3246,52,4714,51,10639,50,6088,49,989,54,11,55,17033,56,11727,57,984,58,20,53.5
2026-04-17 11:09:12 PM,KXWTAMATCH-26APR18SVIMUC-SVI,53,3246,52,4714,51,10639,50,6088,49,989,54,11,55,17032,56,11727,57,984,58,20,53.5
2026-04-17 11:10:38 PM,KXWTAMATCH-26APR18SVIMUC-SVI,53,3246,52,4714,51,10639,50,6088,49,989,54,11,55,17032,56,14242,57,984,58,20,53.5
2026-04-17 11:10:38 PM,KXWTAMATCH-26APR18SVIMUC-SVI,53,3246,52,4714,51,10639,50,6088,49,989,54,11,55,14517,56,14242,57,984,58,20,53.5
2026-04-17 11:10:39 PM,KXWTAMATCH-26APR18SVIMUC-SVI,53,3246,52,4714,51,10639,50,6088,49,989,54,11,55,14517,56,14243,57,984,58,20,53.5
2026-04-17 11:10:39 PM,KXWTAMATCH-26APR18SVIMUC-SVI,53,3246,52,4714,51,10639,50,6088,49,989,54,11,55,14517,56,14242,57,984,58,20,53.5
2026-04-17 11:10:40 PM,KXWTAMATCH-26APR18SVIMUC-SVI,53,3246,52,4714,51,10639,50,6088,49,989,54,11,55,14517,56,11727,57,984,58,20,53.5
2026-04-17 11:10:48 PM,KXWTAMATCH-26APR18SVIMUC-SVI,53,3246,52,4714,51,10639,50,6088,49,989,54,11,55,17032,56,11727,57,984,58,20,53.5
2026-04-17 11:10:48 PM,KXWTAMATCH-26APR18SVIMUC-SVI,53,3246,52,4714,51,10639,50,6088,49,989,54,11,55,14517,56,11727,57,984,58,20,53.5
2026-04-17 11:10:59 PM,KXWTAMATCH-26APR18SVIMUC-SVI,53,3246,52,4714,51,10639,50,6088,49,989,54,11,55,17032,56,11727,57,984,58,20,53.5
2026-04-17 11:10:59 PM,KXWTAMATCH-26APR18SVIMUC-SVI,53,3246,52,4714,51,10639,50,6088,49,989,54,11,55,14517,56,11727,57,984,58,20,53.5
2026-04-17 11:11:11 PM,KXWTAMATCH-26APR18SVIMUC-SVI,53,3246,52,4714,51,10639,50,6088,49,989,54,11,55,17032,56,11727,57,984,58,20,53.5
2026-04-17 11:11:12 PM,KXWTAMATCH-26APR18SVIMUC-SVI,53,3246,52,4714,51,10639,50,6088,49,989,54,11,55,14517,56,11727,57,984,58,20,53.5
2026-04-17 11:11:21 PM,KXWTAMATCH-26APR18SVIMUC-SVI,53,3246,52,4714,51,10639,50,6088,49,989,54,11,55,17032,56,11727,57,984,58,20,53.5
2026-04-17 11:11:21 PM,KXWTAMATCH-26APR18SVIMUC-SVI,53,3246,52,4714,51,10639,50,6088,49,989,54,11,55,14517,56,11727,57,984,58,20,53.5
2026-04-17 11:11:36 PM,KXWTAMATCH-26APR18SVIMUC-SVI,53,3246,52,4714,51,10639,50,6088,49,989,54,11,55,17032,56,11727,57,984,58,20,53.5
2026-04-17 11:11:36 PM,KXWTAMATCH-26APR18SVIMUC-SVI,53,3246,52,4714,51,10639,50,8603,49,989,54,11,55,17032,56,11727,57,984,58,20,53.5
2026-04-17 11:11:36 PM,KXWTAMATCH-26APR18SVIMUC-SVI,53,3246,52,4714,51,8124,50,8603,49,989,54,11,55,17032,56,11727,57,984,58,20,53.5
2026-04-17 11:11:44 PM,KXWTAMATCH-26APR18SVIMUC-SVI,53,3246,52,4714,51,8124,50,8603,49,989,54,11,55,17015,56,11727,57,984,58,20,53.5
2026-04-17 11:11:44 PM,KXWTAMATCH-26APR18SVIMUC-SVI,53,3246,52,4714,51,10639,50,8603,49,989,54,11,55,17015,56,11727,57,984,58,20,53.5
2026-04-17 11:11:45 PM,KXWTAMATCH-26APR18SVIMUC-SVI,53,3246,52,4714,51,10639,50,6088,49,989,54,11,55,17015,56,11727,57,984,58,20,53.5
2026-04-17 11:11:59 PM,KXWTAMATCH-26APR18SVIMUC-SVI,53,3246,52,4714,51,10639,50,6088,49,989,54,11,55,17015,56,14242,57,984,58,20,53.5
2026-04-17 11:11:59 PM,KXWTAMATCH-26APR18SVIMUC-SVI,53,3246,52,4714,51,10639,50,6088,49,989,54,11,55,14500,56,14242,57,984,58,20,53.5
2026-04-17 11:11:59 PM,KXWTAMATCH-26APR18SVIMUC-SVI,53,3246,52,4714,51,10639,50,6088,49,989,54,11,55,14500,56,11727,57,984,58,20,53.5
2026-04-17 11:12:08 PM,KXWTAMATCH-26APR18SVIMUC-SVI,53,3246,52,4714,51,10639,50,6088,49,989,54,11,55,17015,56,11727,57,984,58,20,53.5
2026-04-17 11:12:08 PM,KXWTAMATCH-26APR18SVIMUC-SVI,53,3246,52,4714,51,10639,50,6088,49,989,54,11,55,14500,56,11727,57,984,58,20,53.5
2026-04-17 11:12:12 PM,KXWTAMATCH-26APR18SVIMUC-SVI,53,3246,52,4714,51,10639,50,6088,49,989,54,11,55,14257,56,11727,57,984,58,20,53.5
2026-04-17 11:12:12 PM,KXWTAMATCH-26APR18SVIMUC-SVI,53,3246,52,4714,51,10639,50,6088,49,989,54,11,55,13557,56,11727,57,984,58,20,53.5
2026-04-17 11:12:12 PM,KXWTAMATCH-26APR18SVIMUC-SVI,53,3246,52,4714,51,10639,50,6088,49,989,54,11,55,13533,56,11727,57,984,58,20,53.5
2026-04-17 11:12:12 PM,KXWTAMATCH-26APR18SVIMUC-SVI,53,3246,52,4714,51,10639,50,6088,49,989,54,11,55,13438,56,11727,57,984,58,20,53.5
2026-04-17 11:12:12 PM,KXWTAMATCH-26APR18SVIMUC-SVI,53,3246,52,4714,51,10639,50,6088,49,989,54,11,55,13389,56,11727,57,984,58,20,53.5
2026-04-17 11:12:12 PM,KXWTAMATCH-26APR18SVIMUC-SVI,53,3246,52,4714,51,10639,50,6088,49,989,54,11,55,12747,56,11727,57,984,58,20,53.5
2026-04-17 11:12:12 PM,KXWTAMATCH-26APR18SVIMUC-SVI,53,3246,52,4714,51,10639,50,6088,49,989,54,11,55,12747,56,11727,57,1004,58,20,53.5
2026-04-17 11:12:12 PM,KXWTAMATCH-26APR18SVIMUC-SVI,53,3246,52,4714,51,10639,50,6088,49,989,54,11,55,14472,56,11727,57,1004,58,20,53.5
2026-04-17 11:12:22 PM,KXWTAMATCH-26APR18SVIMUC-SVI,53,3246,52,4714,51,10639,50,6088,49,989,54,11,55,14472,56,14242,57,1004,58,20,53.5
2026-04-17 11:12:22 PM,KXWTAMATCH-26APR18SVIMUC-SVI,53,3246,52,4714,51,8124,50,6088,49,989,54,11,55,14472,56,14242,57,1004,58,20,53.5
2026-04-17 11:12:23 PM,KXWTAMATCH-26APR18SVIMUC-SVI,53,3246,52,4714,51,10639,50,6088,49,989,54,11,55,14472,56,14242,57,1004,58,20,53.5
2026-04-17 11:12:31 PM,KXWTAMATCH-26APR18SVIMUC-SVI,53,3246,52,4714,51,8124,50,6088,49,989,54,11,55,14472,56,14242,57,1004,58,20,53.5
2026-04-17 11:12:32 PM,KXWTAMATCH-26APR18SVIMUC-SVI,53,3246,52,4714,51,10639,50,6088,49,989,54,11,55,14472,56,14242,57,1004,58,20,53.5
2026-04-17 11:12:42 PM,KXWTAMATCH-26APR18SVIMUC-SVI,53,3246,52,4714,51,8124,50,6088,49,989,54,11,55,14472,56,14242,57,1004,58,20,53.5
2026-04-17 11:12:42 PM,KXWTAMATCH-26APR18SVIMUC-SVI,53,3246,52,4714,51,10639,50,6088,49,989,54,11,55,14472,56,14242,57,1004,58,20,53.5
2026-04-17 11:13:11 PM,KXWTAMATCH-26APR18SVIMUC-SVI,53,3246,52,7229,51,10639,50,6088,49,989,54,11,55,14472,56,14242,57,1004,58,20,53.5
2026-04-17 11:13:11 PM,KXWTAMATCH-26APR18SVIMUC-SVI,53,3246,52,7229,51,8124,50,6088,49,989,54,11,55,14472,56,14242,57,1004,58,20,53.5
2026-04-17 11:13:24 PM,KXWTAMATCH-26APR18SVIMUC-SVI,53,3246,52,7229,51,10639,50,6088,49,989,54,11,55,14472,56,14242,57,1004,58,20,53.5
2026-04-17 11:13:24 PM,KXWTAMATCH-26APR18SVIMUC-SVI,53,3246,52,4714,51,10639,50,6088,49,989,54,11,55,14472,56,14242,57,1004,58,20,53.5
2026-04-17 11:13:57 PM,KXWTAMATCH-26APR18SVIMUC-SVI,53,3246,52,4714,51,10639,50,6088,49,989,54,11,55,16987,56,14242,57,1004,58,20,53.5
2026-04-17 11:13:57 PM,KXWTAMATCH-26APR18SVIMUC-SVI,53,3246,52,4714,51,10639,50,6088,49,989,54,11,55,17142,56,14242,57,1004,58,20,53.5
2026-04-17 11:13:57 PM,KXWTAMATCH-26APR18SVIMUC-SVI,53,3246,52,4714,51,10639,50,6088,49,989,54,11,55,17142,56,11727,57,1004,58,20,53.5
2026-04-17 11:14:09 PM,KXWTAMATCH-26APR18SVIMUC-SVI,53,3246,52,7229,51,10639,50,6088,49,989,54,11,55,17142,56,11727,57,1004,58,20,53.5
2026-04-17 11:14:09 PM,KXWTAMATCH-26APR18SVIMUC-SVI,53,3246,52,7229,51,10639,50,6088,49,989,54,11,55,17142,56,14242,57,1004,58,20,53.5
2026-04-17 11:14:09 PM,KXWTAMATCH-26APR18SVIMUC-SVI,53,3246,52,7229,51,10639,50,6088,49,989,54,11,55,14627,56,14242,57,1004,58,20,53.5
2026-04-17 11:14:09 PM,KXWTAMATCH-26APR18SVIMUC-SVI,53,3246,52,7229,51,8124,50,6088,49,989,54,11,55,14627,56,14242,57,1004,58,20,53.5
2026-04-17 11:14:19 PM,KXWTAMATCH-26APR18SVIMUC-SVI,53,3246,52,7229,51,10639,50,6088,49,989,54,11,55,14627,56,14242,57,1004,58,20,53.5
2026-04-17 11:14:19 PM,KXWTAMATCH-26APR18SVIMUC-SVI,53,3246,52,4714,51,10639,50,6088,49,989,54,11,55,14627,56,14242,57,1004,58,20,53.5
2026-04-17 11:14:28 PM,KXWTAMATCH-26APR18SVIMUC-SVI,53,3246,52,7229,51,10639,50,6088,49,989,54,11,55,14627,56,14242,57,1004,58,20,53.5
2026-04-17 11:14:28 PM,KXWTAMATCH-26APR18SVIMUC-SVI,53,3246,52,7264,51,10639,50,6088,49,989,54,11,55,14627,56,14242,57,1004,58,20,53.5
2026-04-17 11:14:29 PM,KXWTAMATCH-26APR18SVIMUC-SVI,53,3246,52,7264,51,8124,50,6088,49,989,54,11,55,14627,56,14242,57,1004,58,20,53.5
2026-04-17 11:14:38 PM,KXWTAMATCH-26APR18SVIMUC-SVI,53,3246,52,7264,51,10639,50,6088,49,989,54,11,55,14627,56,14242,57,1004,58,20,53.5
2026-04-17 11:14:38 PM,KXWTAMATCH-26APR18SVIMUC-SVI,53,3246,52,4749,51,10639,50,6088,49,989,54,11,55,14627,56,14242,57,1004,58,20,53.5
2026-04-17 11:14:38 PM,KXWTAMATCH-26APR18SVIMUC-SVI,53,3246,52,4749,51,10639,50,6088,49,989,54,11,55,14662,56,14242,57,1004,58,20,53.5
2026-04-17 11:14:47 PM,KXWTAMATCH-26APR18SVIMUC-SVI,53,3246,52,7264,51,10639,50,6088,49,989,54,11,55,14662,56,14242,57,1004,58,20,53.5
2026-04-17 11:14:47 PM,KXWTAMATCH-26APR18SVIMUC-SVI,53,3246,52,7264,51,8124,50,6088,49,989,54,11,55,14662,56,14242,57,1004,58,20,53.5
2026-04-17 11:14:52 PM,KXWTAMATCH-26APR18SVIMUC-SVI,53,3246,52,4749,51,8124,50,6088,49,989,54,11,55,14662,56,14242,57,1004,58,20,53.5
2026-04-17 11:14:55 PM,KXWTAMATCH-26APR18SVIMUC-SVI,53,3246,52,7264,51,8124,50,6088,49,989,54,11,55,14662,56,14242,57,1004,58,20,53.5
2026-04-17 11:14:55 PM,KXWTAMATCH-26APR18SVIMUC-SVI,53,3246,52,7264,51,8124,50,6088,49,989,54,11,55,9662,56,14242,57,1004,58,20,53.5
2026-04-17 11:14:55 PM,KXWTAMATCH-26APR18SVIMUC-SVI,53,3246,52,7264,51,8124,50,6088,49,989,54,11,55,9662,56,14242,57,3536,58,20,53.5
2026-04-17 11:14:55 PM,KXWTAMATCH-26APR18SVIMUC-SVI,53,3246,52,7264,51,8124,50,6088,49,989,54,11,55,9662,56,14242,57,8536,58,20,53.5
2026-04-17 11:14:55 PM,KXWTAMATCH-26APR18SVIMUC-SVI,53,3246,52,7264,51,8124,50,6088,49,989,54,11,55,9662,56,11727,57,8536,58,20,53.5
2026-04-17 11:14:55 PM,KXWTAMATCH-26APR18SVIMUC-SVI,53,4766,52,7264,51,8124,50,6088,49,989,54,11,55,9662,56,11727,57,8536,58,20,53.5
2026-04-17 11:14:55 PM,KXWTAMATCH-26APR18SVIMUC-SVI,53,4766,52,7264,51,8124,50,6088,49,989,54,11,55,9662,56,11727,57,8536,58,1912,53.5
2026-04-17 11:14:55 PM,KXWTAMATCH-26APR18SVIMUC-SVI,53,4766,52,7264,51,8124,50,6088,49,381,54,11,55,9662,56,11727,57,8536,58,1912,53.5
2026-04-17 11:14:55 PM,KXWTAMATCH-26APR18SVIMUC-SVI,53,4766,52,7264,51,8124,50,5464,49,381,54,11,55,9662,56,11727,57,8536,58,1912,53.5
2026-04-17 11:14:55 PM,KXWTAMATCH-26APR18SVIMUC-SVI,53,4766,52,7264,51,8124,50,5464,49,381,54,11,55,9662,56,11727,57,8177,58,1912,53.5
2026-04-17 11:14:55 PM,KXWTAMATCH-26APR18SVIMUC-SVI,53,4766,52,7264,51,8124,50,5082,49,381,54,11,55,9662,56,11727,57,8177,58,1912,53.5
2026-04-17 11:14:55 PM,KXWTAMATCH-26APR18SVIMUC-SVI,53,4766,52,7264,51,8124,50,5082,49,381,54,11,55,9662,56,10961,57,8177,58,1912,53.5
2026-04-17 11:14:55 PM,KXWTAMATCH-26APR18SVIMUC-SVI,53,4766,52,7264,51,8124,50,5082,49,381,54,11,55,7937,56,10961,57,8177,58,1912,53.5
2026-04-17 11:14:55 PM,KXWTAMATCH-26APR18SVIMUC-SVI,53,4766,52,7264,51,8124,50,5082,48,400,54,11,55,7937,56,10961,57,8177,58,1912,53.5
2026-04-17 11:14:55 PM,KXWTAMATCH-26APR18SVIMUC-SVI,53,4766,52,7264,51,8124,50,5082,48,400,54,11,55,7937,56,10512,57,8177,58,1912,53.5
2026-04-17 11:14:55 PM,KXWTAMATCH-26APR18SVIMUC-SVI,53,4766,52,7264,51,3124,50,5082,48,400,54,11,55,7937,56,10512,57,8177,58,1912,53.5
2026-04-17 11:14:55 PM,KXWTAMATCH-26APR18SVIMUC-SVI,53,4766,52,7264,51,3124,50,82,48,400,54,11,55,7937,56,10512,57,8177,58,1912,53.5
2026-04-17 11:14:55 PM,KXWTAMATCH-26APR18SVIMUC-SVI,53,4766,52,7229,51,3124,50,82,48,400,54,11,55,7937,56,10512,57,8177,58,1912,53.5
2026-04-17 11:14:55 PM,KXWTAMATCH-26APR18SVIMUC-SVI,53,4766,52,6979,51,3124,50,82,48,400,54,11,55,7937,56,10512,57,8177,58,1912,53.5
2026-04-17 11:14:55 PM,KXWTAMATCH-26APR18SVIMUC-SVI,53,5016,52,6979,51,3124,50,82,48,400,54,11,55,7937,56,10512,57,8177,58,1912,53.5
2026-04-17 11:14:55 PM,KXWTAMATCH-26APR18SVIMUC-SVI,53,5016,52,6979,51,3124,50,82,48,400,54,11,55,7687,56,10512,57,8177,58,1912,53.5
2026-04-17 11:14:55 PM,KXWTAMATCH-26APR18SVIMUC-SVI,53,5016,52,6979,51,3124,50,82,48,400,54,11,55,7687,56,10512,57,8177,58,3187,53.5
2026-04-17 11:14:55 PM,KXWTAMATCH-26APR18SVIMUC-SVI,53,6016,52,6979,51,3124,50,82,48,400,54,11,55,7687,56,10512,57,8177,58,3187,53.5
2026-04-17 11:14:55 PM,KXWTAMATCH-26APR18SVIMUC-SVI,53,6016,52,6979,51,3124,50,82,48,400,54,11,55,7687,56,10762,57,8177,58,3187,53.5
2026-04-17 11:14:55 PM,KXWTAMATCH-26APR18SVIMUC-SVI,53,6016,52,6979,51,3124,50,82,48,400,54,11,55,7687,56,5762,57,8177,58,3187,53.5
2026-04-17 11:14:55 PM,KXWTAMATCH-26APR18SVIMUC-SVI,53,6016,52,6979,51,3124,50,82,48,400,54,11,55,7687,56,5762,57,3177,58,3187,53.5
2026-04-17 11:14:55 PM,KXWTAMATCH-26APR18SVIMUC-SVI,53,6016,52,6979,51,3124,50,82,48,400,54,11,55,7652,56,5762,57,3177,58,3187,53.5
2026-04-17 11:14:55 PM,KXWTAMATCH-26APR18SVIMUC-SVI,53,6016,52,6979,51,3124,50,82,48,400,54,11,55,7652,56,3490,57,3177,58,3187,53.5
2026-04-17 11:14:55 PM,KXWTAMATCH-26APR18SVIMUC-SVI,53,6016,52,6979,51,3124,50,82,48,400,54,11,55,7652,56,3490,57,3177,58,5567,53.5
2026-04-17 11:14:55 PM,KXWTAMATCH-26APR18SVIMUC-SVI,53,6016,52,6979,51,3124,50,82,48,400,54,11,55,7652,56,3525,57,3177,58,5567,53.5
2026-04-17 11:14:56 PM,KXWTAMATCH-26APR18SVIMUC-SVI,53,6016,52,6979,51,3124,50,82,48,400,54,11,55,7652,56,3490,57,3177,58,5567,53.5
2026-04-17 11:14:56 PM,KXWTAMATCH-26APR18SVIMUC-SVI,53,6016,52,9033,51,3124,50,82,48,400,54,11,55,7652,56,3490,57,3177,58,5567,53.5
2026-04-17 11:14:58 PM,KXWTAMATCH-26APR18SVIMUC-SVI,53,6016,52,9283,51,3124,50,82,48,400,54,11,55,7652,56,3490,57,3177,58,5567,53.5
2026-04-17 11:14:58 PM,KXWTAMATCH-26APR18SVIMUC-SVI,53,6016,52,14283,51,3124,50,82,48,400,54,11,55,7652,56,3490,57,3177,58,5567,53.5
2026-04-17 11:14:58 PM,KXWTAMATCH-26APR18SVIMUC-SVI,53,6016,52,14283,51,8124,50,82,48,400,54,11,55,7652,56,3490,57,3177,58,5567,53.5
2026-04-17 11:14:58 PM,KXWTAMATCH-26APR18SVIMUC-SVI,53,6016,52,14283,51,8124,50,82,48,400,54,11,55,7652,56,3490,57,3177,58,10567,53.5
2026-04-17 11:14:59 PM,KXWTAMATCH-26APR18SVIMUC-SVI,53,6016,52,14283,51,8124,50,82,48,400,54,11,55,7650,56,3490,57,3177,58,10567,53.5
2026-04-17 11:14:59 PM,KXWTAMATCH-26APR18SVIMUC-SVI,53,6016,52,14283,51,8124,50,82,48,400,54,11,55,7630,56,3490,57,3177,58,10567,53.5
2026-04-17 11:14:59 PM,KXWTAMATCH-26APR18SVIMUC-SVI,53,6016,52,14283,51,8124,50,82,48,400,54,11,55,7617,56,3490,57,3177,58,10567,53.5
2026-04-17 11:14:59 PM,KXWTAMATCH-26APR18SVIMUC-SVI,53,6016,52,14283,51,8124,50,82,48,400,54,11,55,7566,56,3490,57,3177,58,10567,53.5
2026-04-17 11:14:59 PM,KXWTAMATCH-26APR18SVIMUC-SVI,53,6016,52,14283,51,8124,50,82,48,400,54,11,55,7516,56,3490,57,3177,58,10567,53.5
2026-04-17 11:14:59 PM,KXWTAMATCH-26APR18SVIMUC-SVI,53,6016,52,14283,51,8124,50,82,48,400,54,11,55,7516,56,428,57,3177,58,10567,53.5
2026-04-17 11:14:59 PM,KXWTAMATCH-26APR18SVIMUC-SVI,53,6016,52,14283,51,8124,50,82,48,400,54,11,55,7516,56,428,57,6377,58,10567,53.5
2026-04-17 11:15:00 PM,KXWTAMATCH-26APR18SVIMUC-SVI,53,6016,52,12192,51,8124,50,82,48,400,54,11,55,7516,56,428,57,6377,58,10567,53.5
2026-04-17 11:15:00 PM,KXWTAMATCH-26APR18SVIMUC-SVI,53,6016,52,12099,51,8124,50,82,48,400,54,11,55,7516,56,428,57,6377,58,10567,53.5
2026-04-17 11:15:00 PM,KXWTAMATCH-26APR18SVIMUC-SVI,53,6016,52,12090,51,8124,50,82,48,400,54,11,55,7516,56,428,57,6377,58,10567,53.5
2026-04-17 11:15:00 PM,KXWTAMATCH-26APR18SVIMUC-SVI,53,6016,52,12085,51,8124,50,82,48,400,54,11,55,7516,56,428,57,6377,58,10567,53.5
2026-04-17 11:15:00 PM,KXWTAMATCH-26APR18SVIMUC-SVI,53,6016,52,12081,51,8124,50,82,48,400,54,11,55,7516,56,428,57,6377,58,10567,53.5
2026-04-17 11:15:00 PM,KXWTAMATCH-26APR18SVIMUC-SVI,53,6016,52,12072,51,8124,50,82,48,400,54,11,55,7516,56,428,57,6377,58,10567,53.5
2026-04-17 11:15:00 PM,KXWTAMATCH-26APR18SVIMUC-SVI,53,6016,52,11971,51,8124,50,82,48,400,54,11,55,7516,56,428,57,6377,58,10567,53.5
2026-04-17 11:15:00 PM,KXWTAMATCH-26APR18SVIMUC-SVI,53,6016,52,11937,51,8124,50,82,48,400,54,11,55,7516,56,428,57,6377,58,10567,53.5
2026-04-17 11:15:00 PM,KXWTAMATCH-26APR18SVIMUC-SVI,53,6016,52,11920,51,8124,50,82,48,400,54,11,55,7516,56,428,57,6377,58,10567,53.5
2026-04-17 11:15:00 PM,KXWTAMATCH-26APR18SVIMUC-SVI,53,6016,52,11917,51,8124,50,82,48,400,54,11,55,7516,56,428,57,6377,58,10567,53.5
2026-04-17 11:15:00 PM,KXWTAMATCH-26APR18SVIMUC-SVI,53,6016,52,11915,51,8124,50,82,48,400,54,11,55,7516,56,428,57,6377,58,10567,53.5
2026-04-17 11:15:00 PM,KXWTAMATCH-26APR18SVIMUC-SVI,53,6016,52,11871,51,8124,50,82,48,400,54,11,55,7516,56,428,57,6377,58,10567,53.5
2026-04-17 11:15:00 PM,KXWTAMATCH-26APR18SVIMUC-SVI,53,6016,52,11866,51,8124,50,82,48,400,54,11,55,7516,56,428,57,6377,58,10567,53.5
2026-04-17 11:15:00 PM,KXWTAMATCH-26APR18SVIMUC-SVI,53,6016,52,11858,51,8124,50,82,48,400,54,11,55,7516,56,428,57,6377,58,10567,53.5
2026-04-17 11:15:00 PM,KXWTAMATCH-26APR18SVIMUC-SVI,53,6016,52,11854,51,8124,50,82,48,400,54,11,55,7516,56,428,57,6377,58,10567,53.5
2026-04-17 11:15:00 PM,KXWTAMATCH-26APR18SVIMUC-SVI,53,6016,52,11761,51,8124,50,82,48,400,54,11,55,7516,56,428,57,6377,58,10567,53.5
2026-04-17 11:15:00 PM,KXWTAMATCH-26APR18SVIMUC-SVI,53,6016,52,11756,51,8124,50,82,48,400,54,11,55,7516,56,428,57,6377,58,10567,53.5
2026-04-17 11:15:00 PM,KXWTAMATCH-26APR18SVIMUC-SVI,53,6016,52,11746,51,8124,50,82,48,400,54,11,55,7516,56,428,57,6377,58,10567,53.5
2026-04-17 11:15:00 PM,KXWTAMATCH-26APR18SVIMUC-SVI,53,6016,52,11737,51,8124,50,82,48,400,54,11,55,7516,56,428,57,6377,58,10567,53.5
2026-04-17 11:15:00 PM,KXWTAMATCH-26APR18SVIMUC-SVI,53,6016,52,11712,51,8124,50,82,48,400,54,11,55,7516,56,428,57,6377,58,10567,53.5
2026-04-17 11:15:00 PM,KXWTAMATCH-26APR18SVIMUC-SVI,53,6016,52,11710,51,8124,50,82,48,400,54,11,55,7516,56,428,57,6377,58,10567,53.5
2026-04-17 11:15:00 PM,KXWTAMATCH-26APR18SVIMUC-SVI,53,6016,52,11660,51,8124,50,82,48,400,54,11,55,7516,56,428,57,6377,58,10567,53.5
2026-04-17 11:15:00 PM,KXWTAMATCH-26APR18SVIMUC-SVI,53,6016,52,11650,51,8124,50,82,48,400,54,11,55,7516,56,428,57,6377,58,10567,53.5
2026-04-17 11:15:00 PM,KXWTAMATCH-26APR18SVIMUC-SVI,53,6016,52,11642,51,8124,50,82,48,400,54,11,55,7516,56,428,57,6377,58,10567,53.5
2026-04-17 11:15:00 PM,KXWTAMATCH-26APR18SVIMUC-SVI,53,6016,52,11621,51,8124,50,82,48,400,54,11,55,7516,56,428,57,6377,58,10567,53.5
2026-04-17 11:15:00 PM,KXWTAMATCH-26APR18SVIMUC-SVI,53,6016,52,11577,51,8124,50,82,48,400,54,11,55,7516,56,428,57,6377,58,10567,53.5
2026-04-17 11:15:00 PM,KXWTAMATCH-26APR18SVIMUC-SVI,53,6016,52,11381,51,8124,50,82,48,400,54,11,55,7516,56,428,57,6377,58,10567,53.5
2026-04-17 11:15:00 PM,KXWTAMATCH-26APR18SVIMUC-SVI,53,6016,52,11356,51,8124,50,82,48,400,54,11,55,7516,56,428,57,6377,58,10567,53.5
2026-04-17 11:15:00 PM,KXWTAMATCH-26APR18SVIMUC-SVI,53,6016,52,11336,51,8124,50,82,48,400,54,11,55,7516,56,428,57,6377,58,10567,53.5
2026-04-17 11:15:00 PM,KXWTAMATCH-26APR18SVIMUC-SVI,53,6016,52,11312,51,8124,50,82,48,400,54,11,55,7516,56,428,57,6377,58,10567,53.5
2026-04-17 11:15:00 PM,KXWTAMATCH-26APR18SVIMUC-SVI,53,6016,52,11273,51,8124,50,82,48,400,54,11,55,7516,56,428,57,6377,58,10567,53.5
2026-04-17 11:15:00 PM,KXWTAMATCH-26APR18SVIMUC-SVI,53,6016,52,11269,51,8124,50,82,48,400,54,11,55,7516,56,428,57,6377,58,10567,53.5
2026-04-17 11:15:00 PM,KXWTAMATCH-26APR18SVIMUC-SVI,53,6016,52,11247,51,8124,50,82,48,400,54,11,55,7516,56,428,57,6377,58,10567,53.5
2026-04-17 11:15:00 PM,KXWTAMATCH-26APR18SVIMUC-SVI,53,6016,52,11166,51,8124,50,82,48,400,54,11,55,7516,56,428,57,6377,58,10567,53.5
2026-04-17 11:15:00 PM,KXWTAMATCH-26APR18SVIMUC-SVI,54,3131,53,6016,52,11166,51,8124,50,82,54,11,55,7516,56,428,57,6377,58,10567,54.0
2026-04-17 11:15:00 PM,KXWTAMATCH-26APR18SVIMUC-SVI,54,3131,53,6016,52,11166,51,8124,50,82,54,11,55,7516,56,428,57,6377,58,8187,54.0
2026-04-17 11:15:02 PM,KXWTAMATCH-26APR18SVIMUC-SVI,54,3131,53,6016,52,11166,51,8124,50,82,54,11,55,7361,56,428,57,6377,58,8187,54.0
2026-04-17 11:15:02 PM,KXWTAMATCH-26APR18SVIMUC-SVI,54,3131,53,6016,52,11166,51,8124,50,162,54,11,55,7361,56,428,57,6377,58,8187,54.0
2026-04-17 11:15:03 PM,KXWTAMATCH-26APR18SVIMUC-SVI,54,3131,53,8549,52,11166,51,8124,50,162,54,11,55,7361,56,428,57,6377,58,8187,54.0
2026-04-17 11:15:03 PM,KXWTAMATCH-26APR18SVIMUC-SVI,54,4520,53,8549,52,11166,51,8124,50,162,54,11,55,7361,56,428,57,6377,58,8187,54.0
2026-04-17 11:15:03 PM,KXWTAMATCH-26APR18SVIMUC-SVI,54,4520,53,8549,52,8651,51,8124,50,162,54,11,55,7361,56,428,57,6377,58,8187,54.0
2026-04-17 11:15:06 PM,KXWTAMATCH-26APR18SVIMUC-SVI,54,4520,53,8549,52,8651,51,8124,50,162,54,11,55,7361,56,2961,57,6377,58,8187,54.0
2026-04-17 11:15:06 PM,KXWTAMATCH-26APR18SVIMUC-SVI,54,4520,53,6016,52,8651,51,8124,50,162,54,11,55,7361,56,2961,57,6377,58,8187,54.0
2026-04-17 11:15:06 PM,KXWTAMATCH-26APR18SVIMUC-SVI,54,4520,53,6016,52,8651,51,8124,50,162,54,11,55,7361,56,2961,57,3845,58,8187,54.0
2026-04-17 11:15:08 PM,KXWTAMATCH-26APR18SVIMUC-SVI,54,4520,53,6016,52,8651,51,8124,50,162,54,11,55,7361,56,428,57,3845,58,8187,54.0
2026-04-17 11:15:11 PM,KXWTAMATCH-26APR18SVIMUC-SVI,54,4520,53,8550,52,8651,51,8124,50,162,54,11,55,7361,56,428,57,3845,58,8187,54.0
2026-04-17 11:15:15 PM,KXWTAMATCH-26APR18SVIMUC-SVI,54,4520,53,8550,52,8651,51,8124,50,162,54,11,55,7361,56,428,57,6379,58,8187,54.0
2026-04-17 11:15:16 PM,KXWTAMATCH-26APR18SVIMUC-SVI,54,4520,53,6016,52,8651,51,8124,50,162,54,11,55,7361,56,428,57,6379,58,8187,54.0
2026-04-17 11:15:20 PM,KXWTAMATCH-26APR18SVIMUC-SVI,54,4520,53,8551,52,8651,51,8124,50,162,54,11,55,7361,56,428,57,6379,58,8187,54.0
2026-04-17 11:15:21 PM,KXWTAMATCH-26APR18SVIMUC-SVI,54,4693,53,8551,52,8651,51,8124,50,162,54,11,55,7361,56,428,57,6379,58,8187,54.0
2026-04-17 11:15:21 PM,KXWTAMATCH-26APR18SVIMUC-SVI,54,4693,53,8638,52,8651,51,8124,50,162,54,11,55,7361,56,428,57,6379,58,8187,54.0
2026-04-17 11:15:21 PM,KXWTAMATCH-26APR18SVIMUC-SVI,54,4693,53,8638,52,8735,51,8124,50,162,54,11,55,7361,56,428,57,6379,58,8187,54.0
2026-04-17 11:15:21 PM,KXWTAMATCH-26APR18SVIMUC-SVI,54,4693,53,8638,52,8735,51,8124,50,162,54,11,55,7361,56,428,57,6944,58,8187,54.0
2026-04-17 11:15:21 PM,KXWTAMATCH-26APR18SVIMUC-SVI,54,4693,53,8638,52,8735,51,8124,50,162,54,11,55,7361,56,428,57,6944,58,8701,54.0
2026-04-17 11:15:27 PM,KXWTAMATCH-26APR18SVIMUC-SVI,54,4693,53,6103,52,8735,51,8124,50,162,54,11,55,7361,56,428,57,6944,58,8701,54.0
2026-04-17 11:15:28 PM,KXWTAMATCH-26APR18SVIMUC-SVI,54,4693,53,8639,52,8735,51,8124,50,162,54,11,55,7361,56,428,57,6944,58,8701,54.0
2026-04-17 11:15:32 PM,KXWTAMATCH-26APR18SVIMUC-SVI,54,4693,53,8639,52,8735,51,8124,50,180,54,11,55,7361,56,428,57,6944,58,8701,54.0
2026-04-17 11:15:32 PM,KXWTAMATCH-26APR18SVIMUC-SVI,54,4693,53,8639,52,8735,51,8124,50,146,54,11,55,7361,56,428,57,6944,58,8701,54.0
2026-04-17 11:15:32 PM,KXWTAMATCH-26APR18SVIMUC-SVI,54,4693,53,8639,52,8735,51,8124,50,146,54,11,55,7361,56,428,57,6944,58,8894,54.0
2026-04-17 11:15:41 PM,KXWTAMATCH-26APR18SVIMUC-SVI,54,4693,53,8639,52,8735,51,8524,50,146,54,11,55,7361,56,428,57,6944,58,8894,54.0
2026-04-17 11:15:43 PM,KXWTAMATCH-26APR18SVIMUC-SVI,54,4693,53,8639,52,8714,51,8524,50,146,54,11,55,7361,56,428,57,6944,58,8894,54.0
2026-04-17 11:15:43 PM,KXWTAMATCH-26APR18SVIMUC-SVI,54,4693,53,8639,52,8714,51,8524,50,146,54,11,55,7361,56,409,57,6944,58,8894,54.0
2026-04-17 11:15:43 PM,KXWTAMATCH-26APR18SVIMUC-SVI,54,4717,53,8639,52,8714,51,8524,50,146,54,11,55,7361,56,409,57,6944,58,8894,54.0
2026-04-17 11:15:43 PM,KXWTAMATCH-26APR18SVIMUC-SVI,54,4717,53,8639,52,8714,51,8524,50,146,54,11,55,7361,56,409,57,6944,58,8915,54.0
2026-04-17 11:15:43 PM,KXWTAMATCH-26APR18SVIMUC-SVI,54,1586,53,8639,52,8714,51,8524,50,146,54,11,55,7361,56,409,57,6944,58,8915,54.0
2026-04-17 11:15:43 PM,KXWTAMATCH-26APR18SVIMUC-SVI,54,1586,53,8639,52,11845,51,8524,50,146,54,11,55,7361,56,409,57,6944,58,8915,54.0
2026-04-17 11:15:47 PM,KXWTAMATCH-26APR18SVIMUC-SVI,54,1586,53,8639,52,11845,51,8524,50,146,54,11,55,7361,56,5409,57,6944,58,8915,54.0
2026-04-17 11:15:47 PM,KXWTAMATCH-26APR18SVIMUC-SVI,54,1586,53,8639,52,11845,51,8524,50,146,54,11,55,7361,56,5409,57,11944,58,8915,54.0
2026-04-17 11:15:47 PM,KXWTAMATCH-26APR18SVIMUC-SVI,54,1586,53,8639,52,11845,51,8524,50,146,54,11,55,7361,56,5409,57,11944,58,3915,54.0
2026-04-17 11:15:49 PM,KXWTAMATCH-26APR18SVIMUC-SVI,54,1586,53,8639,52,8714,51,8524,50,146,54,11,55,7361,56,5409,57,11944,58,3915,54.0
2026-04-17 11:15:49 PM,KXWTAMATCH-26APR18SVIMUC-SVI,54,4717,53,8639,52,8714,51,8524,50,146,54,11,55,7361,56,5409,57,11944,58,3915,54.0
2026-04-17 11:15:50 PM,KXWTAMATCH-26APR18SVIMUC-SVI,54,4717,53,9189,52,8714,51,8524,50,146,54,11,55,7361,56,5409,57,11944,58,3915,54.0
2026-04-17 11:15:51 PM,KXWTAMATCH-26APR18SVIMUC-SVI,54,4717,53,9189,52,8714,51,8524,50,146,54,11,55,7361,56,5444,57,11944,58,3915,54.0
2026-04-17 11:16:00 PM,KXWTAMATCH-26APR18SVIMUC-SVI,54,7254,53,9189,52,8714,51,8524,50,146,54,11,55,7361,56,5444,57,11944,58,3915,54.0
2026-04-17 11:16:00 PM,KXWTAMATCH-26APR18SVIMUC-SVI,54,7254,53,9189,52,8714,51,8524,50,146,54,11,55,7361,56,5444,57,11944,58,6452,54.0
2026-04-17 11:16:00 PM,KXWTAMATCH-26APR18SVIMUC-SVI,54,7254,53,9189,52,8714,51,8524,50,146,54,11,55,7361,56,5444,57,9410,58,6452,54.0
2026-04-17 11:16:00 PM,KXWTAMATCH-26APR18SVIMUC-SVI,54,7254,53,6653,52,8714,51,8524,50,146,54,11,55,7361,56,5444,57,9410,58,6452,54.0
2026-04-17 11:16:02 PM,KXWTAMATCH-26APR18SVIMUC-SVI,54,4717,53,6653,52,8714,51,8524,50,146,54,11,55,7361,56,5444,57,9410,58,6452,54.0
2026-04-17 11:16:05 PM,KXWTAMATCH-26APR18SVIMUC-SVI,54,4717,53,6653,52,8464,51,8524,50,146,54,11,55,7361,56,5444,57,9410,58,6452,54.0
2026-04-17 11:16:10 PM,KXWTAMATCH-26APR18SVIMUC-SVI,54,4717,53,9190,52,8464,51,8524,50,146,54,11,55,7361,56,5444,57,9410,58,6452,54.0
2026-04-17 11:16:10 PM,KXWTAMATCH-26APR18SVIMUC-SVI,54,4717,53,9190,52,8464,51,8524,50,121,54,11,55,7361,56,5444,57,9410,58,6452,54.0
2026-04-17 11:16:10 PM,KXWTAMATCH-26APR18SVIMUC-SVI,54,4717,53,9190,52,8464,51,8524,50,103,54,11,55,7361,56,5444,57,9410,58,6452,54.0
2026-04-17 11:16:10 PM,KXWTAMATCH-26APR18SVIMUC-SVI,54,4717,53,9190,52,8464,51,8683,50,103,54,11,55,7361,56,5444,57,9410,58,6452,54.0
2026-04-17 11:16:10 PM,KXWTAMATCH-26APR18SVIMUC-SVI,54,4717,53,9190,52,8464,51,8683,50,23,54,11,55,7361,56,5444,57,9410,58,6452,54.0
2026-04-17 11:16:10 PM,KXWTAMATCH-26APR18SVIMUC-SVI,54,4717,53,9190,52,8464,51,8683,50,5,54,11,55,7361,56,5444,57,9410,58,6452,54.0
2026-04-17 11:16:10 PM,KXWTAMATCH-26APR18SVIMUC-SVI,54,4717,53,9190,52,8464,51,8683,40,8,54,11,55,7361,56,5444,57,9410,58,6452,54.0
2026-04-17 11:16:27 PM,KXWTAMATCH-26APR18SVIMUC-SVI,54,4717,53,9190,52,8464,51,8683,40,8,54,11,55,7361,56,5409,57,9410,58,6452,54.0
2026-04-17 11:16:44 PM,KXWTAMATCH-26APR18SVIMUC-SVI,54,4717,53,9190,52,8464,51,8683,40,8,54,11,55,7361,56,5409,57,9410,58,3915,54.0
2026-04-17 11:16:46 PM,KXWTAMATCH-26APR18SVIMUC-SVI,54,4717,53,9190,52,8464,51,8683,40,8,54,11,55,7361,56,5409,57,9410,58,6452,54.0
2026-04-17 11:16:47 PM,KXWTAMATCH-26APR18SVIMUC-SVI,54,4717,53,9190,52,8464,51,8662,40,8,54,11,55,7361,56,5409,57,9410,58,6452,54.0
2026-04-17 11:16:48 PM,KXWTAMATCH-26APR18SVIMUC-SVI,54,4717,53,9190,52,8464,51,8662,40,8,54,11,55,7361,56,5388,57,9410,58,6452,54.0
2026-04-17 11:17:01 PM,KXWTAMATCH-26APR18SVIMUC-SVI,54,4717,53,9190,52,8464,51,8662,40,8,54,11,55,7361,56,5388,57,9410,58,3915,54.0
2026-04-17 11:17:25 PM,KXWTAMATCH-26APR18SVIMUC-SVI,54,4717,53,9190,52,8464,51,8662,40,8,54,11,55,7361,56,5388,57,9410,58,6452,54.0
2026-04-17 11:17:25 PM,KXWTAMATCH-26APR18SVIMUC-SVI,54,4717,53,9190,52,8464,51,8662,40,8,54,11,55,7361,56,388,57,9410,58,6452,54.0
2026-04-17 11:17:25 PM,KXWTAMATCH-26APR18SVIMUC-SVI,54,4717,53,9190,52,8464,51,8662,40,8,54,11,55,7361,56,388,57,4410,58,6452,54.0
2026-04-17 11:17:25 PM,KXWTAMATCH-26APR18SVIMUC-SVI,54,4717,53,9190,52,8464,51,8662,40,8,54,11,55,7361,56,388,57,4410,58,11452,54.0
2026-04-17 11:17:26 PM,KXWTAMATCH-26APR18SVIMUC-SVI,54,4717,53,9190,52,11001,51,8662,40,8,54,11,55,7361,56,388,57,4410,58,11452,54.0
2026-04-17 11:17:26 PM,KXWTAMATCH-26APR18SVIMUC-SVI,54,4717,53,6653,52,11001,51,8662,40,8,54,11,55,7361,56,388,57,4410,58,11452,54.0
2026-04-17 11:17:33 PM,KXWTAMATCH-26APR18SVIMUC-SVI,54,4717,53,6653,52,11001,51,8662,40,8,54,11,55,7361,56,388,57,6948,58,11452,54.0
2026-04-17 11:17:33 PM,KXWTAMATCH-26APR18SVIMUC-SVI,54,4717,53,6653,52,11001,51,8662,40,8,54,11,55,7361,56,5388,57,6948,58,11452,54.0
2026-04-17 11:17:33 PM,KXWTAMATCH-26APR18SVIMUC-SVI,54,4717,53,6653,52,11001,51,8662,40,8,54,11,55,7361,56,5388,57,11948,58,11452,54.0
2026-04-17 11:17:33 PM,KXWTAMATCH-26APR18SVIMUC-SVI,54,4717,53,6653,52,11001,51,8662,40,8,54,11,55,7361,56,5388,57,11948,58,6452,54.0
2026-04-17 11:17:35 PM,KXWTAMATCH-26APR18SVIMUC-SVI,54,4717,53,9191,52,11001,51,8662,40,8,54,11,55,7361,56,5388,57,11948,58,6452,54.0
2026-04-17 11:17:35 PM,KXWTAMATCH-26APR18SVIMUC-SVI,54,4717,53,9191,52,11001,51,8662,40,8,54,11,55,7361,56,5388,57,11948,58,3915,54.0
2026-04-17 11:17:35 PM,KXWTAMATCH-26APR18SVIMUC-SVI,54,4717,53,9191,52,8464,51,8662,40,8,54,11,55,7361,56,5388,57,11948,58,3915,54.0
2026-04-17 11:17:44 PM,KXWTAMATCH-26APR18SVIMUC-SVI,54,4717,53,9191,52,8464,51,8662,40,8,54,11,55,7361,56,5388,57,11948,58,6453,54.0
2026-04-17 11:17:44 PM,KXWTAMATCH-26APR18SVIMUC-SVI,54,4717,53,9191,52,8464,51,8662,40,8,54,11,55,7361,56,5388,57,9410,58,6453,54.0
2026-04-17 11:17:45 PM,KXWTAMATCH-26APR18SVIMUC-SVI,54,4717,53,9191,52,8464,51,8662,40,8,54,11,55,7361,56,388,57,9410,58,6453,54.0
2026-04-17 11:17:45 PM,KXWTAMATCH-26APR18SVIMUC-SVI,54,4717,53,9191,52,8464,51,8662,40,8,54,11,55,7361,56,388,57,9410,58,11453,54.0
2026-04-17 11:17:52 PM,KXWTAMATCH-26APR18SVIMUC-SVI,54,4717,53,9191,52,8464,51,8662,40,8,54,11,55,7386,56,388,57,9410,58,11453,54.0
2026-04-17 11:17:55 PM,KXWTAMATCH-26APR18SVIMUC-SVI,54,4717,53,9191,52,8464,51,8662,40,8,54,11,55,7386,56,388,57,11948,58,11453,54.0
2026-04-17 11:17:55 PM,KXWTAMATCH-26APR18SVIMUC-SVI,54,4717,53,9191,52,8464,51,8662,40,8,54,11,55,7386,56,388,57,11948,58,8915,54.0
2026-04-17 11:18:03 PM,KXWTAMATCH-26APR18SVIMUC-SVI,54,4717,53,9191,52,8464,51,8662,40,8,54,11,55,7386,56,5388,57,11948,58,8915,54.0
2026-04-17 11:18:03 PM,KXWTAMATCH-26APR18SVIMUC-SVI,54,4717,53,9191,52,8464,51,8662,40,8,54,11,55,7386,56,5388,57,11948,58,3915,54.0
2026-04-17 11:18:04 PM,KXWTAMATCH-26APR18SVIMUC-SVI,54,4717,53,9191,52,8464,51,8662,40,8,54,11,55,7386,56,5388,57,11948,58,6453,54.0
2026-04-17 11:18:04 PM,KXWTAMATCH-26APR18SVIMUC-SVI,54,4717,53,6653,52,8464,51,8662,40,8,54,11,55,7386,56,5388,57,11948,58,6453,54.0
2026-04-17 11:18:04 PM,KXWTAMATCH-26APR18SVIMUC-SVI,54,4717,53,6653,52,8464,51,8662,40,8,54,11,55,7386,56,5388,57,9410,58,6453,54.0
2026-04-17 11:18:04 PM,KXWTAMATCH-26APR18SVIMUC-SVI,54,4717,53,9191,52,8464,51,8662,40,8,54,11,55,7386,56,5388,57,9410,58,6453,54.0
2026-04-17 11:18:05 PM,KXWTAMATCH-26APR18SVIMUC-SVI,54,4717,53,9191,52,8464,51,8662,40,8,54,11,55,7386,56,388,57,9410,58,6453,54.0
2026-04-17 11:18:14 PM,KXWTAMATCH-26APR18SVIMUC-SVI,54,4717,53,9191,52,8464,51,8662,40,8,54,11,55,7386,56,388,57,11948,58,6453,54.0
2026-04-17 11:18:14 PM,KXWTAMATCH-26APR18SVIMUC-SVI,54,4717,53,9191,52,8464,51,8662,40,8,54,11,55,7386,56,388,57,11948,58,11453,54.0
2026-04-17 11:18:15 PM,KXWTAMATCH-26APR18SVIMUC-SVI,54,4717,53,9191,52,8464,51,8662,40,8,54,11,55,7386,56,388,57,11948,58,8915,54.0
2026-04-17 11:18:18 PM,KXWTAMATCH-26APR18SVIMUC-SVI,54,4717,53,9191,52,8464,51,8662,40,8,54,11,55,7386,56,5388,57,11948,58,8915,54.0
2026-04-17 11:18:18 PM,KXWTAMATCH-26APR18SVIMUC-SVI,54,4717,53,9191,52,8464,51,8662,40,8,54,11,55,7386,56,5388,57,11948,58,3915,54.0
2026-04-17 11:18:39 PM,KXWTAMATCH-26APR18SVIMUC-SVI,54,4717,53,9191,52,8464,51,8662,40,8,54,11,55,7361,56,5388,57,11948,58,3915,54.0
2026-04-17 11:18:42 PM,KXWTAMATCH-26APR18SVIMUC-SVI,54,4717,53,9191,52,8464,51,8662,40,8,54,11,55,7361,56,5388,57,11948,58,6453,54.0
2026-04-17 11:18:42 PM,KXWTAMATCH-26APR18SVIMUC-SVI,54,4717,53,9191,52,8464,51,8662,40,8,54,11,55,7361,56,5388,57,9410,58,6453,54.0
2026-04-17 11:18:42 PM,KXWTAMATCH-26APR18SVIMUC-SVI,54,7255,53,9191,52,8464,51,8662,40,8,54,11,55,7361,56,5388,57,9410,58,6453,54.0
2026-04-17 11:18:43 PM,KXWTAMATCH-26APR18SVIMUC-SVI,54,7255,53,6653,52,8464,51,8662,40,8,54,11,55,7361,56,5388,57,9410,58,6453,54.0
2026-04-17 11:18:43 PM,KXWTAMATCH-26APR18SVIMUC-SVI,54,7255,53,6653,52,8464,51,8662,40,8,54,11,55,7361,56,388,57,9410,58,6453,54.0
2026-04-17 11:18:43 PM,KXWTAMATCH-26APR18SVIMUC-SVI,54,7255,53,6653,52,8464,51,8662,40,8,54,11,55,7361,56,388,57,9410,58,11453,54.0
2026-04-17 11:18:44 PM,KXWTAMATCH-26APR18SVIMUC-SVI,54,4717,53,6653,52,8464,51,8662,40,8,54,11,55,7361,56,388,57,9410,58,11453,54.0
2026-04-17 11:18:57 PM,KXWTAMATCH-26APR18SVIMUC-SVI,54,4717,53,9191,52,8464,51,8662,40,8,54,11,55,7361,56,388,57,9410,58,11453,54.0
2026-04-17 11:18:57 PM,KXWTAMATCH-26APR18SVIMUC-SVI,54,4717,53,9191,52,8464,51,8662,40,8,54,11,55,7361,56,388,57,11948,58,11453,54.0
2026-04-17 11:18:57 PM,KXWTAMATCH-26APR18SVIMUC-SVI,54,4717,53,9191,52,8464,51,8662,40,8,54,11,55,7361,56,388,57,11948,58,8915,54.0
2026-04-17 11:19:04 PM,KXWTAMATCH-26APR18SVIMUC-SVI,54,4717,53,9191,52,8464,51,8662,40,8,54,11,55,7361,56,388,57,9410,58,8915,54.0
2026-04-17 11:19:04 PM,KXWTAMATCH-26APR18SVIMUC-SVI,54,4717,53,9191,52,8464,51,8662,40,8,54,11,55,7361,56,5388,57,9410,58,8915,54.0
2026-04-17 11:19:04 PM,KXWTAMATCH-26APR18SVIMUC-SVI,54,4717,53,9191,52,8464,51,8662,40,8,54,11,55,7361,56,5388,57,9410,58,3915,54.0
2026-04-17 11:19:05 PM,KXWTAMATCH-26APR18SVIMUC-SVI,54,4717,53,9191,52,8464,51,8662,40,8,54,11,55,7361,56,5388,57,9410,58,6453,54.0
2026-04-17 11:19:06 PM,KXWTAMATCH-26APR18SVIMUC-SVI,54,4717,53,9191,52,8464,51,8662,40,8,54,11,55,7361,56,388,57,9410,58,6453,54.0
2026-04-17 11:22:38 PM,KXWTAMATCH-26APR18SVIMUC-SVI,54,4717,53,9191,52,8464,51,8662,40,8,54,11,55,7354,56,388,57,9410,58,6453,54.0
2026-04-17 11:22:38 PM,KXWTAMATCH-26APR18SVIMUC-SVI,54,4717,53,9191,52,8464,51,8662,40,8,54,11,55,7354,56,388,57,9410,58,11453,54.0
2026-04-17 11:23:05 PM,KXWTAMATCH-26APR18SVIMUC-SVI,54,4717,53,9191,52,8464,51,8688,40,8,54,11,55,7354,56,388,57,9410,58,11453,54.0
2026-04-17 11:23:05 PM,KXWTAMATCH-26APR18SVIMUC-SVI,54,4717,53,9191,52,8464,51,8529,40,8,54,11,55,7354,56,388,57,9410,58,11453,54.0
2026-04-17 11:23:10 PM,KXWTAMATCH-26APR18SVIMUC-SVI,54,4717,53,9191,52,8464,51,8529,40,8,54,11,55,7353,56,388,57,9410,58,11453,54.0
2026-04-17 11:23:30 PM,KXWTAMATCH-26APR18SVIMUC-SVI,54,4717,53,9191,52,8464,51,8529,40,8,54,11,55,6476,56,388,57,9410,58,11453,54.0
2026-04-17 11:23:41 PM,KXWTAMATCH-26APR18SVIMUC-SVI,54,4645,53,9191,52,8464,51,8529,40,8,54,11,55,6476,56,388,57,9410,58,11453,54.0
2026-04-17 11:23:41 PM,KXWTAMATCH-26APR18SVIMUC-SVI,54,4645,53,9191,52,8464,51,8529,40,8,54,11,55,6537,56,388,57,9410,58,11453,54.0
2026-04-17 11:26:11 PM,KXWTAMATCH-26APR18SVIMUC-SVI,54,7183,53,9191,52,8464,51,8529,40,8,54,11,55,6537,56,388,57,9410,58,11453,54.0
2026-04-17 11:26:11 PM,KXWTAMATCH-26APR18SVIMUC-SVI,54,7183,53,14191,52,8464,51,8529,40,8,54,11,55,6537,56,388,57,9410,58,11453,54.0
2026-04-17 11:26:11 PM,KXWTAMATCH-26APR18SVIMUC-SVI,54,7183,53,14191,52,8464,51,3529,40,8,54,11,55,6537,56,388,57,9410,58,11453,54.0
2026-04-17 11:26:11 PM,KXWTAMATCH-26APR18SVIMUC-SVI,54,7183,53,14191,52,8464,51,3609,40,8,54,11,55,6537,56,388,57,9410,58,11453,54.0
2026-04-17 11:26:11 PM,KXWTAMATCH-26APR18SVIMUC-SVI,54,7183,53,13941,52,8464,51,3609,40,8,54,11,55,6537,56,388,57,9410,58,11453,54.0
2026-04-17 11:26:11 PM,KXWTAMATCH-26APR18SVIMUC-SVI,54,7183,53,13941,52,8464,51,3609,40,8,54,11,55,6537,56,388,57,9445,58,11453,54.0
2026-04-17 11:26:11 PM,KXWTAMATCH-26APR18SVIMUC-SVI,54,7183,53,11403,52,8464,51,3609,40,8,54,11,55,6537,56,388,57,9445,58,11453,54.0
2026-04-17 11:26:11 PM,KXWTAMATCH-26APR18SVIMUC-SVI,54,7433,53,11403,52,8464,51,3609,40,8,54,11,55,6537,56,388,57,9445,58,11453,54.0
2026-04-17 11:26:11 PM,KXWTAMATCH-26APR18SVIMUC-SVI,54,7433,53,11403,52,8464,51,3609,40,8,54,11,55,6537,56,138,57,9445,58,11453,54.0
2026-04-17 11:26:11 PM,KXWTAMATCH-26APR18SVIMUC-SVI,54,7433,53,11403,52,8464,51,3609,40,8,54,11,55,6537,56,138,57,9695,58,11453,54.0
2026-04-17 11:26:12 PM,KXWTAMATCH-26APR18SVIMUC-SVI,54,4895,53,11403,52,8464,51,3609,40,8,54,11,55,6537,56,138,57,9695,58,11453,54.0
2026-04-17 11:26:13 PM,KXWTAMATCH-26APR18SVIMUC-SVI,54,4645,53,11403,52,8464,51,3609,40,8,54,11,55,6537,56,138,57,9695,58,11453,54.0
2026-04-17 11:26:13 PM,KXWTAMATCH-26APR18SVIMUC-SVI,54,4645,53,11653,52,8464,51,3609,40,8,54,11,55,6537,56,138,57,9695,58,11453,54.0
2026-04-17 11:26:13 PM,KXWTAMATCH-26APR18SVIMUC-SVI,54,4645,53,11653,52,8464,51,3609,40,8,54,11,55,6537,56,138,57,9445,58,11453,54.0
2026-04-17 11:26:13 PM,KXWTAMATCH-26APR18SVIMUC-SVI,54,4645,53,11653,52,8464,51,3609,40,8,54,11,55,6537,56,388,57,9445,58,11453,54.0
2026-04-17 11:26:19 PM,KXWTAMATCH-26APR18SVIMUC-SVI,54,4645,53,14191,52,8464,51,3609,40,8,54,11,55,6537,56,388,57,9445,58,11453,54.0
2026-04-17 11:26:19 PM,KXWTAMATCH-26APR18SVIMUC-SVI,54,4645,53,13941,52,8464,51,3609,40,8,54,11,55,6537,56,388,57,9445,58,11453,54.0
2026-04-17 11:26:19 PM,KXWTAMATCH-26APR18SVIMUC-SVI,54,4895,53,13941,52,8464,51,3609,40,8,54,11,55,6537,56,388,57,9445,58,11453,54.0
2026-04-17 11:26:19 PM,KXWTAMATCH-26APR18SVIMUC-SVI,54,4895,53,13941,52,8464,51,3609,40,8,54,11,55,6537,56,138,57,9445,58,11453,54.0
2026-04-17 11:26:19 PM,KXWTAMATCH-26APR18SVIMUC-SVI,54,4895,53,13941,52,8464,51,3609,40,8,54,11,55,6537,56,138,57,9695,58,11453,54.0
2026-04-17 11:27:02 PM,KXWTAMATCH-26APR18SVIMUC-SVI,54,4895,53,13941,52,8464,51,3609,40,8,54,11,55,6533,56,138,57,9695,58,11453,54.0
2026-04-17 11:28:22 PM,KXWTAMATCH-26APR18SVIMUC-SVI,54,4895,53,13941,52,8464,51,3609,40,8,54,11,55,6528,56,138,57,9695,58,11453,54.0
2026-04-17 11:28:43 PM,KXWTAMATCH-26APR18SVIMUC-SVI,54,4895,53,13941,52,8464,51,3609,40,8,54,11,55,6528,56,138,57,9660,58,11453,54.0
2026-04-17 11:28:47 PM,KXWTAMATCH-26APR18SVIMUC-SVI,54,4898,53,13941,52,8464,51,3609,40,8,54,11,55,6528,56,138,57,9660,58,11453,54.0
2026-04-17 11:28:52 PM,KXWTAMATCH-26APR18SVIMUC-SVI,54,4898,53,13941,52,8464,51,3609,40,8,54,11,55,6528,56,138,57,9660,58,11433,54.0
2026-04-17 11:32:06 PM,KXWTAMATCH-26APR18SVIMUC-SVI,54,4876,53,13941,52,8464,51,3609,40,8,54,11,55,6528,56,138,57,9660,58,11433,54.0
2026-04-17 11:32:15 PM,KXWTAMATCH-26APR18SVIMUC-SVI,54,4834,53,13941,52,8464,51,3609,40,8,54,11,55,6528,56,138,57,9660,58,11433,54.0
2026-04-17 11:32:15 PM,KXWTAMATCH-26APR18SVIMUC-SVI,54,4834,53,13941,52,8464,51,3609,40,8,54,11,55,6581,56,138,57,9660,58,11433,54.0
2026-04-17 11:33:00 PM,KXWTAMATCH-26APR18SVIMUC-SVI,54,4834,53,13941,52,8464,51,3609,40,8,54,11,55,6562,56,138,57,9660,58,11433,54.0
2026-04-17 11:34:08 PM,KXWTAMATCH-26APR18SVIMUC-SVI,54,4813,53,13941,52,8464,51,3609,40,8,54,11,55,6562,56,138,57,9660,58,11433,54.0
2026-04-17 11:34:10 PM,KXWTAMATCH-26APR18SVIMUC-SVI,54,4797,53,13941,52,8464,51,3609,40,8,54,11,55,6562,56,138,57,9660,58,11433,54.0
2026-04-17 11:34:10 PM,KXWTAMATCH-26APR18SVIMUC-SVI,54,4797,53,13925,52,8464,51,3609,40,8,54,11,55,6562,56,138,57,9660,58,11433,54.0
2026-04-17 11:34:10 PM,KXWTAMATCH-26APR18SVIMUC-SVI,54,4797,53,13925,52,8464,51,3692,40,8,54,11,55,6562,56,138,57,9660,58,11433,54.0
2026-04-17 11:34:10 PM,KXWTAMATCH-26APR18SVIMUC-SVI,54,4797,53,13925,52,8464,51,3692,40,8,54,11,55,6606,56,138,57,9660,58,11433,54.0
2026-04-17 11:34:23 PM,KXWTAMATCH-26APR18SVIMUC-SVI,54,4797,53,13925,52,8464,51,3692,40,8,54,11,55,6343,56,138,57,9660,58,11433,54.0
2026-04-17 11:37:01 PM,KXWTAMATCH-26APR18SVIMUC-SVI,54,4797,53,13925,52,8464,51,3692,40,8,54,11,55,6343,56,138,57,9695,58,11433,54.0
2026-04-17 11:37:17 PM,KXWTAMATCH-26APR18SVIMUC-SVI,54,4797,53,13925,52,8464,51,3692,40,8,54,11,55,6343,56,138,57,12233,58,11433,54.0
2026-04-17 11:37:17 PM,KXWTAMATCH-26APR18SVIMUC-SVI,54,4797,53,13925,52,8464,51,3692,40,8,54,11,55,6343,56,138,57,9695,58,11433,54.0
2026-04-17 11:37:17 PM,KXWTAMATCH-26APR18SVIMUC-SVI,54,4797,53,13925,52,8464,51,3692,40,8,54,11,55,6343,56,138,57,9695,58,8895,54.0
2026-04-17 11:37:26 PM,KXWTAMATCH-26APR18SVIMUC-SVI,54,4797,53,13925,52,8464,51,3692,40,8,54,11,55,6343,56,138,57,9695,58,11433,54.0
2026-04-17 11:37:45 PM,KXWTAMATCH-26APR18SVIMUC-SVI,54,7335,53,13925,52,8464,51,3692,40,8,54,11,55,6343,56,138,57,9695,58,11433,54.0
2026-04-17 11:37:45 PM,KXWTAMATCH-26APR18SVIMUC-SVI,54,7335,53,13925,52,8464,51,3692,40,8,54,11,55,6343,56,138,57,9695,58,11240,54.0
2026-04-17 11:37:45 PM,KXWTAMATCH-26APR18SVIMUC-SVI,54,7335,53,13925,52,8464,51,3692,40,8,54,11,55,6343,56,138,57,4695,58,11240,54.0
2026-04-17 11:37:45 PM,KXWTAMATCH-26APR18SVIMUC-SVI,54,7335,53,13925,52,8568,51,3692,40,8,54,11,55,6343,56,138,57,4695,58,11240,54.0
2026-04-17 11:37:45 PM,KXWTAMATCH-26APR18SVIMUC-SVI,54,7335,53,13925,52,8568,51,3612,40,8,54,11,55,6343,56,138,57,4695,58,11240,54.0
2026-04-17 11:37:45 PM,KXWTAMATCH-26APR18SVIMUC-SVI,54,7335,53,11387,52,8568,51,3612,40,8,54,11,55,6343,56,138,57,4695,58,11240,54.0
2026-04-17 11:37:56 PM,KXWTAMATCH-26APR18SVIMUC-SVI,54,7335,53,13926,52,8568,51,3612,40,8,54,11,55,6343,56,138,57,4695,58,11240,54.0
2026-04-17 11:37:56 PM,KXWTAMATCH-26APR18SVIMUC-SVI,54,7335,53,13926,52,8568,51,3612,40,8,54,11,55,6343,56,138,57,7234,58,11240,54.0
2026-04-17 11:37:56 PM,KXWTAMATCH-26APR18SVIMUC-SVI,54,7335,53,13926,52,8568,51,3612,40,8,54,11,55,6343,56,138,57,12234,58,11240,54.0
2026-04-17 11:37:56 PM,KXWTAMATCH-26APR18SVIMUC-SVI,54,4797,53,13926,52,8568,51,3612,40,8,54,11,55,6343,56,138,57,12234,58,11240,54.0
2026-04-17 11:37:56 PM,KXWTAMATCH-26APR18SVIMUC-SVI,54,4797,53,13926,52,8568,51,3612,40,8,54,11,55,6343,56,138,57,12234,58,8702,54.0
2026-04-17 11:37:58 PM,KXWTAMATCH-26APR18SVIMUC-SVI,54,4797,53,13911,52,8568,51,3612,40,8,54,11,55,6343,56,138,57,12234,58,8702,54.0
2026-04-17 11:37:59 PM,KXWTAMATCH-26APR18SVIMUC-SVI,54,4797,53,13911,52,8568,51,3612,40,8,54,11,55,6343,56,138,57,9695,58,8702,54.0
2026-04-17 11:38:06 PM,KXWTAMATCH-26APR18SVIMUC-SVI,54,4797,53,13911,52,8568,51,3612,40,8,54,11,55,6343,56,138,57,9695,58,11242,54.0
2026-04-17 11:38:54 PM,KXWTAMATCH-26APR18SVIMUC-SVI,54,4797,53,13911,52,8568,51,3612,40,8,54,11,55,6343,56,138,57,9695,58,11435,54.0
2026-04-17 11:38:54 PM,KXWTAMATCH-26APR18SVIMUC-SVI,54,4797,53,11372,52,8568,51,3612,40,8,54,11,55,6343,56,138,57,9695,58,11435,54.0
2026-04-17 11:38:54 PM,KXWTAMATCH-26APR18SVIMUC-SVI,54,7337,53,11372,52,8568,51,3612,40,8,54,11,55,6343,56,138,57,9695,58,11435,54.0
2026-04-17 11:38:54 PM,KXWTAMATCH-26APR18SVIMUC-SVI,54,7337,53,11372,52,8568,51,3612,40,8,54,11,55,6343,56,138,57,4695,58,11435,54.0
2026-04-17 11:38:54 PM,KXWTAMATCH-26APR18SVIMUC-SVI,54,7087,53,11372,52,8568,51,3612,40,8,54,11,55,6343,56,138,57,4695,58,11435,54.0
2026-04-17 11:38:54 PM,KXWTAMATCH-26APR18SVIMUC-SVI,54,7087,53,11622,52,8568,51,3612,40,8,54,11,55,6343,56,138,57,4695,58,11435,54.0
2026-04-17 11:38:54 PM,KXWTAMATCH-26APR18SVIMUC-SVI,54,7087,53,11622,52,8568,51,3612,40,8,54,11,55,6343,56,138,57,4445,58,11435,54.0
2026-04-17 11:38:54 PM,KXWTAMATCH-26APR18SVIMUC-SVI,54,7087,53,11622,52,8568,51,3612,40,8,54,11,55,6343,56,388,57,4445,58,11435,54.0
2026-04-17 11:38:55 PM,KXWTAMATCH-26APR18SVIMUC-SVI,54,7087,53,11372,52,8568,51,3612,40,8,54,11,55,6343,56,388,57,4445,58,11435,54.0
2026-04-17 11:38:55 PM,KXWTAMATCH-26APR18SVIMUC-SVI,54,7337,53,11372,52,8568,51,3612,40,8,54,11,55,6343,56,388,57,4445,58,11435,54.0
2026-04-17 11:38:55 PM,KXWTAMATCH-26APR18SVIMUC-SVI,54,7337,53,11372,52,8568,51,3612,40,8,54,11,55,6343,56,138,57,4445,58,11435,54.0
2026-04-17 11:38:55 PM,KXWTAMATCH-26APR18SVIMUC-SVI,54,7337,53,11372,52,8568,51,3612,40,8,54,11,55,6343,56,138,57,4695,58,11435,54.0
2026-04-17 11:39:48 PM,KXWTAMATCH-26APR18SVIMUC-SVI,54,7337,53,11372,52,8464,51,3612,40,8,54,11,55,6343,56,138,57,4695,58,11435,54.0
2026-04-17 11:39:48 PM,KXWTAMATCH-26APR18SVIMUC-SVI,54,7337,53,11372,52,8464,51,3612,40,8,54,11,55,6343,56,138,57,9695,58,11435,54.0
2026-04-17 11:39:48 PM,KXWTAMATCH-26APR18SVIMUC-SVI,54,7337,53,11372,52,8464,51,3586,40,8,54,11,55,6343,56,138,57,9695,58,11435,54.0
2026-04-17 11:39:48 PM,KXWTAMATCH-26APR18SVIMUC-SVI,54,7337,53,11508,52,8464,51,3586,40,8,54,11,55,6343,56,138,57,9695,58,11435,54.0
2026-04-17 11:40:58 PM,KXWTAMATCH-26APR18SVIMUC-SVI,54,7337,53,11508,52,8464,51,3586,40,8,54,11,55,6343,56,138,57,9660,58,11435,54.0
2026-04-17 11:43:14 PM,KXWTAMATCH-26APR18SVIMUC-SVI,54,7337,53,11508,52,8464,51,3586,40,8,54,11,55,6343,56,138,57,4660,58,11435,54.0
2026-04-17 11:43:15 PM,KXWTAMATCH-26APR18SVIMUC-SVI,54,7337,53,11513,52,8464,51,3586,40,8,54,11,55,6343,56,138,57,4660,58,11435,54.0
2026-04-17 11:43:15 PM,KXWTAMATCH-26APR18SVIMUC-SVI,54,7337,53,11377,52,8464,51,3586,40,8,54,11,55,6343,56,138,57,4660,58,11435,54.0
2026-04-17 11:43:16 PM,KXWTAMATCH-26APR18SVIMUC-SVI,54,7337,53,11372,52,8464,51,3586,40,8,54,11,55,6343,56,138,57,4660,58,11435,54.0
2026-04-17 11:43:16 PM,KXWTAMATCH-26APR18SVIMUC-SVI,54,7337,53,11372,52,8603,51,3586,40,8,54,11,55,6343,56,138,57,4660,58,11435,54.0
2026-04-17 11:43:18 PM,KXWTAMATCH-26APR18SVIMUC-SVI,54,7337,53,11372,52,8464,51,3586,40,8,54,11,55,6343,56,138,57,4660,58,11435,54.0
2026-04-17 11:43:18 PM,KXWTAMATCH-26APR18SVIMUC-SVI,54,7337,53,11508,52,8464,51,3586,40,8,54,11,55,6343,56,138,57,4660,58,11435,54.0
2026-04-17 11:43:57 PM,KXWTAMATCH-26APR18SVIMUC-SVI,54,7337,53,14050,52,8464,51,3586,40,8,54,11,55,6343,56,138,57,4660,58,11435,54.0
2026-04-17 11:43:57 PM,KXWTAMATCH-26APR18SVIMUC-SVI,54,4797,53,14050,52,8464,51,3586,40,8,54,11,55,6343,56,138,57,4660,58,11435,54.0
2026-04-17 11:44:12 PM,KXWTAMATCH-26APR18SVIMUC-SVI,54,7339,53,14050,52,8464,51,3586,40,8,54,11,55,6343,56,138,57,4660,58,11435,54.0
2026-04-17 11:44:12 PM,KXWTAMATCH-26APR18SVIMUC-SVI,54,7339,53,11508,52,8464,51,3586,40,8,54,11,55,6343,56,138,57,4660,58,11435,54.0
2026-04-17 11:44:25 PM,KXWTAMATCH-26APR18SVIMUC-SVI,54,7339,53,11508,52,8464,51,3586,40,8,54,11,55,5724,56,138,57,4660,58,11435,54.0
2026-04-17 11:45:37 PM,KXWTAMATCH-26APR18SVIMUC-SVI,54,7339,53,14050,52,8464,51,3586,40,8,54,11,55,5724,56,138,57,4660,58,11435,54.0
2026-04-17 11:45:37 PM,KXWTAMATCH-26APR18SVIMUC-SVI,54,4797,53,14050,52,8464,51,3586,40,8,54,11,55,5724,56,138,57,4660,58,11435,54.0
2026-04-17 11:45:37 PM,KXWTAMATCH-26APR18SVIMUC-SVI,54,4797,53,11508,52,8464,51,3586,40,8,54,11,55,5724,56,138,57,4660,58,11435,54.0
2026-04-17 11:45:47 PM,KXWTAMATCH-26APR18SVIMUC-SVI,54,7339,53,11508,52,8464,51,3586,40,8,54,11,55,5724,56,138,57,4660,58,11435,54.0
2026-04-17 11:47:29 PM,KXWTAMATCH-26APR18SVIMUC-SVI,54,7339,53,11508,52,9464,51,3586,40,8,54,11,55,5724,56,138,57,4660,58,11435,54.0
2026-04-17 11:51:33 PM,KXWTAMATCH-26APR18SVIMUC-SVI,54,7339,53,11508,52,9464,51,3586,40,8,54,11,55,5707,56,138,57,4660,58,11435,54.0
2026-04-17 11:53:06 PM,KXWTAMATCH-26APR18SVIMUC-SVI,54,7339,53,11452,52,9464,51,3586,40,8,54,11,55,5707,56,138,57,4660,58,11435,54.0
2026-04-17 11:53:06 PM,KXWTAMATCH-26APR18SVIMUC-SVI,54,7339,53,11452,52,9412,51,3586,40,8,54,11,55,5707,56,138,57,4660,58,11435,54.0
2026-04-17 11:53:06 PM,KXWTAMATCH-26APR18SVIMUC-SVI,54,7339,53,11452,52,9412,51,3586,50,81,54,11,55,5707,56,138,57,4660,58,11435,54.0
2026-04-17 11:53:06 PM,KXWTAMATCH-26APR18SVIMUC-SVI,54,7339,53,11452,52,9412,51,3586,50,81,54,11,55,5809,56,138,57,4660,58,11435,54.0
2026-04-17 11:54:14 PM,KXWTAMATCH-26APR18SVIMUC-SVI,54,7339,53,11452,52,9412,51,3586,50,1036,54,11,55,5809,56,138,57,4660,58,11435,54.0
2026-04-17 11:55:03 PM,KXWTAMATCH-26APR18SVIMUC-SVI,54,7339,53,11452,52,9380,51,3586,50,1036,54,11,55,5809,56,138,57,4660,58,11435,54.0
2026-04-17 11:55:03 PM,KXWTAMATCH-26APR18SVIMUC-SVI,54,7339,53,11452,52,9380,51,3517,50,1036,54,11,55,5809,56,138,57,4660,58,11435,54.0
2026-04-17 11:55:03 PM,KXWTAMATCH-26APR18SVIMUC-SVI,54,7339,53,11452,52,9380,51,3517,50,1036,54,11,55,5889,56,138,57,4660,58,11435,54.0
2026-04-18 12:00:12 AM,KXWTAMATCH-26APR18SVIMUC-SVI,54,7349,53,11452,52,9380,51,3517,50,1036,54,11,55,5889,56,138,57,4660,58,11435,54.0
2026-04-18 12:00:13 AM,KXWTAMATCH-26APR18SVIMUC-SVI,54,7349,53,11452,52,9380,51,3517,50,1036,54,11,55,5889,56,138,57,4660,58,11445,54.0
2026-04-18 12:00:38 AM,KXWTAMATCH-26APR18SVIMUC-SVI,54,7349,53,11452,52,9380,51,3517,50,1036,54,11,55,5889,56,138,57,4660,58,12363,54.0
2026-04-18 12:00:58 AM,KXWTAMATCH-26APR18SVIMUC-SVI,54,7349,53,11452,52,9381,51,3517,50,1036,54,11,55,5889,56,138,57,4660,58,12363,54.0
2026-04-18 12:00:58 AM,KXWTAMATCH-26APR18SVIMUC-SVI,54,7349,53,11452,52,9381,51,3518,50,1036,54,11,55,5889,56,138,57,4660,58,12363,54.0
2026-04-18 12:02:16 AM,KXWTAMATCH-26APR18SVIMUC-SVI,54,7349,53,11452,52,9381,51,3518,50,1036,54,11,55,5889,56,138,57,4660,58,13851,54.0
2026-04-18 12:02:35 AM,KXWTAMATCH-26APR18SVIMUC-SVI,54,7349,53,11452,52,9381,51,3518,50,1036,54,11,55,5451,56,138,57,4660,58,13851,54.0
2026-04-18 12:04:45 AM,KXWTAMATCH-26APR18SVIMUC-SVI,54,7349,53,11452,52,9381,51,3518,50,1036,54,11,55,5451,56,138,57,4660,58,12363,54.0
2026-04-18 12:04:45 AM,KXWTAMATCH-26APR18SVIMUC-SVI,54,7349,53,11452,52,9381,51,3518,50,1036,54,11,55,5451,56,138,57,4660,58,13851,54.0
2026-04-18 12:05:23 AM,KXWTAMATCH-26APR18SVIMUC-SVI,54,7349,53,11452,52,9381,51,3518,50,1036,54,11,55,5451,56,138,57,4660,58,12933,54.0
2026-04-18 12:05:23 AM,KXWTAMATCH-26APR18SVIMUC-SVI,54,7349,53,11452,52,9381,51,3518,50,1036,54,11,55,5451,56,138,57,4660,58,13838,54.0
2026-04-18 12:05:23 AM,KXWTAMATCH-26APR18SVIMUC-SVI,54,7349,53,11452,52,9381,51,3518,50,1036,54,11,55,5451,56,138,57,4695,58,13838,54.0
2026-04-18 12:07:02 AM,KXWTAMATCH-26APR18SVIMUC-SVI,54,7349,53,11452,52,9381,51,3518,50,1036,54,11,55,5451,56,138,57,4695,58,12350,54.0
2026-04-18 12:07:02 AM,KXWTAMATCH-26APR18SVIMUC-SVI,54,7349,53,11452,52,9381,51,3518,50,1036,54,11,55,5451,56,138,57,4695,58,13838,54.0
2026-04-18 12:08:55 AM,KXWTAMATCH-26APR18SVIMUC-SVI,54,7349,53,11452,52,9381,51,3518,50,1036,54,11,55,5451,56,138,57,4695,58,12350,54.0
2026-04-18 12:08:55 AM,KXWTAMATCH-26APR18SVIMUC-SVI,54,7349,53,11452,52,9381,51,3518,50,1036,54,11,55,5451,56,138,57,4695,58,13838,54.0
2026-04-18 12:09:24 AM,KXWTAMATCH-26APR18SVIMUC-SVI,54,7349,53,11452,52,9381,51,3518,50,1036,54,11,55,5451,56,138,57,4660,58,13838,54.0
2026-04-18 12:10:35 AM,KXWTAMATCH-26APR18SVIMUC-SVI,54,7349,53,11452,52,9381,51,3518,50,1036,54,11,55,5451,56,138,57,4660,58,12350,54.0
2026-04-18 12:10:35 AM,KXWTAMATCH-26APR18SVIMUC-SVI,54,7349,53,11452,52,9381,51,3518,50,1036,54,11,55,5451,56,138,57,4660,58,13838,54.0
2026-04-18 12:12:20 AM,KXWTAMATCH-26APR18SVIMUC-SVI,54,7349,53,11452,52,9381,51,3518,50,1036,54,11,55,5451,56,138,57,4660,58,12350,54.0
2026-04-18 12:12:20 AM,KXWTAMATCH-26APR18SVIMUC-SVI,54,7349,53,11452,52,9381,51,3518,50,1036,54,11,55,5451,56,138,57,4660,58,13838,54.0
2026-04-18 12:13:58 AM,KXWTAMATCH-26APR18SVIMUC-SVI,54,7349,53,11452,52,9381,51,3518,50,1036,54,11,55,5451,56,138,57,4660,58,12350,54.0
2026-04-18 12:13:58 AM,KXWTAMATCH-26APR18SVIMUC-SVI,54,7349,53,11452,52,9381,51,3518,50,1036,54,11,55,5451,56,138,57,4660,58,13838,54.0
2026-04-18 12:15:35 AM,KXWTAMATCH-26APR18SVIMUC-SVI,54,7349,53,11452,52,9381,51,3518,50,1036,54,11,55,5157,56,138,57,4660,58,13838,54.0
2026-04-18 12:16:22 AM,KXWTAMATCH-26APR18SVIMUC-SVI,54,7349,53,11452,52,9381,51,3518,50,1036,54,11,55,5157,56,138,57,4660,58,12350,54.0
2026-04-18 12:16:22 AM,KXWTAMATCH-26APR18SVIMUC-SVI,54,7349,53,11452,52,9381,51,3518,50,1036,54,11,55,5157,56,138,57,4660,58,13838,54.0
2026-04-18 12:17:31 AM,KXWTAMATCH-26APR18SVIMUC-SVI,54,7349,53,11452,52,9381,51,3518,50,1036,54,11,55,5155,56,138,57,4660,58,13838,54.0
2026-04-18 12:17:41 AM,KXWTAMATCH-26APR18SVIMUC-SVI,54,7349,53,11452,52,9381,51,3518,50,1036,54,11,55,5155,56,138,57,4695,58,13838,54.0
2026-04-18 12:18:19 AM,KXWTAMATCH-26APR18SVIMUC-SVI,54,7349,53,11452,52,9381,51,3504,50,1036,54,11,55,5155,56,138,57,4695,58,13838,54.0
2026-04-18 12:18:19 AM,KXWTAMATCH-26APR18SVIMUC-SVI,54,7349,53,11452,52,9381,51,3504,50,955,54,11,55,5155,56,138,57,4695,58,13838,54.0
2026-04-18 12:18:19 AM,KXWTAMATCH-26APR18SVIMUC-SVI,54,7349,53,11452,52,9381,51,3504,50,955,54,11,55,5247,56,138,57,4695,58,13838,54.0
2026-04-18 12:18:45 AM,KXWTAMATCH-26APR18SVIMUC-SVI,54,7349,53,11452,52,9381,51,3504,50,955,54,11,55,5247,56,138,57,4695,58,12350,54.0
2026-04-18 12:18:45 AM,KXWTAMATCH-26APR18SVIMUC-SVI,54,7349,53,11452,52,9381,51,3504,50,955,54,11,55,5247,56,138,57,4695,58,13838,54.0
2026-04-18 12:20:33 AM,KXWTAMATCH-26APR18SVIMUC-SVI,54,7349,53,11452,52,9381,51,3504,50,955,54,11,55,5247,56,138,57,4695,58,12350,54.0
2026-04-18 12:20:33 AM,KXWTAMATCH-26APR18SVIMUC-SVI,54,7349,53,11452,52,9381,51,3504,50,955,54,11,55,5247,56,138,57,4695,58,13838,54.0
2026-04-18 12:21:33 AM,KXWTAMATCH-26APR18SVIMUC-SVI,54,7349,53,11452,52,9381,51,3504,50,955,54,11,55,5247,56,138,57,4660,58,13838,54.0
2026-04-18 12:22:20 AM,KXWTAMATCH-26APR18SVIMUC-SVI,54,7349,53,11452,52,9381,51,3504,50,955,54,11,55,5247,56,138,57,4660,58,12350,54.0
2026-04-18 12:22:20 AM,KXWTAMATCH-26APR18SVIMUC-SVI,54,7349,53,11452,52,9381,51,3504,50,955,54,11,55,5247,56,138,57,4660,58,13838,54.0
2026-04-18 12:23:56 AM,KXWTAMATCH-26APR18SVIMUC-SVI,54,7349,53,11452,52,9381,51,3504,50,955,54,11,55,5237,56,138,57,4660,58,13838,54.0
2026-04-18 12:24:18 AM,KXWTAMATCH-26APR18SVIMUC-SVI,54,7349,53,11452,52,9381,51,3504,50,955,54,11,55,5237,56,138,57,4660,58,12350,54.0
2026-04-18 12:24:18 AM,KXWTAMATCH-26APR18SVIMUC-SVI,54,7349,53,11452,52,9381,51,3504,50,955,54,11,55,5237,56,138,57,4660,58,13838,54.0
2026-04-18 12:24:50 AM,KXWTAMATCH-26APR18SVIMUC-SVI,54,7349,53,11452,52,9381,51,3504,50,955,54,11,55,2606,56,138,57,4660,58,13838,54.0
2026-04-18 12:25:56 AM,KXWTAMATCH-26APR18SVIMUC-SVI,54,7349,53,11452,52,9381,51,3504,50,955,54,11,55,2606,56,138,57,4695,58,13838,54.0
2026-04-18 12:26:07 AM,KXWTAMATCH-26APR18SVIMUC-SVI,54,7384,53,11452,52,9381,51,3504,50,955,54,11,55,2606,56,138,57,4695,58,13838,54.0
2026-04-18 12:26:18 AM,KXWTAMATCH-26APR18SVIMUC-SVI,54,7384,53,11452,52,9381,51,3504,50,955,54,11,55,2606,56,138,57,4695,58,12350,54.0
2026-04-18 12:26:18 AM,KXWTAMATCH-26APR18SVIMUC-SVI,54,7384,53,11452,52,9381,51,3504,50,955,54,11,55,2606,56,138,57,4695,58,13838,54.0
2026-04-18 12:27:54 AM,KXWTAMATCH-26APR18SVIMUC-SVI,54,7384,53,11452,52,9381,51,3504,50,955,54,11,55,1725,56,138,57,4695,58,13838,54.0
2026-04-18 12:28:30 AM,KXWTAMATCH-26APR18SVIMUC-SVI,54,7384,53,11452,52,9381,51,3504,50,955,54,11,55,1746,56,138,57,4695,58,13838,54.0
2026-04-18 12:28:34 AM,KXWTAMATCH-26APR18SVIMUC-SVI,54,7384,53,11452,52,9381,51,3504,50,955,54,11,55,1746,56,138,57,4695,58,12350,54.0
2026-04-18 12:28:34 AM,KXWTAMATCH-26APR18SVIMUC-SVI,54,7384,53,11452,52,9381,51,3504,50,955,54,11,55,1746,56,138,57,4695,58,13838,54.0
2026-04-18 12:28:41 AM,KXWTAMATCH-26APR18SVIMUC-SVI,54,7384,53,11452,52,9381,51,3504,50,955,54,11,55,2043,56,138,57,4695,58,13838,54.0
2026-04-18 12:28:46 AM,KXWTAMATCH-26APR18SVIMUC-SVI,54,7384,53,11452,52,9381,51,3504,50,955,54,11,55,1867,56,138,57,4695,58,13838,54.0
2026-04-18 12:29:21 AM,KXWTAMATCH-26APR18SVIMUC-SVI,54,7384,53,11452,52,9381,51,3504,50,955,54,11,55,1943,56,138,57,4695,58,13838,54.0
2026-04-18 12:30:05 AM,KXWTAMATCH-26APR18SVIMUC-SVI,54,7384,53,11452,52,9381,51,3504,50,955,54,11,55,1627,56,138,57,4695,58,13838,54.0
2026-04-18 12:30:18 AM,KXWTAMATCH-26APR18SVIMUC-SVI,54,7384,53,11452,52,9381,51,3504,50,955,54,11,55,1627,56,138,57,4695,58,12350,54.0
2026-04-18 12:30:18 AM,KXWTAMATCH-26APR18SVIMUC-SVI,54,7384,53,11452,52,9381,51,3504,50,955,54,11,55,1627,56,138,57,4695,58,13838,54.0
2026-04-18 12:30:32 AM,KXWTAMATCH-26APR18SVIMUC-SVI,54,7384,53,11452,52,9381,51,3504,50,955,54,11,55,1592,56,138,57,4695,58,13838,54.0
2026-04-18 12:32:38 AM,KXWTAMATCH-26APR18SVIMUC-SVI,54,7384,53,11452,52,9381,51,3504,50,955,54,11,55,1592,56,138,57,4695,58,12350,54.0
2026-04-18 12:32:38 AM,KXWTAMATCH-26APR18SVIMUC-SVI,54,7384,53,11452,52,9381,51,3504,50,955,54,11,55,1592,56,138,57,4695,58,13838,54.0
2026-04-18 12:33:08 AM,KXWTAMATCH-26APR18SVIMUC-SVI,54,7384,53,11452,52,9381,51,3504,50,955,54,11,55,1154,56,138,57,4695,58,13838,54.0
2026-04-18 12:34:36 AM,KXWTAMATCH-26APR18SVIMUC-SVI,54,7384,53,11452,52,9381,51,3504,50,955,54,11,55,1154,56,138,57,4695,58,12350,54.0
2026-04-18 12:34:36 AM,KXWTAMATCH-26APR18SVIMUC-SVI,54,7384,53,11452,52,9381,51,3504,50,955,54,11,55,1154,56,138,57,4695,58,13838,54.0
2026-04-18 12:36:24 AM,KXWTAMATCH-26APR18SVIMUC-SVI,54,7384,53,11452,52,9381,51,3504,50,955,54,11,55,1154,56,138,57,4695,58,15326,54.0
2026-04-18 12:36:24 AM,KXWTAMATCH-26APR18SVIMUC-SVI,54,7384,53,11452,52,9381,51,3504,50,955,54,11,55,1154,56,138,57,4695,58,13838,54.0
2026-04-18 12:37:47 AM,KXWTAMATCH-26APR18SVIMUC-SVI,54,7384,53,11452,52,9381,51,3504,50,955,54,11,55,1154,56,138,57,4660,58,13838,54.0
2026-04-18 12:37:47 AM,KXWTAMATCH-26APR18SVIMUC-SVI,54,7349,53,11452,52,9381,51,3504,50,955,54,11,55,1154,56,138,57,4660,58,13838,54.0
2026-04-18 12:38:40 AM,KXWTAMATCH-26APR18SVIMUC-SVI,54,7349,53,11452,52,9381,51,3504,50,955,54,11,55,1154,56,138,57,4660,58,12350,54.0
2026-04-18 12:38:40 AM,KXWTAMATCH-26APR18SVIMUC-SVI,54,7349,53,11452,52,9381,51,3504,50,955,54,11,55,1154,56,138,57,4660,58,13838,54.0
2026-04-18 12:39:05 AM,KXWTAMATCH-26APR18SVIMUC-SVI,54,7349,53,11452,52,9381,51,3504,50,955,54,11,55,1154,56,138,57,4640,58,13838,54.0
2026-04-18 12:39:05 AM,KXWTAMATCH-26APR18SVIMUC-SVI,54,7349,53,11473,52,9381,51,3504,50,955,54,11,55,1154,56,138,57,4640,58,13838,54.0
2026-04-18 12:39:05 AM,KXWTAMATCH-26APR18SVIMUC-SVI,54,7349,53,11473,52,9381,51,3504,50,955,54,11,55,1154,56,1,57,4640,58,13838,54.0
2026-04-18 12:39:05 AM,KXWTAMATCH-26APR18SVIMUC-SVI,54,7349,53,11473,52,9381,51,3504,50,955,54,11,55,1154,56,1,57,1578,58,13838,54.0
2026-04-18 12:39:05 AM,KXWTAMATCH-26APR18SVIMUC-SVI,54,7349,53,11473,52,9381,51,3504,50,955,54,11,55,1154,56,1,57,1578,58,17038,54.0
2026-04-18 12:39:05 AM,KXWTAMATCH-26APR18SVIMUC-SVI,54,7349,53,11473,52,9381,51,3504,50,955,54,11,55,1154,56,1,57,2494,58,17038,54.0
2026-04-18 12:40:24 AM,KXWTAMATCH-26APR18SVIMUC-SVI,54,7349,53,11473,52,9381,51,3504,50,955,54,11,55,1154,56,1,57,2494,58,15550,54.0
2026-04-18 12:40:24 AM,KXWTAMATCH-26APR18SVIMUC-SVI,54,7349,53,11473,52,9381,51,3504,50,955,54,11,55,1154,56,1,57,2494,58,17038,54.0
2026-04-18 12:40:30 AM,KXWTAMATCH-26APR18SVIMUC-SVI,54,7349,53,11473,52,9381,51,3504,50,955,54,11,55,1128,56,1,57,2494,58,17038,54.0
2026-04-18 12:40:41 AM,KXWTAMATCH-26APR18SVIMUC-SVI,54,7349,53,11473,52,9381,51,3504,50,955,54,11,55,1102,56,1,57,2494,58,17038,54.0
2026-04-18 12:41:31 AM,KXWTAMATCH-26APR18SVIMUC-SVI,54,7325,53,11473,52,9381,51,3504,50,955,54,11,55,1102,56,1,57,2494,58,17038,54.0
2026-04-18 12:41:31 AM,KXWTAMATCH-26APR18SVIMUC-SVI,54,7325,53,11461,52,9381,51,3504,50,955,54,11,55,1102,56,1,57,2494,58,17038,54.0
2026-04-18 12:41:31 AM,KXWTAMATCH-26APR18SVIMUC-SVI,54,7325,53,11456,52,9381,51,3504,50,955,54,11,55,1102,56,1,57,2494,58,17038,54.0
2026-04-18 12:41:31 AM,KXWTAMATCH-26APR18SVIMUC-SVI,54,7325,53,11452,52,9381,51,3504,50,955,54,11,55,1102,56,1,57,2494,58,17038,54.0
2026-04-18 12:41:31 AM,KXWTAMATCH-26APR18SVIMUC-SVI,54,7325,53,11431,52,9381,51,3504,50,955,54,11,55,1102,56,1,57,2494,58,17038,54.0
2026-04-18 12:41:31 AM,KXWTAMATCH-26APR18SVIMUC-SVI,54,7325,53,11431,52,9381,51,3504,50,955,54,11,55,1102,56,1,57,2494,58,17017,54.0
2026-04-18 12:41:31 AM,KXWTAMATCH-26APR18SVIMUC-SVI,54,7350,53,11431,52,9381,51,3504,50,955,54,11,55,1102,56,1,57,2494,58,17017,54.0
2026-04-18 12:41:31 AM,KXWTAMATCH-26APR18SVIMUC-SVI,54,7350,53,11460,52,9381,51,3504,50,955,54,11,55,1102,56,1,57,2494,58,17017,54.0
2026-04-18 12:41:31 AM,KXWTAMATCH-26APR18SVIMUC-SVI,54,7350,53,11460,52,9381,51,3504,50,955,54,11,55,1102,56,1,57,2494,58,17042,54.0
2026-04-18 12:41:31 AM,KXWTAMATCH-26APR18SVIMUC-SVI,54,7350,53,11474,52,9381,51,3504,50,955,54,11,55,1102,56,1,57,2494,58,17042,54.0
2026-04-18 12:41:56 AM,KXWTAMATCH-26APR18SVIMUC-SVI,54,7350,53,11474,52,9381,51,3504,50,955,54,11,55,1102,56,1,57,2494,58,15554,54.0
2026-04-18 12:41:56 AM,KXWTAMATCH-26APR18SVIMUC-SVI,54,7350,53,11474,52,9381,51,3504,50,955,54,11,55,1102,56,1,57,2494,58,17042,54.0
2026-04-18 12:44:23 AM,KXWTAMATCH-26APR18SVIMUC-SVI,54,7350,53,11474,52,9381,51,3504,50,955,54,11,55,1102,56,1,57,2494,58,15554,54.0
