ts_et,ticker,bid_1,bid_1_sz,bid_2,bid_2_sz,bid_3,bid_3_sz,bid_4,bid_4_sz,bid_5,bid_5_sz,ask_1,ask_1_sz,ask_2,ask_2_sz,ask_3,ask_3_sz,ask_4,ask_4_sz,ask_5,ask_5_sz,mid
2026-04-17 09:43:06 PM,KXWTAMATCH-26APR18SVIMUC-MUC,47,64,46,495,45,8806,44,6228,43,926,48,7104,49,10861,50,6175,51,6010,54,120,47.5
2026-04-17 09:43:58 PM,KXWTAMATCH-26APR18SVIMUC-MUC,47,64,46,495,45,8806,44,6228,43,926,48,7104,49,10861,50,8691,51,6010,54,120,47.5
2026-04-17 09:43:58 PM,KXWTAMATCH-26APR18SVIMUC-MUC,47,64,46,495,45,8806,44,6228,43,926,48,7104,49,8345,50,8691,51,6010,54,120,47.5
2026-04-17 09:43:58 PM,KXWTAMATCH-26APR18SVIMUC-MUC,47,64,46,495,45,6290,44,6228,43,926,48,7104,49,8345,50,8691,51,6010,54,120,47.5
2026-04-17 09:43:59 PM,KXWTAMATCH-26APR18SVIMUC-MUC,47,64,46,245,45,6290,44,6228,43,926,48,7104,49,8345,50,8691,51,6010,54,120,47.5
2026-04-17 09:43:59 PM,KXWTAMATCH-26APR18SVIMUC-MUC,47,64,46,245,45,8806,44,6228,43,926,48,7104,49,8345,50,8691,51,6010,54,120,47.5
2026-04-17 09:43:59 PM,KXWTAMATCH-26APR18SVIMUC-MUC,47,64,46,245,45,9056,44,6228,43,926,48,7104,49,8345,50,8691,51,6010,54,120,47.5
2026-04-17 09:43:59 PM,KXWTAMATCH-26APR18SVIMUC-MUC,47,64,46,245,45,9056,44,6228,43,926,48,7104,49,8095,50,8691,51,6010,54,120,47.5
2026-04-17 09:43:59 PM,KXWTAMATCH-26APR18SVIMUC-MUC,47,64,46,245,45,9056,44,6228,43,926,48,7354,49,8095,50,8691,51,6010,54,120,47.5
2026-04-17 09:43:59 PM,KXWTAMATCH-26APR18SVIMUC-MUC,47,64,46,245,45,8806,44,6228,43,926,48,7354,49,8095,50,8691,51,6010,54,120,47.5
2026-04-17 09:43:59 PM,KXWTAMATCH-26APR18SVIMUC-MUC,47,64,46,495,45,8806,44,6228,43,926,48,7354,49,8095,50,8691,51,6010,54,120,47.5
2026-04-17 09:43:59 PM,KXWTAMATCH-26APR18SVIMUC-MUC,47,64,46,495,45,8806,44,6228,43,926,48,7104,49,8095,50,8691,51,6010,54,120,47.5
2026-04-17 09:43:59 PM,KXWTAMATCH-26APR18SVIMUC-MUC,47,64,46,495,45,8806,44,6228,43,926,48,7104,49,8345,50,8691,51,6010,54,120,47.5
2026-04-17 09:44:07 PM,KXWTAMATCH-26APR18SVIMUC-MUC,47,64,46,495,45,8806,44,6228,43,926,48,7104,49,10861,50,8691,51,6010,54,120,47.5
2026-04-17 09:44:08 PM,KXWTAMATCH-26APR18SVIMUC-MUC,47,64,46,495,45,8806,44,6228,43,926,48,7104,49,10861,50,6175,51,6010,54,120,47.5
2026-04-17 09:44:46 PM,KXWTAMATCH-26APR18SVIMUC-MUC,47,64,46,495,45,8806,44,6228,43,926,48,7109,49,10861,50,6175,51,6010,54,120,47.5
2026-04-17 09:44:46 PM,KXWTAMATCH-26APR18SVIMUC-MUC,47,64,46,493,45,8806,44,6228,43,926,48,7109,49,10861,50,6175,51,6010,54,120,47.5
2026-04-17 09:44:46 PM,KXWTAMATCH-26APR18SVIMUC-MUC,47,64,46,493,45,8804,44,6228,43,926,48,7109,49,10861,50,6175,51,6010,54,120,47.5
2026-04-17 09:45:38 PM,KXWTAMATCH-26APR18SVIMUC-MUC,47,64,46,493,45,8804,44,6228,43,926,48,7109,49,10861,50,8691,51,6010,54,120,47.5
2026-04-17 09:45:38 PM,KXWTAMATCH-26APR18SVIMUC-MUC,47,64,46,493,45,8804,44,6228,43,926,48,7109,49,8345,50,8691,51,6010,54,120,47.5
2026-04-17 09:45:50 PM,KXWTAMATCH-26APR18SVIMUC-MUC,47,64,46,493,45,8804,44,6228,43,926,48,7109,49,10861,50,8691,51,6010,54,120,47.5
2026-04-17 09:45:50 PM,KXWTAMATCH-26APR18SVIMUC-MUC,47,64,46,493,45,8804,44,6228,43,926,48,7109,49,10861,50,6175,51,6010,54,120,47.5
2026-04-17 09:45:58 PM,KXWTAMATCH-26APR18SVIMUC-MUC,47,64,46,493,45,8804,44,6228,43,926,48,7110,49,10861,50,6175,51,6010,54,120,47.5
2026-04-17 09:48:25 PM,KXWTAMATCH-26APR18SVIMUC-MUC,47,64,46,493,45,8804,44,6228,43,926,48,6510,49,10861,50,6175,51,6010,54,120,47.5
2026-04-17 09:48:27 PM,KXWTAMATCH-26APR18SVIMUC-MUC,47,64,46,793,45,8804,44,6228,43,926,48,6510,49,10861,50,6175,51,6010,54,120,47.5
2026-04-17 09:48:27 PM,KXWTAMATCH-26APR18SVIMUC-MUC,47,64,46,793,45,9104,44,6228,43,926,48,6510,49,10861,50,6175,51,6010,54,120,47.5
2026-04-17 09:48:47 PM,KXWTAMATCH-26APR18SVIMUC-MUC,47,64,46,793,45,9104,44,6228,43,926,48,6561,49,10861,50,6175,51,6010,54,120,47.5
2026-04-17 09:48:47 PM,KXWTAMATCH-26APR18SVIMUC-MUC,47,64,46,768,45,9104,44,6228,43,926,48,6561,49,10861,50,6175,51,6010,54,120,47.5
2026-04-17 09:48:47 PM,KXWTAMATCH-26APR18SVIMUC-MUC,47,64,46,768,45,9079,44,6228,43,926,48,6561,49,10861,50,6175,51,6010,54,120,47.5
2026-04-17 09:48:47 PM,KXWTAMATCH-26APR18SVIMUC-MUC,47,64,46,768,45,9079,44,6228,43,926,48,6566,49,10861,50,6175,51,6010,54,120,47.5
2026-04-17 09:48:47 PM,KXWTAMATCH-26APR18SVIMUC-MUC,47,64,46,766,45,9079,44,6228,43,926,48,6566,49,10861,50,6175,51,6010,54,120,47.5
2026-04-17 09:48:47 PM,KXWTAMATCH-26APR18SVIMUC-MUC,47,64,46,766,45,9077,44,6228,43,926,48,6566,49,10861,50,6175,51,6010,54,120,47.5
2026-04-17 09:48:48 PM,KXWTAMATCH-26APR18SVIMUC-MUC,47,64,46,766,45,9077,44,6228,43,926,48,6609,49,10861,50,6175,51,6010,54,120,47.5
2026-04-17 09:48:48 PM,KXWTAMATCH-26APR18SVIMUC-MUC,47,64,46,745,45,9077,44,6228,43,926,48,6609,49,10861,50,6175,51,6010,54,120,47.5
2026-04-17 09:48:48 PM,KXWTAMATCH-26APR18SVIMUC-MUC,47,64,46,745,45,9056,44,6228,43,926,48,6609,49,10861,50,6175,51,6010,54,120,47.5
2026-04-17 09:48:58 PM,KXWTAMATCH-26APR18SVIMUC-MUC,47,64,46,745,45,9056,44,6228,43,926,48,6609,49,10861,50,8691,51,6010,54,120,47.5
2026-04-17 09:48:58 PM,KXWTAMATCH-26APR18SVIMUC-MUC,47,64,46,745,45,9056,44,6228,43,926,48,6609,49,8345,50,8691,51,6010,54,120,47.5
2026-04-17 09:49:09 PM,KXWTAMATCH-26APR18SVIMUC-MUC,47,64,46,745,45,9056,44,6228,43,926,48,6609,49,10861,50,8691,51,6010,54,120,47.5
2026-04-17 09:49:09 PM,KXWTAMATCH-26APR18SVIMUC-MUC,47,64,46,745,45,9056,44,6228,43,926,48,6609,49,10861,50,6175,51,6010,54,120,47.5
2026-04-17 09:49:36 PM,KXWTAMATCH-26APR18SVIMUC-MUC,47,64,46,745,45,9056,44,6228,43,926,48,6665,49,10861,50,6175,51,6010,54,120,47.5
2026-04-17 09:49:36 PM,KXWTAMATCH-26APR18SVIMUC-MUC,47,64,46,717,45,9056,44,6228,43,926,48,6665,49,10861,50,6175,51,6010,54,120,47.5
2026-04-17 09:49:36 PM,KXWTAMATCH-26APR18SVIMUC-MUC,47,64,46,717,45,9028,44,6228,43,926,48,6665,49,10861,50,6175,51,6010,54,120,47.5
2026-04-17 09:49:36 PM,KXWTAMATCH-26APR18SVIMUC-MUC,47,64,46,717,45,9028,44,6228,43,926,48,6667,49,10861,50,6175,51,6010,54,120,47.5
2026-04-17 09:49:36 PM,KXWTAMATCH-26APR18SVIMUC-MUC,47,64,46,716,45,9028,44,6228,43,926,48,6667,49,10861,50,6175,51,6010,54,120,47.5
2026-04-17 09:49:36 PM,KXWTAMATCH-26APR18SVIMUC-MUC,47,64,46,716,45,9027,44,6228,43,926,48,6667,49,10861,50,6175,51,6010,54,120,47.5
2026-04-17 09:49:38 PM,KXWTAMATCH-26APR18SVIMUC-MUC,47,64,46,716,45,9027,44,6228,43,926,48,6680,49,10861,50,6175,51,6010,54,120,47.5
2026-04-17 09:49:38 PM,KXWTAMATCH-26APR18SVIMUC-MUC,47,64,46,710,45,9027,44,6228,43,926,48,6680,49,10861,50,6175,51,6010,54,120,47.5
2026-04-17 09:49:38 PM,KXWTAMATCH-26APR18SVIMUC-MUC,47,64,46,710,45,9021,44,6228,43,926,48,6680,49,10861,50,6175,51,6010,54,120,47.5
2026-04-17 09:49:57 PM,KXWTAMATCH-26APR18SVIMUC-MUC,47,64,46,710,45,9009,44,6228,43,926,48,6680,49,10861,50,6175,51,6010,54,120,47.5
2026-04-17 09:49:57 PM,KXWTAMATCH-26APR18SVIMUC-MUC,47,64,46,710,45,9003,44,6228,43,926,48,6680,49,10861,50,6175,51,6010,54,120,47.5
2026-04-17 09:49:57 PM,KXWTAMATCH-26APR18SVIMUC-MUC,47,64,46,710,45,8997,44,6228,43,926,48,6680,49,10861,50,6175,51,6010,54,120,47.5
2026-04-17 09:49:57 PM,KXWTAMATCH-26APR18SVIMUC-MUC,47,84,46,710,45,8997,44,6228,43,926,48,6680,49,10861,50,6175,51,6010,54,120,47.5
2026-04-17 09:50:38 PM,KXWTAMATCH-26APR18SVIMUC-MUC,47,84,46,710,45,8997,44,6228,43,926,48,6680,49,10861,50,8691,51,6010,54,120,47.5
2026-04-17 09:50:38 PM,KXWTAMATCH-26APR18SVIMUC-MUC,47,84,46,710,45,8997,44,6228,43,926,48,6680,49,8345,50,8691,51,6010,54,120,47.5
2026-04-17 09:50:39 PM,KXWTAMATCH-26APR18SVIMUC-MUC,47,84,46,710,45,8997,44,6228,43,926,48,6680,49,8345,50,6175,51,6010,54,120,47.5
2026-04-17 09:50:46 PM,KXWTAMATCH-26APR18SVIMUC-MUC,47,84,46,710,45,8997,44,6228,43,926,48,6680,49,10861,50,6175,51,6010,54,120,47.5
2026-04-17 09:51:03 PM,KXWTAMATCH-26APR18SVIMUC-MUC,47,84,46,710,45,8997,44,6228,43,926,48,6630,49,10861,50,6175,51,6010,54,120,47.5
2026-04-17 09:51:05 PM,KXWTAMATCH-26APR18SVIMUC-MUC,47,84,46,735,45,8997,44,6228,43,926,48,6630,49,10861,50,6175,51,6010,54,120,47.5
2026-04-17 09:51:05 PM,KXWTAMATCH-26APR18SVIMUC-MUC,47,84,46,735,45,9022,44,6228,43,926,48,6630,49,10861,50,6175,51,6010,54,120,47.5
2026-04-17 09:52:18 PM,KXWTAMATCH-26APR18SVIMUC-MUC,47,84,46,735,45,9022,44,6228,43,926,48,6630,49,10861,50,8691,51,6010,54,120,47.5
2026-04-17 09:52:18 PM,KXWTAMATCH-26APR18SVIMUC-MUC,47,84,46,735,45,9022,44,6228,43,926,48,6630,49,8345,50,8691,51,6010,54,120,47.5
2026-04-17 09:52:19 PM,KXWTAMATCH-26APR18SVIMUC-MUC,47,84,46,735,45,6506,44,6228,43,926,48,6630,49,8345,50,8691,51,6010,54,120,47.5
2026-04-17 09:52:19 PM,KXWTAMATCH-26APR18SVIMUC-MUC,47,84,46,735,45,9022,44,6228,43,926,48,6630,49,8345,50,8691,51,6010,54,120,47.5
2026-04-17 09:52:32 PM,KXWTAMATCH-26APR18SVIMUC-MUC,47,84,46,735,45,9022,44,6228,43,926,48,6630,49,10861,50,8691,51,6010,54,120,47.5
2026-04-17 09:52:33 PM,KXWTAMATCH-26APR18SVIMUC-MUC,47,84,46,735,45,9022,44,6228,43,926,48,6630,49,10861,50,6175,51,6010,54,120,47.5
2026-04-17 09:52:33 PM,KXWTAMATCH-26APR18SVIMUC-MUC,47,84,46,735,45,4022,44,6228,43,926,48,6630,49,10861,50,6175,51,6010,54,120,47.5
2026-04-17 09:52:33 PM,KXWTAMATCH-26APR18SVIMUC-MUC,47,84,46,735,45,4022,44,6228,43,5926,48,6630,49,10861,50,6175,51,6010,54,120,47.5
2026-04-17 09:52:33 PM,KXWTAMATCH-26APR18SVIMUC-MUC,47,84,46,485,45,4022,44,6228,43,5926,48,6630,49,10861,50,6175,51,6010,54,120,47.5
2026-04-17 09:52:33 PM,KXWTAMATCH-26APR18SVIMUC-MUC,47,84,46,485,45,4272,44,6228,43,5926,48,6630,49,10861,50,6175,51,6010,54,120,47.5
2026-04-17 09:52:33 PM,KXWTAMATCH-26APR18SVIMUC-MUC,47,84,46,485,45,4272,44,6228,43,5926,48,6630,49,10611,50,6175,51,6010,54,120,47.5
2026-04-17 09:52:33 PM,KXWTAMATCH-26APR18SVIMUC-MUC,47,84,46,485,45,4272,44,6228,43,5926,48,6880,49,10611,50,6175,51,6010,54,120,47.5
2026-04-17 09:54:33 PM,KXWTAMATCH-26APR18SVIMUC-MUC,47,84,46,485,45,4272,44,6228,43,5926,48,6840,49,10611,50,6175,51,6010,54,120,47.5
2026-04-17 09:54:34 PM,KXWTAMATCH-26APR18SVIMUC-MUC,47,84,46,505,45,4272,44,6228,43,5926,48,6840,49,10611,50,6175,51,6010,54,120,47.5
2026-04-17 09:54:34 PM,KXWTAMATCH-26APR18SVIMUC-MUC,47,84,46,505,45,4292,44,6228,43,5926,48,6840,49,10611,50,6175,51,6010,54,120,47.5
2026-04-17 09:56:05 PM,KXWTAMATCH-26APR18SVIMUC-MUC,47,84,46,505,45,4292,44,6228,43,5926,48,6845,49,10611,50,6175,51,6010,54,120,47.5
2026-04-17 09:58:22 PM,KXWTAMATCH-26APR18SVIMUC-MUC,47,84,46,505,45,4292,44,6228,43,5926,48,6851,49,10611,50,6175,51,6010,54,120,47.5
2026-04-17 09:58:22 PM,KXWTAMATCH-26APR18SVIMUC-MUC,47,84,46,502,45,4292,44,6228,43,5926,48,6851,49,10611,50,6175,51,6010,54,120,47.5
2026-04-17 09:58:22 PM,KXWTAMATCH-26APR18SVIMUC-MUC,47,84,46,502,45,4289,44,6228,43,5926,48,6851,49,10611,50,6175,51,6010,54,120,47.5
2026-04-17 09:58:22 PM,KXWTAMATCH-26APR18SVIMUC-MUC,47,84,46,502,45,4289,44,6228,43,5926,48,6871,49,10611,50,6175,51,6010,54,120,47.5
2026-04-17 09:58:22 PM,KXWTAMATCH-26APR18SVIMUC-MUC,47,84,46,492,45,4289,44,6228,43,5926,48,6871,49,10611,50,6175,51,6010,54,120,47.5
2026-04-17 09:58:22 PM,KXWTAMATCH-26APR18SVIMUC-MUC,47,84,46,492,45,4279,44,6228,43,5926,48,6871,49,10611,50,6175,51,6010,54,120,47.5
2026-04-17 09:58:24 PM,KXWTAMATCH-26APR18SVIMUC-MUC,47,84,46,492,45,4279,44,6228,43,5926,48,6880,49,10611,50,6175,51,6010,54,120,47.5
2026-04-17 09:58:24 PM,KXWTAMATCH-26APR18SVIMUC-MUC,47,84,46,488,45,4279,44,6228,43,5926,48,6880,49,10611,50,6175,51,6010,54,120,47.5
2026-04-17 09:58:24 PM,KXWTAMATCH-26APR18SVIMUC-MUC,47,84,46,488,45,4275,44,6228,43,5926,48,6880,49,10611,50,6175,51,6010,54,120,47.5
2026-04-17 09:58:52 PM,KXWTAMATCH-26APR18SVIMUC-MUC,47,84,46,488,45,4275,44,6228,43,5926,48,6871,49,10611,50,6175,51,6010,54,120,47.5
2026-04-17 09:58:52 PM,KXWTAMATCH-26APR18SVIMUC-MUC,47,84,46,488,45,4275,44,6228,43,5926,48,6851,49,10611,50,6175,51,6010,54,120,47.5
2026-04-17 09:58:52 PM,KXWTAMATCH-26APR18SVIMUC-MUC,47,84,46,488,45,4275,44,6228,43,5926,48,6845,49,10611,50,6175,51,6010,54,120,47.5
2026-04-17 09:58:52 PM,KXWTAMATCH-26APR18SVIMUC-MUC,47,84,46,488,45,4275,44,6228,43,5926,48,6832,49,10611,50,6175,51,6010,54,120,47.5
2026-04-17 09:58:53 PM,KXWTAMATCH-26APR18SVIMUC-MUC,47,84,46,488,45,4275,44,6228,43,5926,48,6830,49,10611,50,6175,51,6010,54,120,47.5
2026-04-17 09:58:53 PM,KXWTAMATCH-26APR18SVIMUC-MUC,47,84,46,488,45,4275,44,6228,43,5926,48,6774,49,10611,50,6175,51,6010,54,120,47.5
2026-04-17 09:58:53 PM,KXWTAMATCH-26APR18SVIMUC-MUC,47,84,46,488,45,4275,44,6228,43,5926,48,6731,49,10611,50,6175,51,6010,54,120,47.5
2026-04-17 09:58:53 PM,KXWTAMATCH-26APR18SVIMUC-MUC,47,84,46,488,45,4275,44,6228,43,5926,48,6726,49,10611,50,6175,51,6010,54,120,47.5
2026-04-17 09:58:53 PM,KXWTAMATCH-26APR18SVIMUC-MUC,47,84,46,488,45,4275,44,6228,43,5926,48,6675,49,10611,50,6175,51,6010,54,120,47.5
2026-04-17 09:58:53 PM,KXWTAMATCH-26APR18SVIMUC-MUC,47,84,46,488,45,4275,44,6228,43,5926,48,6674,49,10611,50,6175,51,6010,54,120,47.5
2026-04-17 09:58:53 PM,KXWTAMATCH-26APR18SVIMUC-MUC,47,84,46,488,45,4275,44,6228,43,5926,48,6669,49,10611,50,6175,51,6010,54,120,47.5
2026-04-17 09:58:53 PM,KXWTAMATCH-26APR18SVIMUC-MUC,47,84,46,488,45,4275,44,6228,43,5926,48,6660,49,10611,50,6175,51,6010,54,120,47.5
2026-04-17 09:58:53 PM,KXWTAMATCH-26APR18SVIMUC-MUC,47,84,46,488,45,4275,44,6228,43,5926,48,6657,49,10611,50,6175,51,6010,54,120,47.5
2026-04-17 09:58:54 PM,KXWTAMATCH-26APR18SVIMUC-MUC,47,84,46,488,45,4275,44,6228,43,5926,48,6631,49,10611,50,6175,51,6010,54,120,47.5
2026-04-17 09:58:54 PM,KXWTAMATCH-26APR18SVIMUC-MUC,47,84,46,488,45,4275,44,6228,43,5926,48,6623,49,10611,50,6175,51,6010,54,120,47.5
2026-04-17 09:58:54 PM,KXWTAMATCH-26APR18SVIMUC-MUC,47,84,46,488,45,4275,44,6228,43,5926,48,6621,49,10611,50,6175,51,6010,54,120,47.5
2026-04-17 09:58:54 PM,KXWTAMATCH-26APR18SVIMUC-MUC,47,84,46,488,45,4275,44,6228,43,5926,48,6613,49,10611,50,6175,51,6010,54,120,47.5
2026-04-17 09:58:54 PM,KXWTAMATCH-26APR18SVIMUC-MUC,47,84,46,488,45,4275,44,6228,43,5926,48,6605,49,10611,50,6175,51,6010,54,120,47.5
2026-04-17 09:58:54 PM,KXWTAMATCH-26APR18SVIMUC-MUC,47,84,46,488,45,4275,44,6228,43,5926,48,6477,49,10611,50,6175,51,6010,54,120,47.5
2026-04-17 09:58:54 PM,KXWTAMATCH-26APR18SVIMUC-MUC,47,84,46,691,45,4275,44,6228,43,5926,48,6477,49,10611,50,6175,51,6010,54,120,47.5
2026-04-17 09:58:54 PM,KXWTAMATCH-26APR18SVIMUC-MUC,47,84,46,691,45,4478,44,6228,43,5926,48,6477,49,10611,50,6175,51,6010,54,120,47.5
2026-04-17 09:59:01 PM,KXWTAMATCH-26APR18SVIMUC-MUC,47,84,46,691,45,4478,44,6228,43,5926,48,6487,49,10611,50,6175,51,6010,54,120,47.5
2026-04-17 09:59:01 PM,KXWTAMATCH-26APR18SVIMUC-MUC,47,84,46,686,45,4478,44,6228,43,5926,48,6487,49,10611,50,6175,51,6010,54,120,47.5
2026-04-17 09:59:01 PM,KXWTAMATCH-26APR18SVIMUC-MUC,47,84,46,686,45,4473,44,6228,43,5926,48,6487,49,10611,50,6175,51,6010,54,120,47.5
2026-04-17 09:59:02 PM,KXWTAMATCH-26APR18SVIMUC-MUC,47,84,46,686,45,4473,44,6228,43,5926,48,6507,49,10611,50,6175,51,6010,54,120,47.5
2026-04-17 09:59:02 PM,KXWTAMATCH-26APR18SVIMUC-MUC,47,84,46,676,45,4473,44,6228,43,5926,48,6507,49,10611,50,6175,51,6010,54,120,47.5
2026-04-17 09:59:02 PM,KXWTAMATCH-26APR18SVIMUC-MUC,47,84,46,676,45,4463,44,6228,43,5926,48,6507,49,10611,50,6175,51,6010,54,120,47.5
2026-04-17 09:59:02 PM,KXWTAMATCH-26APR18SVIMUC-MUC,47,84,46,676,45,4463,44,6228,43,5926,48,6526,49,10611,50,6175,51,6010,54,120,47.5
2026-04-17 09:59:02 PM,KXWTAMATCH-26APR18SVIMUC-MUC,47,84,46,667,45,4463,44,6228,43,5926,48,6526,49,10611,50,6175,51,6010,54,120,47.5
2026-04-17 09:59:02 PM,KXWTAMATCH-26APR18SVIMUC-MUC,47,84,46,667,45,4454,44,6228,43,5926,48,6526,49,10611,50,6175,51,6010,54,120,47.5
2026-04-17 10:00:25 PM,KXWTAMATCH-26APR18SVIMUC-MUC,47,84,46,667,45,4454,44,6228,43,5926,48,6527,49,10611,50,6175,51,6010,54,120,47.5
2026-04-17 10:00:26 PM,KXWTAMATCH-26APR18SVIMUC-MUC,47,84,46,667,45,4454,44,6228,43,5926,48,6577,49,10611,50,6175,51,6010,54,120,47.5
2026-04-17 10:00:26 PM,KXWTAMATCH-26APR18SVIMUC-MUC,47,84,46,642,45,4454,44,6228,43,5926,48,6577,49,10611,50,6175,51,6010,54,120,47.5
2026-04-17 10:00:26 PM,KXWTAMATCH-26APR18SVIMUC-MUC,47,84,46,642,45,4429,44,6228,43,5926,48,6577,49,10611,50,6175,51,6010,54,120,47.5
2026-04-17 10:00:26 PM,KXWTAMATCH-26APR18SVIMUC-MUC,47,84,46,642,45,4429,44,6228,43,5926,48,6581,49,10611,50,6175,51,6010,54,120,47.5
2026-04-17 10:00:26 PM,KXWTAMATCH-26APR18SVIMUC-MUC,47,84,46,640,45,4429,44,6228,43,5926,48,6581,49,10611,50,6175,51,6010,54,120,47.5
2026-04-17 10:00:26 PM,KXWTAMATCH-26APR18SVIMUC-MUC,47,84,46,640,45,4427,44,6228,43,5926,48,6581,49,10611,50,6175,51,6010,54,120,47.5
2026-04-17 10:00:27 PM,KXWTAMATCH-26APR18SVIMUC-MUC,47,84,46,640,45,4427,44,6228,43,5926,48,6681,49,10611,50,6175,51,6010,54,120,47.5
2026-04-17 10:00:27 PM,KXWTAMATCH-26APR18SVIMUC-MUC,47,84,46,590,45,4427,44,6228,43,5926,48,6681,49,10611,50,6175,51,6010,54,120,47.5
2026-04-17 10:00:27 PM,KXWTAMATCH-26APR18SVIMUC-MUC,47,84,46,590,45,4377,44,6228,43,5926,48,6681,49,10611,50,6175,51,6010,54,120,47.5
2026-04-17 10:00:28 PM,KXWTAMATCH-26APR18SVIMUC-MUC,47,84,46,590,45,4377,44,6228,43,5926,48,6702,49,10611,50,6175,51,6010,54,120,47.5
2026-04-17 10:00:28 PM,KXWTAMATCH-26APR18SVIMUC-MUC,47,84,46,580,45,4377,44,6228,43,5926,48,6702,49,10611,50,6175,51,6010,54,120,47.5
2026-04-17 10:00:28 PM,KXWTAMATCH-26APR18SVIMUC-MUC,47,84,46,580,45,4367,44,6228,43,5926,48,6702,49,10611,50,6175,51,6010,54,120,47.5
2026-04-17 10:03:23 PM,KXWTAMATCH-26APR18SVIMUC-MUC,47,84,46,580,45,4367,44,6228,43,5926,48,6703,49,10611,50,6175,51,6010,54,120,47.5
2026-04-17 10:04:46 PM,KXWTAMATCH-26APR18SVIMUC-MUC,47,84,46,580,45,4367,44,6228,43,5926,48,6720,49,10611,50,6175,51,6010,54,120,47.5
2026-04-17 10:04:46 PM,KXWTAMATCH-26APR18SVIMUC-MUC,47,84,46,572,45,4367,44,6228,43,5926,48,6720,49,10611,50,6175,51,6010,54,120,47.5
2026-04-17 10:04:46 PM,KXWTAMATCH-26APR18SVIMUC-MUC,47,84,46,572,45,4359,44,6228,43,5926,48,6720,49,10611,50,6175,51,6010,54,120,47.5
2026-04-17 10:04:47 PM,KXWTAMATCH-26APR18SVIMUC-MUC,47,84,46,572,45,4359,44,6228,43,5926,48,6818,49,10611,50,6175,51,6010,54,120,47.5
2026-04-17 10:04:47 PM,KXWTAMATCH-26APR18SVIMUC-MUC,47,84,46,523,45,4359,44,6228,43,5926,48,6818,49,10611,50,6175,51,6010,54,120,47.5
2026-04-17 10:04:47 PM,KXWTAMATCH-26APR18SVIMUC-MUC,47,84,46,523,45,4310,44,6228,43,5926,48,6818,49,10611,50,6175,51,6010,54,120,47.5
2026-04-17 10:05:46 PM,KXWTAMATCH-26APR18SVIMUC-MUC,47,84,46,523,45,4310,44,6228,43,5926,48,6819,49,10611,50,6175,51,6010,54,120,47.5
2026-04-17 10:07:19 PM,KXWTAMATCH-26APR18SVIMUC-MUC,47,64,46,523,45,4310,44,6228,43,5926,48,6819,49,10611,50,6175,51,6010,54,120,47.5
2026-04-17 10:07:19 PM,KXWTAMATCH-26APR18SVIMUC-MUC,47,64,46,523,45,4322,44,6228,43,5926,48,6819,49,10611,50,6175,51,6010,54,120,47.5
2026-04-17 10:07:19 PM,KXWTAMATCH-26APR18SVIMUC-MUC,47,64,46,523,45,4328,44,6228,43,5926,48,6819,49,10611,50,6175,51,6010,54,120,47.5
2026-04-17 10:09:41 PM,KXWTAMATCH-26APR18SVIMUC-MUC,47,64,46,523,45,4328,44,6228,43,5926,48,6836,49,10611,50,6175,51,6010,54,120,47.5
2026-04-17 10:09:41 PM,KXWTAMATCH-26APR18SVIMUC-MUC,47,64,46,515,45,4328,44,6228,43,5926,48,6836,49,10611,50,6175,51,6010,54,120,47.5
2026-04-17 10:09:41 PM,KXWTAMATCH-26APR18SVIMUC-MUC,47,64,46,515,45,4320,44,6228,43,5926,48,6836,49,10611,50,6175,51,6010,54,120,47.5
2026-04-17 10:14:38 PM,KXWTAMATCH-26APR18SVIMUC-MUC,47,75,46,515,45,4320,44,6228,43,5926,48,6836,49,10611,50,6175,51,6010,54,120,47.5
2026-04-17 10:14:38 PM,KXWTAMATCH-26APR18SVIMUC-MUC,47,75,46,526,45,4320,44,6228,43,5926,48,6836,49,10611,50,6175,51,6010,54,120,47.5
2026-04-17 10:14:39 PM,KXWTAMATCH-26APR18SVIMUC-MUC,47,75,46,526,45,4331,44,6228,43,5926,48,6836,49,10611,50,6175,51,6010,54,120,47.5
2026-04-17 10:14:39 PM,KXWTAMATCH-26APR18SVIMUC-MUC,47,75,46,526,45,4331,44,6228,43,5938,48,6836,49,10611,50,6175,51,6010,54,120,47.5
2026-04-17 10:15:25 PM,KXWTAMATCH-26APR18SVIMUC-MUC,47,75,46,526,45,4331,44,6228,43,5938,48,6816,49,10611,50,6175,51,6010,54,120,47.5
2026-04-17 10:15:27 PM,KXWTAMATCH-26APR18SVIMUC-MUC,47,75,46,536,45,4331,44,6228,43,5938,48,6816,49,10611,50,6175,51,6010,54,120,47.5
2026-04-17 10:15:28 PM,KXWTAMATCH-26APR18SVIMUC-MUC,47,75,46,536,45,4341,44,6228,43,5938,48,6816,49,10611,50,6175,51,6010,54,120,47.5
2026-04-17 10:16:54 PM,KXWTAMATCH-26APR18SVIMUC-MUC,47,75,46,536,45,4341,44,6337,43,5938,48,6816,49,10611,50,6175,51,6010,54,120,47.5
2026-04-17 10:17:11 PM,KXWTAMATCH-26APR18SVIMUC-MUC,47,75,46,536,45,4341,44,6337,43,5938,48,6799,49,10611,50,6175,51,6010,54,120,47.5
2026-04-17 10:17:11 PM,KXWTAMATCH-26APR18SVIMUC-MUC,47,75,46,536,45,4341,44,6337,43,5938,48,6798,49,10611,50,6175,51,6010,54,120,47.5
2026-04-17 10:17:11 PM,KXWTAMATCH-26APR18SVIMUC-MUC,47,75,46,536,45,4341,44,6337,43,5938,48,6763,49,10611,50,6175,51,6010,54,120,47.5
2026-04-17 10:17:11 PM,KXWTAMATCH-26APR18SVIMUC-MUC,47,75,46,563,45,4341,44,6337,43,5938,48,6763,49,10611,50,6175,51,6010,54,120,47.5
2026-04-17 10:17:11 PM,KXWTAMATCH-26APR18SVIMUC-MUC,47,75,46,563,45,4368,44,6337,43,5938,48,6763,49,10611,50,6175,51,6010,54,120,47.5
2026-04-17 10:17:30 PM,KXWTAMATCH-26APR18SVIMUC-MUC,47,75,46,563,45,4368,44,6228,43,5938,48,6763,49,10611,50,6175,51,6010,54,120,47.5
2026-04-17 10:18:15 PM,KXWTAMATCH-26APR18SVIMUC-MUC,47,75,46,563,45,4356,44,6228,43,5938,48,6763,49,10611,50,6175,51,6010,54,120,47.5
2026-04-17 10:18:15 PM,KXWTAMATCH-26APR18SVIMUC-MUC,47,75,46,563,45,4350,44,6228,43,5938,48,6763,49,10611,50,6175,51,6010,54,120,47.5
2026-04-17 10:18:15 PM,KXWTAMATCH-26APR18SVIMUC-MUC,47,95,46,563,45,4350,44,6228,43,5938,48,6763,49,10611,50,6175,51,6010,54,120,47.5
2026-04-17 10:20:08 PM,KXWTAMATCH-26APR18SVIMUC-MUC,47,95,46,563,45,4350,44,6228,43,5938,48,6852,49,10611,50,6175,51,6010,54,120,47.5
2026-04-17 10:20:09 PM,KXWTAMATCH-26APR18SVIMUC-MUC,47,95,46,536,45,4350,44,6228,43,5938,48,6852,49,10611,50,6175,51,6010,54,120,47.5
2026-04-17 10:20:09 PM,KXWTAMATCH-26APR18SVIMUC-MUC,47,95,46,526,45,4350,44,6228,43,5938,48,6852,49,10611,50,6175,51,6010,54,120,47.5
2026-04-17 10:20:10 PM,KXWTAMATCH-26APR18SVIMUC-MUC,47,95,46,519,45,4350,44,6228,43,5938,48,6852,49,10611,50,6175,51,6010,54,120,47.5
2026-04-17 10:20:10 PM,KXWTAMATCH-26APR18SVIMUC-MUC,47,95,46,519,45,4323,44,6228,43,5938,48,6852,49,10611,50,6175,51,6010,54,120,47.5
2026-04-17 10:20:10 PM,KXWTAMATCH-26APR18SVIMUC-MUC,47,95,46,519,45,4313,44,6228,43,5938,48,6852,49,10611,50,6175,51,6010,54,120,47.5
2026-04-17 10:20:10 PM,KXWTAMATCH-26APR18SVIMUC-MUC,47,95,46,519,45,4306,44,6228,43,5938,48,6852,49,10611,50,6175,51,6010,54,120,47.5
2026-04-17 10:20:22 PM,KXWTAMATCH-26APR18SVIMUC-MUC,47,95,46,519,45,4306,44,6228,43,5938,48,7245,49,10611,50,6175,51,6010,54,120,47.5
2026-04-17 10:20:23 PM,KXWTAMATCH-26APR18SVIMUC-MUC,47,95,46,505,45,4306,44,6228,43,5938,48,7245,49,10611,50,6175,51,6010,54,120,47.5
2026-04-17 10:20:23 PM,KXWTAMATCH-26APR18SVIMUC-MUC,47,95,46,503,45,4306,44,6228,43,5938,48,7245,49,10611,50,6175,51,6010,54,120,47.5
2026-04-17 10:20:23 PM,KXWTAMATCH-26APR18SVIMUC-MUC,47,95,46,478,45,4306,44,6228,43,5938,48,7245,49,10611,50,6175,51,6010,54,120,47.5
2026-04-17 10:20:23 PM,KXWTAMATCH-26APR18SVIMUC-MUC,47,95,46,323,45,4306,44,6228,43,5938,48,7245,49,10611,50,6175,51,6010,54,120,47.5
2026-04-17 10:20:23 PM,KXWTAMATCH-26APR18SVIMUC-MUC,47,95,46,323,45,4292,44,6228,43,5938,48,7245,49,10611,50,6175,51,6010,54,120,47.5
2026-04-17 10:20:23 PM,KXWTAMATCH-26APR18SVIMUC-MUC,47,95,46,323,45,4290,44,6228,43,5938,48,7245,49,10611,50,6175,51,6010,54,120,47.5
2026-04-17 10:20:23 PM,KXWTAMATCH-26APR18SVIMUC-MUC,47,95,46,323,45,4265,44,6228,43,5938,48,7245,49,10611,50,6175,51,6010,54,120,47.5
2026-04-17 10:20:23 PM,KXWTAMATCH-26APR18SVIMUC-MUC,47,95,46,323,45,4110,44,6228,43,5938,48,7245,49,10611,50,6175,51,6010,54,120,47.5
2026-04-17 10:20:24 PM,KXWTAMATCH-26APR18SVIMUC-MUC,47,95,46,323,45,4110,44,6228,43,5938,48,7295,49,10611,50,6175,51,6010,54,120,47.5
2026-04-17 10:20:24 PM,KXWTAMATCH-26APR18SVIMUC-MUC,47,95,46,298,45,4110,44,6228,43,5938,48,7295,49,10611,50,6175,51,6010,54,120,47.5
2026-04-17 10:20:24 PM,KXWTAMATCH-26APR18SVIMUC-MUC,47,95,46,298,45,4085,44,6228,43,5938,48,7295,49,10611,50,6175,51,6010,54,120,47.5
2026-04-17 10:20:25 PM,KXWTAMATCH-26APR18SVIMUC-MUC,47,95,46,298,45,4085,44,6228,43,5938,48,7335,49,10611,50,6175,51,6010,54,120,47.5
2026-04-17 10:20:25 PM,KXWTAMATCH-26APR18SVIMUC-MUC,47,95,46,278,45,4085,44,6228,43,5938,48,7335,49,10611,50,6175,51,6010,54,120,47.5
2026-04-17 10:20:25 PM,KXWTAMATCH-26APR18SVIMUC-MUC,47,95,46,278,45,4065,44,6228,43,5938,48,7335,49,10611,50,6175,51,6010,54,120,47.5
2026-04-17 10:20:26 PM,KXWTAMATCH-26APR18SVIMUC-MUC,47,95,46,278,45,4065,44,6228,43,5938,48,7384,49,10611,50,6175,51,6010,54,120,47.5
2026-04-17 10:20:26 PM,KXWTAMATCH-26APR18SVIMUC-MUC,47,95,46,265,45,4065,44,6228,43,5938,48,7384,49,10611,50,6175,51,6010,54,120,47.5
2026-04-17 10:20:26 PM,KXWTAMATCH-26APR18SVIMUC-MUC,47,95,46,254,45,4065,44,6228,43,5938,48,7384,49,10611,50,6175,51,6010,54,120,47.5
2026-04-17 10:20:26 PM,KXWTAMATCH-26APR18SVIMUC-MUC,47,95,46,254,45,4052,44,6228,43,5938,48,7384,49,10611,50,6175,51,6010,54,120,47.5
2026-04-17 10:20:26 PM,KXWTAMATCH-26APR18SVIMUC-MUC,47,95,46,254,45,4041,44,6228,43,5938,48,7384,49,10611,50,6175,51,6010,54,120,47.5
2026-04-17 10:28:57 PM,KXWTAMATCH-26APR18SVIMUC-MUC,47,95,46,254,45,4041,44,6228,43,5938,48,7462,49,10611,50,6175,51,6010,54,120,47.5
2026-04-17 10:28:57 PM,KXWTAMATCH-26APR18SVIMUC-MUC,47,95,46,249,45,4041,44,6228,43,5938,48,7462,49,10611,50,6175,51,6010,54,120,47.5
2026-04-17 10:28:57 PM,KXWTAMATCH-26APR18SVIMUC-MUC,47,95,46,216,45,4041,44,6228,43,5938,48,7462,49,10611,50,6175,51,6010,54,120,47.5
2026-04-17 10:28:57 PM,KXWTAMATCH-26APR18SVIMUC-MUC,47,95,46,216,45,4036,44,6228,43,5938,48,7462,49,10611,50,6175,51,6010,54,120,47.5
2026-04-17 10:28:57 PM,KXWTAMATCH-26APR18SVIMUC-MUC,47,95,46,216,45,4003,44,6228,43,5938,48,7462,49,10611,50,6175,51,6010,54,120,47.5
2026-04-17 10:35:53 PM,KXWTAMATCH-26APR18SVIMUC-MUC,47,95,46,216,45,4003,44,6228,43,5938,48,7470,49,10611,50,6175,51,6010,54,120,47.5
2026-04-17 10:35:53 PM,KXWTAMATCH-26APR18SVIMUC-MUC,47,95,46,212,45,4003,44,6228,43,5938,48,7470,49,10611,50,6175,51,6010,54,120,47.5
2026-04-17 10:35:53 PM,KXWTAMATCH-26APR18SVIMUC-MUC,47,95,46,212,45,3999,44,6228,43,5938,48,7470,49,10611,50,6175,51,6010,54,120,47.5
2026-04-17 10:36:36 PM,KXWTAMATCH-26APR18SVIMUC-MUC,47,95,46,212,45,3999,44,6228,43,5938,48,7514,49,10611,50,6175,51,6010,54,120,47.5
2026-04-17 10:36:37 PM,KXWTAMATCH-26APR18SVIMUC-MUC,47,95,46,200,45,3999,44,6228,43,5938,48,7514,49,10611,50,6175,51,6010,54,120,47.5
2026-04-17 10:36:38 PM,KXWTAMATCH-26APR18SVIMUC-MUC,47,95,46,191,45,3999,44,6228,43,5938,48,7514,49,10611,50,6175,51,6010,54,120,47.5
2026-04-17 10:36:38 PM,KXWTAMATCH-26APR18SVIMUC-MUC,47,95,46,191,45,3987,44,6228,43,5938,48,7514,49,10611,50,6175,51,6010,54,120,47.5
2026-04-17 10:36:38 PM,KXWTAMATCH-26APR18SVIMUC-MUC,47,95,46,191,45,3978,44,6228,43,5938,48,7514,49,10611,50,6175,51,6010,54,120,47.5
2026-04-17 10:38:54 PM,KXWTAMATCH-26APR18SVIMUC-MUC,47,95,46,191,45,3978,44,6228,43,5938,48,7764,49,10611,50,6175,51,6010,54,120,47.5
2026-04-17 10:38:55 PM,KXWTAMATCH-26APR18SVIMUC-MUC,47,95,46,66,45,3978,44,6228,43,5938,48,7764,49,10611,50,6175,51,6010,54,120,47.5
2026-04-17 10:38:55 PM,KXWTAMATCH-26APR18SVIMUC-MUC,47,95,46,66,45,3853,44,6228,43,5938,48,7764,49,10611,50,6175,51,6010,54,120,47.5
2026-04-17 10:41:18 PM,KXWTAMATCH-26APR18SVIMUC-MUC,47,95,46,66,45,3853,44,8744,43,5938,48,7764,49,10611,50,6175,51,6010,54,120,47.5
2026-04-17 10:41:18 PM,KXWTAMATCH-26APR18SVIMUC-MUC,47,95,46,66,45,1337,44,8744,43,5938,48,7764,49,10611,50,6175,51,6010,54,120,47.5
2026-04-17 10:41:27 PM,KXWTAMATCH-26APR18SVIMUC-MUC,47,95,46,66,45,3852,44,8744,43,5938,48,7764,49,10611,50,6175,51,6010,54,120,47.5
2026-04-17 10:41:28 PM,KXWTAMATCH-26APR18SVIMUC-MUC,47,95,46,66,45,3852,44,6228,43,5938,48,7764,49,10611,50,6175,51,6010,54,120,47.5
2026-04-17 10:41:31 PM,KXWTAMATCH-26APR18SVIMUC-MUC,47,95,46,66,45,8852,44,6228,43,5938,48,7764,49,10611,50,6175,51,6010,54,120,47.5
2026-04-17 10:41:31 PM,KXWTAMATCH-26APR18SVIMUC-MUC,47,95,46,66,45,8852,44,6228,43,938,48,7764,49,10611,50,6175,51,6010,54,120,47.5
2026-04-17 10:42:19 PM,KXWTAMATCH-26APR18SVIMUC-MUC,47,95,46,66,45,8852,44,6337,43,938,48,7764,49,10611,50,6175,51,6010,54,120,47.5
2026-04-17 10:44:08 PM,KXWTAMATCH-26APR18SVIMUC-MUC,47,95,46,66,45,8852,44,6337,43,938,48,7815,49,10611,50,6175,51,6010,54,120,47.5
2026-04-17 10:44:08 PM,KXWTAMATCH-26APR18SVIMUC-MUC,47,95,46,41,45,8852,44,6337,43,938,48,7815,49,10611,50,6175,51,6010,54,120,47.5
2026-04-17 10:44:08 PM,KXWTAMATCH-26APR18SVIMUC-MUC,47,95,46,41,45,8827,44,6337,43,938,48,7815,49,10611,50,6175,51,6010,54,120,47.5
2026-04-17 10:47:18 PM,KXWTAMATCH-26APR18SVIMUC-MUC,47,95,46,41,45,8827,44,6337,43,938,48,7815,49,10611,50,8690,51,6010,54,120,47.5
2026-04-17 10:47:18 PM,KXWTAMATCH-26APR18SVIMUC-MUC,47,95,46,41,45,8827,44,6337,43,938,48,7815,49,8095,50,8690,51,6010,54,120,47.5
2026-04-17 10:47:26 PM,KXWTAMATCH-26APR18SVIMUC-MUC,47,95,46,41,45,8827,44,6337,43,938,48,7815,49,10610,50,8690,51,6010,54,120,47.5
2026-04-17 10:47:27 PM,KXWTAMATCH-26APR18SVIMUC-MUC,47,95,46,41,45,8827,44,6337,43,938,48,7815,49,10610,50,6175,51,6010,54,120,47.5
2026-04-17 10:48:05 PM,KXWTAMATCH-26APR18SVIMUC-MUC,47,95,46,41,45,8827,44,6337,43,938,48,7815,49,10610,50,6158,51,6010,54,120,47.5
2026-04-17 10:48:05 PM,KXWTAMATCH-26APR18SVIMUC-MUC,47,75,46,41,45,8827,44,6337,43,938,48,7815,49,10610,50,6158,51,6010,54,120,47.5
2026-04-17 10:48:05 PM,KXWTAMATCH-26APR18SVIMUC-MUC,47,75,46,41,45,8839,44,6337,43,938,48,7815,49,10610,50,6158,51,6010,54,120,47.5
2026-04-17 10:48:05 PM,KXWTAMATCH-26APR18SVIMUC-MUC,47,75,46,41,45,8839,44,6337,43,938,48,7832,49,10610,50,6158,51,6010,54,120,47.5
2026-04-17 10:48:06 PM,KXWTAMATCH-26APR18SVIMUC-MUC,47,75,46,41,45,8846,44,6337,43,938,48,7832,49,10610,50,6158,51,6010,54,120,47.5
2026-04-17 10:48:13 PM,KXWTAMATCH-26APR18SVIMUC-MUC,47,75,46,41,45,8846,44,6337,43,938,48,7832,49,8650,50,6158,51,6010,54,120,47.5
2026-04-17 10:49:20 PM,KXWTAMATCH-26APR18SVIMUC-MUC,47,75,46,41,45,8846,44,6337,43,938,48,7830,49,8650,50,6158,51,6010,54,120,47.5
2026-04-17 10:49:20 PM,KXWTAMATCH-26APR18SVIMUC-MUC,47,75,46,41,45,8847,44,6337,43,938,48,7830,49,8650,50,6158,51,6010,54,120,47.5
2026-04-17 10:49:20 PM,KXWTAMATCH-26APR18SVIMUC-MUC,47,75,46,41,45,8847,44,6338,43,938,48,7830,49,8650,50,6158,51,6010,54,120,47.5
2026-04-17 10:50:19 PM,KXWTAMATCH-26APR18SVIMUC-MUC,47,75,46,41,45,8847,44,6338,43,938,48,7830,49,10610,50,6158,51,6010,54,120,47.5
2026-04-17 10:52:18 PM,KXWTAMATCH-26APR18SVIMUC-MUC,47,75,46,41,45,8847,44,6338,43,938,48,7830,49,10610,50,8673,51,6010,54,120,47.5
2026-04-17 10:52:18 PM,KXWTAMATCH-26APR18SVIMUC-MUC,47,75,46,41,45,8847,44,6338,43,938,48,7830,49,8095,50,8673,51,6010,54,120,47.5
2026-04-17 10:52:30 PM,KXWTAMATCH-26APR18SVIMUC-MUC,47,75,46,41,45,8847,44,6338,43,938,48,7830,49,10610,50,8673,51,6010,54,120,47.5
2026-04-17 10:52:30 PM,KXWTAMATCH-26APR18SVIMUC-MUC,47,75,46,41,45,8847,44,6338,43,938,48,7830,49,10610,50,6158,51,6010,54,120,47.5
2026-04-17 10:52:36 PM,KXWTAMATCH-26APR18SVIMUC-MUC,47,75,46,41,45,8847,44,8853,43,938,48,7830,49,10610,50,6158,51,6010,54,120,47.5
2026-04-17 10:52:36 PM,KXWTAMATCH-26APR18SVIMUC-MUC,47,75,46,41,45,6332,44,8853,43,938,48,7830,49,10610,50,6158,51,6010,54,120,47.5
2026-04-17 10:52:36 PM,KXWTAMATCH-26APR18SVIMUC-MUC,47,75,46,41,45,6332,44,6338,43,938,48,7830,49,10610,50,6158,51,6010,54,120,47.5
2026-04-17 10:52:46 PM,KXWTAMATCH-26APR18SVIMUC-MUC,47,75,46,41,45,8847,44,6338,43,938,48,7830,49,10610,50,6158,51,6010,54,120,47.5
2026-04-17 10:57:18 PM,KXWTAMATCH-26APR18SVIMUC-MUC,47,75,46,41,45,8847,44,6338,43,938,48,7830,49,10610,50,8673,51,6010,54,120,47.5
2026-04-17 10:57:18 PM,KXWTAMATCH-26APR18SVIMUC-MUC,47,75,46,41,45,8847,44,6338,43,938,48,7830,49,8095,50,8673,51,6010,54,120,47.5
2026-04-17 10:57:26 PM,KXWTAMATCH-26APR18SVIMUC-MUC,47,75,46,41,45,8847,44,6338,43,938,48,7830,49,10610,50,8673,51,6010,54,120,47.5
2026-04-17 10:57:27 PM,KXWTAMATCH-26APR18SVIMUC-MUC,47,75,46,41,45,8847,44,6338,43,938,48,7830,49,10610,50,6158,51,6010,54,120,47.5
2026-04-17 10:58:29 PM,KXWTAMATCH-26APR18SVIMUC-MUC,47,75,46,41,45,8847,44,6338,43,938,48,7810,49,10610,50,6158,51,6010,54,120,47.5
2026-04-17 10:58:29 PM,KXWTAMATCH-26APR18SVIMUC-MUC,47,75,46,41,45,8857,44,6338,43,938,48,7810,49,10610,50,6158,51,6010,54,120,47.5
2026-04-17 10:58:29 PM,KXWTAMATCH-26APR18SVIMUC-MUC,47,75,46,41,45,8857,44,6348,43,938,48,7810,49,10610,50,6158,51,6010,54,120,47.5
2026-04-17 10:58:29 PM,KXWTAMATCH-26APR18SVIMUC-MUC,47,75,46,41,45,8857,44,6348,43,938,48,7810,49,10611,50,6158,51,6010,54,120,47.5
2026-04-17 10:58:30 PM,KXWTAMATCH-26APR18SVIMUC-MUC,47,75,46,41,45,8857,44,6348,43,938,48,7810,49,10610,50,6158,51,6010,54,120,47.5
2026-04-17 10:59:12 PM,KXWTAMATCH-26APR18SVIMUC-MUC,47,75,46,41,45,8857,44,8863,43,938,48,7810,49,10610,50,6158,51,6010,54,120,47.5
2026-04-17 10:59:12 PM,KXWTAMATCH-26APR18SVIMUC-MUC,47,75,46,41,45,6342,44,8863,43,938,48,7810,49,10610,50,6158,51,6010,54,120,47.5
2026-04-17 10:59:27 PM,KXWTAMATCH-26APR18SVIMUC-MUC,47,75,46,41,45,8857,44,8863,43,938,48,7810,49,10610,50,6158,51,6010,54,120,47.5
2026-04-17 10:59:27 PM,KXWTAMATCH-26APR18SVIMUC-MUC,47,75,46,41,45,8857,44,6348,43,938,48,7810,49,10610,50,6158,51,6010,54,120,47.5
2026-04-17 11:00:27 PM,KXWTAMATCH-26APR18SVIMUC-MUC,47,75,46,41,45,8857,44,8863,43,938,48,7810,49,10610,50,6158,51,6010,54,120,47.5
2026-04-17 11:00:27 PM,KXWTAMATCH-26APR18SVIMUC-MUC,47,75,46,41,45,6342,44,8863,43,938,48,7810,49,10610,50,6158,51,6010,54,120,47.5
2026-04-17 11:00:27 PM,KXWTAMATCH-26APR18SVIMUC-MUC,47,75,46,41,45,6342,44,8863,43,938,48,7810,49,8095,50,6158,51,6010,54,120,47.5
2026-04-17 11:00:28 PM,KXWTAMATCH-26APR18SVIMUC-MUC,47,75,46,41,45,6342,44,8863,43,938,48,7810,49,10610,50,6158,51,6010,54,120,47.5
2026-04-17 11:00:35 PM,KXWTAMATCH-26APR18SVIMUC-MUC,47,75,46,41,45,8857,44,8863,43,938,48,7810,49,10610,50,6158,51,6010,54,120,47.5
2026-04-17 11:00:36 PM,KXWTAMATCH-26APR18SVIMUC-MUC,47,75,46,41,45,8857,44,6348,43,938,48,7810,49,10610,50,6158,51,6010,54,120,47.5
2026-04-17 11:02:21 PM,KXWTAMATCH-26APR18SVIMUC-MUC,47,75,46,41,45,8857,44,6348,43,938,48,7797,49,10610,50,6158,51,6010,54,120,47.5
2026-04-17 11:02:21 PM,KXWTAMATCH-26APR18SVIMUC-MUC,47,75,46,41,45,8863,44,6348,43,938,48,7797,49,10610,50,6158,51,6010,54,120,47.5
2026-04-17 11:02:21 PM,KXWTAMATCH-26APR18SVIMUC-MUC,47,75,46,41,45,8863,44,6354,43,938,48,7797,49,10610,50,6158,51,6010,54,120,47.5
2026-04-17 11:02:58 PM,KXWTAMATCH-26APR18SVIMUC-MUC,47,60,46,41,45,8863,44,6354,43,938,48,7797,49,10610,50,6158,51,6010,54,120,47.5
2026-04-17 11:04:02 PM,KXWTAMATCH-26APR18SVIMUC-MUC,47,11,46,41,45,8863,44,6354,43,938,48,7797,49,10610,50,6158,51,6010,54,120,47.5
2026-04-17 11:04:02 PM,KXWTAMATCH-26APR18SVIMUC-MUC,46,41,45,8863,44,6354,43,938,42,400,48,7797,49,10610,50,6158,51,6010,54,120,47.0
2026-04-17 11:04:02 PM,KXWTAMATCH-26APR18SVIMUC-MUC,46,41,45,8863,44,6354,43,938,42,400,48,7797,49,7731,50,6158,51,6010,54,120,47.0
2026-04-17 11:04:02 PM,KXWTAMATCH-26APR18SVIMUC-MUC,46,41,45,8863,44,6354,43,938,42,400,48,7797,49,7411,50,6158,51,6010,54,120,47.0
2026-04-17 11:04:02 PM,KXWTAMATCH-26APR18SVIMUC-MUC,46,41,45,8863,44,6354,43,938,42,400,47,6364,48,7797,49,7411,50,6158,51,6010,46.5
2026-04-17 11:04:02 PM,KXWTAMATCH-26APR18SVIMUC-MUC,46,26,45,8863,44,6354,43,938,42,400,47,6364,48,7797,49,7411,50,6158,51,6010,46.5
2026-04-17 11:04:02 PM,KXWTAMATCH-26APR18SVIMUC-MUC,46,26,45,8851,44,6354,43,938,42,400,47,6364,48,7797,49,7411,50,6158,51,6010,46.5
2026-04-17 11:04:02 PM,KXWTAMATCH-26APR18SVIMUC-MUC,46,26,45,8844,44,6354,43,938,42,400,47,6364,48,7797,49,7411,50,6158,51,6010,46.5
2026-04-17 11:04:02 PM,KXWTAMATCH-26APR18SVIMUC-MUC,46,26,45,8844,44,6354,43,938,42,400,47,6364,48,7797,49,7406,50,6158,51,6010,46.5
2026-04-17 11:04:02 PM,KXWTAMATCH-26APR18SVIMUC-MUC,46,26,45,8844,44,6354,43,938,42,400,47,6364,48,7797,49,7393,50,6158,51,6010,46.5
2026-04-17 11:04:02 PM,KXWTAMATCH-26APR18SVIMUC-MUC,46,26,45,8844,44,6354,43,938,42,400,47,6364,48,7780,49,7393,50,6158,51,6010,46.5
2026-04-17 11:04:02 PM,KXWTAMATCH-26APR18SVIMUC-MUC,46,26,45,8844,44,6354,43,938,42,400,47,6364,48,7729,49,7393,50,6158,51,6010,46.5
2026-04-17 11:04:03 PM,KXWTAMATCH-26APR18SVIMUC-MUC,46,26,45,8844,44,8869,43,938,42,400,47,6364,48,7729,49,7393,50,6158,51,6010,46.5
2026-04-17 11:04:03 PM,KXWTAMATCH-26APR18SVIMUC-MUC,46,26,45,8844,44,8869,43,938,42,400,47,6364,48,10244,49,7393,50,6158,51,6010,46.5
2026-04-17 11:04:03 PM,KXWTAMATCH-26APR18SVIMUC-MUC,46,26,45,6329,44,8869,43,938,42,400,47,6364,48,10244,49,7393,50,6158,51,6010,46.5
2026-04-17 11:04:03 PM,KXWTAMATCH-26APR18SVIMUC-MUC,46,26,45,6329,44,8869,43,938,42,400,47,6364,48,9994,49,7393,50,6158,51,6010,46.5
2026-04-17 11:04:03 PM,KXWTAMATCH-26APR18SVIMUC-MUC,46,26,45,6329,44,8869,43,938,42,400,47,6364,48,9950,49,7393,50,6158,51,6010,46.5
2026-04-17 11:04:03 PM,KXWTAMATCH-26APR18SVIMUC-MUC,46,26,45,6329,44,8869,43,938,42,400,47,6364,48,9942,49,7393,50,6158,51,6010,46.5
2026-04-17 11:04:03 PM,KXWTAMATCH-26APR18SVIMUC-MUC,46,26,45,6079,44,8869,43,938,42,400,47,6364,48,9942,49,7393,50,6158,51,6010,46.5
2026-04-17 11:04:03 PM,KXWTAMATCH-26APR18SVIMUC-MUC,46,26,45,6079,44,8869,43,938,42,400,47,6364,48,9864,49,7393,50,6158,51,6010,46.5
2026-04-17 11:04:03 PM,KXWTAMATCH-26APR18SVIMUC-MUC,46,26,45,6079,44,9119,43,938,42,400,47,6364,48,9864,49,7393,50,6158,51,6010,46.5
2026-04-17 11:04:03 PM,KXWTAMATCH-26APR18SVIMUC-MUC,46,26,45,6079,44,9119,43,938,42,400,47,6364,48,9614,49,7393,50,6158,51,6010,46.5
2026-04-17 11:04:03 PM,KXWTAMATCH-26APR18SVIMUC-MUC,46,26,45,6079,44,9119,43,938,42,400,47,6364,48,9565,49,7393,50,6158,51,6010,46.5
2026-04-17 11:04:03 PM,KXWTAMATCH-26APR18SVIMUC-MUC,46,26,45,6079,44,9119,43,938,42,400,47,6614,48,9565,49,7393,50,6158,51,6010,46.5
2026-04-17 11:04:03 PM,KXWTAMATCH-26APR18SVIMUC-MUC,46,26,45,6079,44,9119,43,938,42,400,47,6614,48,9565,49,4878,50,6158,51,6010,46.5
2026-04-17 11:04:03 PM,KXWTAMATCH-26APR18SVIMUC-MUC,46,26,45,6079,44,9119,43,938,42,400,47,6614,48,9525,49,4878,50,6158,51,6010,46.5
2026-04-17 11:04:03 PM,KXWTAMATCH-26APR18SVIMUC-MUC,46,26,45,6079,44,9119,43,938,42,400,47,6614,48,9475,49,4878,50,6158,51,6010,46.5
2026-04-17 11:04:03 PM,KXWTAMATCH-26APR18SVIMUC-MUC,46,26,45,6079,44,9119,43,938,42,400,47,6614,48,9082,49,4878,50,6158,51,6010,46.5
2026-04-17 11:04:03 PM,KXWTAMATCH-26APR18SVIMUC-MUC,46,26,45,6079,44,9119,43,938,42,400,47,6614,48,8993,49,4878,50,6158,51,6010,46.5
2026-04-17 11:04:03 PM,KXWTAMATCH-26APR18SVIMUC-MUC,46,26,45,6079,44,9119,43,938,42,400,47,6614,48,8930,49,4878,50,6158,51,6010,46.5
2026-04-17 11:04:03 PM,KXWTAMATCH-26APR18SVIMUC-MUC,46,26,45,6079,44,9119,43,938,42,400,47,6614,48,8913,49,4878,50,6158,51,6010,46.5
2026-04-17 11:04:03 PM,KXWTAMATCH-26APR18SVIMUC-MUC,46,26,45,6079,44,9119,43,938,42,400,47,6614,48,8912,49,4878,50,6158,51,6010,46.5
2026-04-17 11:04:03 PM,KXWTAMATCH-26APR18SVIMUC-MUC,46,26,45,6079,44,9119,43,938,42,400,47,6614,48,8891,49,4878,50,6158,51,6010,46.5
2026-04-17 11:04:03 PM,KXWTAMATCH-26APR18SVIMUC-MUC,46,26,45,6079,44,9119,43,938,42,400,47,6614,48,8791,49,4878,50,6158,51,6010,46.5
2026-04-17 11:04:03 PM,KXWTAMATCH-26APR18SVIMUC-MUC,46,26,45,6079,44,9119,43,938,42,400,47,6614,48,8787,49,4878,50,6158,51,6010,46.5
2026-04-17 11:04:03 PM,KXWTAMATCH-26APR18SVIMUC-MUC,46,26,45,6079,44,9119,43,938,42,400,47,6614,48,8737,49,4878,50,6158,51,6010,46.5
2026-04-17 11:04:03 PM,KXWTAMATCH-26APR18SVIMUC-MUC,46,26,45,6079,44,9119,43,938,42,400,47,6614,48,8697,49,4878,50,6158,51,6010,46.5
2026-04-17 11:04:03 PM,KXWTAMATCH-26APR18SVIMUC-MUC,46,26,45,6079,44,9119,43,938,42,400,47,6654,48,8697,49,4878,50,6158,51,6010,46.5
2026-04-17 11:04:03 PM,KXWTAMATCH-26APR18SVIMUC-MUC,46,26,45,6079,44,9119,43,938,42,400,47,6654,48,8696,49,4878,50,6158,51,6010,46.5
2026-04-17 11:04:04 PM,KXWTAMATCH-26APR18SVIMUC-MUC,46,26,45,6079,44,9119,43,938,42,400,47,6654,48,8677,49,4878,50,6158,51,6010,46.5
2026-04-17 11:04:04 PM,KXWTAMATCH-26APR18SVIMUC-MUC,46,26,45,6079,44,9119,43,938,42,400,47,6654,48,8657,49,4878,50,6158,51,6010,46.5
2026-04-17 11:04:04 PM,KXWTAMATCH-26APR18SVIMUC-MUC,46,26,45,6079,44,9119,43,938,42,400,47,6654,48,8647,49,4878,50,6158,51,6010,46.5
2026-04-17 11:04:04 PM,KXWTAMATCH-26APR18SVIMUC-MUC,46,26,45,6079,44,9119,43,938,42,400,47,6654,48,8419,49,4878,50,6158,51,6010,46.5
2026-04-17 11:04:04 PM,KXWTAMATCH-26APR18SVIMUC-MUC,46,26,45,6079,44,9119,43,938,42,400,47,6654,48,8409,49,4878,50,6158,51,6010,46.5
2026-04-17 11:04:04 PM,KXWTAMATCH-26APR18SVIMUC-MUC,46,26,45,6079,44,9119,43,938,42,400,47,6654,48,8320,49,4878,50,6158,51,6010,46.5
2026-04-17 11:04:04 PM,KXWTAMATCH-26APR18SVIMUC-MUC,46,26,45,6079,44,9119,43,938,42,400,47,6654,48,8285,49,4878,50,6158,51,6010,46.5
2026-04-17 11:04:04 PM,KXWTAMATCH-26APR18SVIMUC-MUC,46,26,45,6079,44,9119,43,938,42,400,47,6654,48,8259,49,4878,50,6158,51,6010,46.5
2026-04-17 11:04:04 PM,KXWTAMATCH-26APR18SVIMUC-MUC,46,26,45,6079,44,9119,43,938,42,400,47,6654,48,8159,49,4878,50,6158,51,6010,46.5
2026-04-17 11:04:04 PM,KXWTAMATCH-26APR18SVIMUC-MUC,46,26,45,6079,44,9119,43,938,42,400,47,6654,48,8154,49,4878,50,6158,51,6010,46.5
2026-04-17 11:04:04 PM,KXWTAMATCH-26APR18SVIMUC-MUC,46,26,45,6079,44,9119,43,938,42,400,47,6654,48,8151,49,4878,50,6158,51,6010,46.5
2026-04-17 11:04:04 PM,KXWTAMATCH-26APR18SVIMUC-MUC,46,26,45,6079,44,9119,43,938,42,400,47,6654,48,8148,49,4878,50,6158,51,6010,46.5
2026-04-17 11:04:04 PM,KXWTAMATCH-26APR18SVIMUC-MUC,46,26,45,6079,44,9119,43,938,42,400,47,6654,48,7875,49,4878,50,6158,51,6010,46.5
2026-04-17 11:04:04 PM,KXWTAMATCH-26APR18SVIMUC-MUC,46,26,45,6079,44,9119,43,938,42,400,47,6654,48,7855,49,4878,50,6158,51,6010,46.5
2026-04-17 11:04:04 PM,KXWTAMATCH-26APR18SVIMUC-MUC,46,26,45,6079,44,9119,43,938,42,400,47,6654,48,7597,49,4878,50,6158,51,6010,46.5
2026-04-17 11:04:04 PM,KXWTAMATCH-26APR18SVIMUC-MUC,46,26,45,6079,44,9119,43,938,42,400,47,6654,48,5082,49,4878,50,6158,51,6010,46.5
2026-04-17 11:04:04 PM,KXWTAMATCH-26APR18SVIMUC-MUC,46,26,45,6079,44,9119,43,938,42,400,47,6654,48,4856,49,4878,50,6158,51,6010,46.5
2026-04-17 11:04:05 PM,KXWTAMATCH-26APR18SVIMUC-MUC,46,26,45,6079,44,9119,43,938,42,400,47,6654,48,4848,49,4878,50,6158,51,6010,46.5
2026-04-17 11:04:05 PM,KXWTAMATCH-26APR18SVIMUC-MUC,46,26,45,6079,44,9119,43,938,42,400,47,6654,48,4840,49,4878,50,6158,51,6010,46.5
2026-04-17 11:04:05 PM,KXWTAMATCH-26APR18SVIMUC-MUC,46,26,45,6079,44,9119,43,938,42,400,47,6654,48,4814,49,4878,50,6158,51,6010,46.5
2026-04-17 11:04:05 PM,KXWTAMATCH-26APR18SVIMUC-MUC,46,26,45,6079,44,9119,43,938,42,400,47,6654,48,4761,49,4878,50,6158,51,6010,46.5
2026-04-17 11:04:05 PM,KXWTAMATCH-26APR18SVIMUC-MUC,46,26,45,6079,44,9119,43,938,42,400,47,6654,48,4760,49,4878,50,6158,51,6010,46.5
2026-04-17 11:04:05 PM,KXWTAMATCH-26APR18SVIMUC-MUC,46,26,45,6079,44,9119,43,938,42,400,47,6654,48,4582,49,4878,50,6158,51,6010,46.5
2026-04-17 11:04:05 PM,KXWTAMATCH-26APR18SVIMUC-MUC,46,26,45,6079,44,9119,43,938,42,400,47,6654,48,4575,49,4878,50,6158,51,6010,46.5
2026-04-17 11:04:05 PM,KXWTAMATCH-26APR18SVIMUC-MUC,46,26,45,6079,44,9119,43,938,42,400,47,6654,48,4396,49,4878,50,6158,51,6010,46.5
2026-04-17 11:04:05 PM,KXWTAMATCH-26APR18SVIMUC-MUC,46,26,45,6079,44,9119,43,938,42,400,47,6654,48,4379,49,4878,50,6158,51,6010,46.5
2026-04-17 11:04:05 PM,KXWTAMATCH-26APR18SVIMUC-MUC,46,26,45,6079,44,9119,43,938,42,400,47,6654,48,4369,49,4878,50,6158,51,6010,46.5
2026-04-17 11:04:05 PM,KXWTAMATCH-26APR18SVIMUC-MUC,46,26,45,6079,44,9119,43,938,42,400,47,6654,48,4341,49,4878,50,6158,51,6010,46.5
2026-04-17 11:04:20 PM,KXWTAMATCH-26APR18SVIMUC-MUC,46,15,45,6079,44,9119,43,938,42,400,47,6654,48,4341,49,4878,50,6158,51,6010,46.5
2026-04-17 11:04:20 PM,KXWTAMATCH-26APR18SVIMUC-MUC,46,15,45,8594,44,9119,43,938,42,400,47,6654,48,4341,49,4878,50,6158,51,6010,46.5
2026-04-17 11:04:20 PM,KXWTAMATCH-26APR18SVIMUC-MUC,46,15,45,8594,44,9119,43,938,42,400,47,6654,48,4341,49,7393,50,6158,51,6010,46.5
2026-04-17 11:04:20 PM,KXWTAMATCH-26APR18SVIMUC-MUC,46,15,45,8594,44,6604,43,938,42,400,47,6654,48,4341,49,7393,50,6158,51,6010,46.5
2026-04-17 11:04:27 PM,KXWTAMATCH-26APR18SVIMUC-MUC,46,15,45,8594,44,6604,43,938,42,400,47,6603,48,4341,49,7393,50,6158,51,6010,46.5
2026-04-17 11:04:28 PM,KXWTAMATCH-26APR18SVIMUC-MUC,46,15,45,8594,44,6354,43,938,42,400,47,6603,48,4341,49,7393,50,6158,51,6010,46.5
2026-04-17 11:04:28 PM,KXWTAMATCH-26APR18SVIMUC-MUC,46,15,45,8844,44,6354,43,938,42,400,47,6603,48,4341,49,7393,50,6158,51,6010,46.5
2026-04-17 11:04:28 PM,KXWTAMATCH-26APR18SVIMUC-MUC,46,15,45,8844,44,6354,43,938,42,400,47,6353,48,4341,49,7393,50,6158,51,6010,46.5
2026-04-17 11:04:28 PM,KXWTAMATCH-26APR18SVIMUC-MUC,46,15,45,8844,44,6354,43,938,42,400,47,6353,48,4591,49,7393,50,6158,51,6010,46.5
2026-04-17 11:04:28 PM,KXWTAMATCH-26APR18SVIMUC-MUC,46,15,45,8869,44,6354,43,938,42,400,47,6353,48,4591,49,7393,50,6158,51,6010,46.5
2026-04-17 11:04:28 PM,KXWTAMATCH-26APR18SVIMUC-MUC,46,15,45,8869,44,6379,43,938,42,400,47,6353,48,4591,49,7393,50,6158,51,6010,46.5
2026-04-17 11:04:29 PM,KXWTAMATCH-26APR18SVIMUC-MUC,46,15,45,8541,44,6379,43,938,42,400,47,6353,48,4591,49,7393,50,6158,51,6010,46.5
2026-04-17 11:04:29 PM,KXWTAMATCH-26APR18SVIMUC-MUC,46,15,45,8291,44,6379,43,938,42,400,47,6353,48,4591,49,7393,50,6158,51,6010,46.5
2026-04-17 11:04:29 PM,KXWTAMATCH-26APR18SVIMUC-MUC,46,15,45,8291,44,6629,43,938,42,400,47,6353,48,4591,49,7393,50,6158,51,6010,46.5
2026-04-17 11:04:29 PM,KXWTAMATCH-26APR18SVIMUC-MUC,46,15,45,8291,44,6629,43,938,42,400,47,6353,48,4341,49,7393,50,6158,51,6010,46.5
2026-04-17 11:04:29 PM,KXWTAMATCH-26APR18SVIMUC-MUC,46,15,45,8291,44,6629,43,938,42,400,47,6603,48,4341,49,7393,50,6158,51,6010,46.5
2026-04-17 11:05:38 PM,KXWTAMATCH-26APR18SVIMUC-MUC,46,15,45,8291,44,6629,43,938,42,400,47,6603,48,4341,49,7393,50,8673,51,6010,46.5
2026-04-17 11:05:38 PM,KXWTAMATCH-26APR18SVIMUC-MUC,46,15,45,8291,44,6629,43,938,42,400,47,6603,48,4341,49,4878,50,8673,51,6010,46.5
2026-04-17 11:05:49 PM,KXWTAMATCH-26APR18SVIMUC-MUC,46,15,45,8291,44,6629,43,938,42,400,47,6603,48,4341,49,7393,50,8673,51,6010,46.5
2026-04-17 11:05:49 PM,KXWTAMATCH-26APR18SVIMUC-MUC,46,15,45,8291,44,6629,43,938,42,400,47,6603,48,4341,49,7393,50,6158,51,6010,46.5
2026-04-17 11:06:24 PM,KXWTAMATCH-26APR18SVIMUC-MUC,46,15,45,8291,44,6629,43,938,42,400,47,6553,48,4341,49,7393,50,6158,51,6010,46.5
2026-04-17 11:06:24 PM,KXWTAMATCH-26APR18SVIMUC-MUC,46,15,45,8316,44,6629,43,938,42,400,47,6553,48,4341,49,7393,50,6158,51,6010,46.5
2026-04-17 11:06:24 PM,KXWTAMATCH-26APR18SVIMUC-MUC,46,15,45,8316,44,6379,43,938,42,400,47,6553,48,4341,49,7393,50,6158,51,6010,46.5
2026-04-17 11:06:24 PM,KXWTAMATCH-26APR18SVIMUC-MUC,46,15,45,8566,44,6379,43,938,42,400,47,6553,48,4341,49,7393,50,6158,51,6010,46.5
2026-04-17 11:06:24 PM,KXWTAMATCH-26APR18SVIMUC-MUC,46,15,45,8566,44,6404,43,938,42,400,47,6553,48,4341,49,7393,50,6158,51,6010,46.5
2026-04-17 11:06:24 PM,KXWTAMATCH-26APR18SVIMUC-MUC,46,15,45,8566,44,6404,43,938,42,400,47,6303,48,4341,49,7393,50,6158,51,6010,46.5
2026-04-17 11:06:24 PM,KXWTAMATCH-26APR18SVIMUC-MUC,46,15,45,8566,44,6404,43,938,42,400,47,6303,48,4591,49,7393,50,6158,51,6010,46.5
2026-04-17 11:07:34 PM,KXWTAMATCH-26APR18SVIMUC-MUC,46,15,45,8570,44,6404,43,938,42,400,47,6303,48,4591,49,7393,50,6158,51,6010,46.5
2026-04-17 11:10:38 PM,KXWTAMATCH-26APR18SVIMUC-MUC,46,15,45,8570,44,8919,43,938,42,400,47,6303,48,4591,49,7393,50,6158,51,6010,46.5
2026-04-17 11:10:38 PM,KXWTAMATCH-26APR18SVIMUC-MUC,46,15,45,6055,44,8919,43,938,42,400,47,6303,48,4591,49,7393,50,6158,51,6010,46.5
2026-04-17 11:10:38 PM,KXWTAMATCH-26APR18SVIMUC-MUC,46,15,45,5805,44,8919,43,938,42,400,47,6303,48,4591,49,7393,50,6158,51,6010,46.5
2026-04-17 11:10:38 PM,KXWTAMATCH-26APR18SVIMUC-MUC,46,15,45,5805,44,9169,43,938,42,400,47,6303,48,4591,49,7393,50,6158,51,6010,46.5
2026-04-17 11:10:38 PM,KXWTAMATCH-26APR18SVIMUC-MUC,46,15,45,5805,44,9169,43,938,42,400,47,6303,48,4341,49,7393,50,6158,51,6010,46.5
2026-04-17 11:10:38 PM,KXWTAMATCH-26APR18SVIMUC-MUC,46,15,45,5805,44,9169,43,938,42,400,47,6553,48,4341,49,7393,50,6158,51,6010,46.5
2026-04-17 11:10:40 PM,KXWTAMATCH-26APR18SVIMUC-MUC,46,15,45,5805,44,6654,43,938,42,400,47,6553,48,4341,49,7393,50,6158,51,6010,46.5
2026-04-17 11:10:48 PM,KXWTAMATCH-26APR18SVIMUC-MUC,46,15,45,8320,44,6654,43,938,42,400,47,6553,48,4341,49,7393,50,6158,51,6010,46.5
2026-04-17 11:10:48 PM,KXWTAMATCH-26APR18SVIMUC-MUC,46,15,45,8320,44,6404,43,938,42,400,47,6553,48,4341,49,7393,50,6158,51,6010,46.5
2026-04-17 11:10:48 PM,KXWTAMATCH-26APR18SVIMUC-MUC,46,15,45,8570,44,6404,43,938,42,400,47,6553,48,4341,49,7393,50,6158,51,6010,46.5
2026-04-17 11:10:48 PM,KXWTAMATCH-26APR18SVIMUC-MUC,46,15,45,8570,44,6404,43,938,42,400,47,6303,48,4341,49,7393,50,6158,51,6010,46.5
2026-04-17 11:10:48 PM,KXWTAMATCH-26APR18SVIMUC-MUC,46,15,45,8570,44,6404,43,938,42,400,47,6303,48,4591,49,7393,50,6158,51,6010,46.5
2026-04-17 11:10:48 PM,KXWTAMATCH-26APR18SVIMUC-MUC,46,15,45,6055,44,6404,43,938,42,400,47,6303,48,4591,49,7393,50,6158,51,6010,46.5
2026-04-17 11:10:49 PM,KXWTAMATCH-26APR18SVIMUC-MUC,46,15,45,5805,44,6404,43,938,42,400,47,6303,48,4591,49,7393,50,6158,51,6010,46.5
2026-04-17 11:10:49 PM,KXWTAMATCH-26APR18SVIMUC-MUC,46,15,45,5805,44,6654,43,938,42,400,47,6303,48,4591,49,7393,50,6158,51,6010,46.5
2026-04-17 11:10:49 PM,KXWTAMATCH-26APR18SVIMUC-MUC,46,15,45,5805,44,6654,43,938,42,400,47,6303,48,4341,49,7393,50,6158,51,6010,46.5
2026-04-17 11:10:49 PM,KXWTAMATCH-26APR18SVIMUC-MUC,46,15,45,5805,44,6654,43,938,42,400,47,6553,48,4341,49,7393,50,6158,51,6010,46.5
2026-04-17 11:10:59 PM,KXWTAMATCH-26APR18SVIMUC-MUC,46,15,45,8320,44,6654,43,938,42,400,47,6553,48,4341,49,7393,50,6158,51,6010,46.5
2026-04-17 11:10:59 PM,KXWTAMATCH-26APR18SVIMUC-MUC,46,15,45,8320,44,6404,43,938,42,400,47,6553,48,4341,49,7393,50,6158,51,6010,46.5
2026-04-17 11:10:59 PM,KXWTAMATCH-26APR18SVIMUC-MUC,46,15,45,8570,44,6404,43,938,42,400,47,6553,48,4341,49,7393,50,6158,51,6010,46.5
2026-04-17 11:10:59 PM,KXWTAMATCH-26APR18SVIMUC-MUC,46,15,45,6055,44,6404,43,938,42,400,47,6553,48,4341,49,7393,50,6158,51,6010,46.5
2026-04-17 11:10:59 PM,KXWTAMATCH-26APR18SVIMUC-MUC,46,15,45,6055,44,6404,43,938,42,400,47,6303,48,4341,49,7393,50,6158,51,6010,46.5
2026-04-17 11:10:59 PM,KXWTAMATCH-26APR18SVIMUC-MUC,46,15,45,6055,44,6404,43,938,42,400,47,6303,48,4591,49,7393,50,6158,51,6010,46.5
2026-04-17 11:10:59 PM,KXWTAMATCH-26APR18SVIMUC-MUC,46,15,45,5805,44,6404,43,938,42,400,47,6303,48,4591,49,7393,50,6158,51,6010,46.5
2026-04-17 11:10:59 PM,KXWTAMATCH-26APR18SVIMUC-MUC,46,15,45,5805,44,6654,43,938,42,400,47,6303,48,4591,49,7393,50,6158,51,6010,46.5
2026-04-17 11:10:59 PM,KXWTAMATCH-26APR18SVIMUC-MUC,46,15,45,5805,44,6654,43,938,42,400,47,6303,48,4341,49,7393,50,6158,51,6010,46.5
2026-04-17 11:10:59 PM,KXWTAMATCH-26APR18SVIMUC-MUC,46,15,45,5805,44,6654,43,938,42,400,47,6553,48,4341,49,7393,50,6158,51,6010,46.5
2026-04-17 11:11:11 PM,KXWTAMATCH-26APR18SVIMUC-MUC,46,15,45,8320,44,6654,43,938,42,400,47,6553,48,4341,49,7393,50,6158,51,6010,46.5
2026-04-17 11:11:12 PM,KXWTAMATCH-26APR18SVIMUC-MUC,46,15,45,5805,44,6654,43,938,42,400,47,6553,48,4341,49,7393,50,6158,51,6010,46.5
2026-04-17 11:11:12 PM,KXWTAMATCH-26APR18SVIMUC-MUC,46,15,45,5805,44,6404,43,938,42,400,47,6553,48,4341,49,7393,50,6158,51,6010,46.5
2026-04-17 11:11:12 PM,KXWTAMATCH-26APR18SVIMUC-MUC,46,15,45,6055,44,6404,43,938,42,400,47,6553,48,4341,49,7393,50,6158,51,6010,46.5
2026-04-17 11:11:12 PM,KXWTAMATCH-26APR18SVIMUC-MUC,46,15,45,6055,44,6404,43,938,42,400,47,6303,48,4341,49,7393,50,6158,51,6010,46.5
2026-04-17 11:11:12 PM,KXWTAMATCH-26APR18SVIMUC-MUC,46,15,45,6055,44,6404,43,938,42,400,47,6303,48,4591,49,7393,50,6158,51,6010,46.5
2026-04-17 11:11:12 PM,KXWTAMATCH-26APR18SVIMUC-MUC,46,15,45,5805,44,6404,43,938,42,400,47,6303,48,4591,49,7393,50,6158,51,6010,46.5
2026-04-17 11:11:12 PM,KXWTAMATCH-26APR18SVIMUC-MUC,46,15,45,5805,44,6654,43,938,42,400,47,6303,48,4591,49,7393,50,6158,51,6010,46.5
2026-04-17 11:11:12 PM,KXWTAMATCH-26APR18SVIMUC-MUC,46,15,45,5805,44,6654,43,938,42,400,47,6303,48,4341,49,7393,50,6158,51,6010,46.5
2026-04-17 11:11:12 PM,KXWTAMATCH-26APR18SVIMUC-MUC,46,15,45,5805,44,6654,43,938,42,400,47,6553,48,4341,49,7393,50,6158,51,6010,46.5
2026-04-17 11:11:21 PM,KXWTAMATCH-26APR18SVIMUC-MUC,46,15,45,8320,44,6654,43,938,42,400,47,6553,48,4341,49,7393,50,6158,51,6010,46.5
2026-04-17 11:11:21 PM,KXWTAMATCH-26APR18SVIMUC-MUC,46,15,45,5805,44,6654,43,938,42,400,47,6553,48,4341,49,7393,50,6158,51,6010,46.5
2026-04-17 11:11:21 PM,KXWTAMATCH-26APR18SVIMUC-MUC,46,15,45,5805,44,6404,43,938,42,400,47,6553,48,4341,49,7393,50,6158,51,6010,46.5
2026-04-17 11:11:21 PM,KXWTAMATCH-26APR18SVIMUC-MUC,46,15,45,6055,44,6404,43,938,42,400,47,6553,48,4341,49,7393,50,6158,51,6010,46.5
2026-04-17 11:11:21 PM,KXWTAMATCH-26APR18SVIMUC-MUC,46,15,45,6055,44,6404,43,938,42,400,47,6303,48,4341,49,7393,50,6158,51,6010,46.5
2026-04-17 11:11:21 PM,KXWTAMATCH-26APR18SVIMUC-MUC,46,15,45,6055,44,6404,43,938,42,400,47,6303,48,4591,49,7393,50,6158,51,6010,46.5
2026-04-17 11:11:21 PM,KXWTAMATCH-26APR18SVIMUC-MUC,46,15,45,5805,44,6404,43,938,42,400,47,6303,48,4591,49,7393,50,6158,51,6010,46.5
2026-04-17 11:11:22 PM,KXWTAMATCH-26APR18SVIMUC-MUC,46,15,45,5805,44,6654,43,938,42,400,47,6303,48,4591,49,7393,50,6158,51,6010,46.5
2026-04-17 11:11:22 PM,KXWTAMATCH-26APR18SVIMUC-MUC,46,15,45,5805,44,6654,43,938,42,400,47,6303,48,4341,49,7393,50,6158,51,6010,46.5
2026-04-17 11:11:22 PM,KXWTAMATCH-26APR18SVIMUC-MUC,46,15,45,5805,44,6654,43,938,42,400,47,6553,48,4341,49,7393,50,6158,51,6010,46.5
2026-04-17 11:11:36 PM,KXWTAMATCH-26APR18SVIMUC-MUC,46,15,45,8320,44,6654,43,938,42,400,47,6553,48,4341,49,7393,50,6158,51,6010,46.5
2026-04-17 11:11:36 PM,KXWTAMATCH-26APR18SVIMUC-MUC,46,15,45,8320,44,6654,43,938,42,400,47,6553,48,4341,49,7393,50,8673,51,6010,46.5
2026-04-17 11:11:36 PM,KXWTAMATCH-26APR18SVIMUC-MUC,46,15,45,8320,44,6654,43,938,42,400,47,6553,48,4341,49,4878,50,8673,51,6010,46.5
2026-04-17 11:11:36 PM,KXWTAMATCH-26APR18SVIMUC-MUC,46,15,45,8320,44,6404,43,938,42,400,47,6553,48,4341,49,4878,50,8673,51,6010,46.5
2026-04-17 11:11:36 PM,KXWTAMATCH-26APR18SVIMUC-MUC,46,15,45,8570,44,6404,43,938,42,400,47,6553,48,4341,49,4878,50,8673,51,6010,46.5
2026-04-17 11:11:36 PM,KXWTAMATCH-26APR18SVIMUC-MUC,46,15,45,8570,44,6404,43,938,42,400,47,6303,48,4341,49,4878,50,8673,51,6010,46.5
2026-04-17 11:11:36 PM,KXWTAMATCH-26APR18SVIMUC-MUC,46,15,45,8570,44,6404,43,938,42,400,47,6303,48,4591,49,4878,50,8673,51,6010,46.5
2026-04-17 11:11:44 PM,KXWTAMATCH-26APR18SVIMUC-MUC,46,15,45,8570,44,6404,43,938,42,400,47,6303,48,4591,49,7393,50,8673,51,6010,46.5
2026-04-17 11:11:45 PM,KXWTAMATCH-26APR18SVIMUC-MUC,46,15,45,8570,44,6404,43,938,42,400,47,6303,48,4591,49,7393,50,6158,51,6010,46.5
2026-04-17 11:11:59 PM,KXWTAMATCH-26APR18SVIMUC-MUC,46,15,45,8570,44,8919,43,938,42,400,47,6303,48,4591,49,7393,50,6158,51,6010,46.5
2026-04-17 11:11:59 PM,KXWTAMATCH-26APR18SVIMUC-MUC,46,15,45,6055,44,8919,43,938,42,400,47,6303,48,4591,49,7393,50,6158,51,6010,46.5
2026-04-17 11:11:59 PM,KXWTAMATCH-26APR18SVIMUC-MUC,46,15,45,5805,44,8919,43,938,42,400,47,6303,48,4591,49,7393,50,6158,51,6010,46.5
2026-04-17 11:11:59 PM,KXWTAMATCH-26APR18SVIMUC-MUC,46,15,45,5805,44,9169,43,938,42,400,47,6303,48,4591,49,7393,50,6158,51,6010,46.5
2026-04-17 11:11:59 PM,KXWTAMATCH-26APR18SVIMUC-MUC,46,15,45,5805,44,9169,43,938,42,400,47,6303,48,4341,49,7393,50,6158,51,6010,46.5
2026-04-17 11:11:59 PM,KXWTAMATCH-26APR18SVIMUC-MUC,46,15,45,5805,44,9169,43,938,42,400,47,6553,48,4341,49,7393,50,6158,51,6010,46.5
2026-04-17 11:11:59 PM,KXWTAMATCH-26APR18SVIMUC-MUC,46,15,45,5805,44,6654,43,938,42,400,47,6553,48,4341,49,7393,50,6158,51,6010,46.5
2026-04-17 11:12:08 PM,KXWTAMATCH-26APR18SVIMUC-MUC,46,15,45,8320,44,6654,43,938,42,400,47,6553,48,4341,49,7393,50,6158,51,6010,46.5
2026-04-17 11:12:08 PM,KXWTAMATCH-26APR18SVIMUC-MUC,46,15,45,8320,44,6404,43,938,42,400,47,6553,48,4341,49,7393,50,6158,51,6010,46.5
2026-04-17 11:12:08 PM,KXWTAMATCH-26APR18SVIMUC-MUC,46,15,45,8570,44,6404,43,938,42,400,47,6553,48,4341,49,7393,50,6158,51,6010,46.5
2026-04-17 11:12:08 PM,KXWTAMATCH-26APR18SVIMUC-MUC,46,15,45,8570,44,6404,43,938,42,400,47,6303,48,4341,49,7393,50,6158,51,6010,46.5
2026-04-17 11:12:08 PM,KXWTAMATCH-26APR18SVIMUC-MUC,46,15,45,8570,44,6404,43,938,42,400,47,6303,48,4591,49,7393,50,6158,51,6010,46.5
2026-04-17 11:12:08 PM,KXWTAMATCH-26APR18SVIMUC-MUC,46,15,45,6055,44,6404,43,938,42,400,47,6303,48,4591,49,7393,50,6158,51,6010,46.5
2026-04-17 11:12:08 PM,KXWTAMATCH-26APR18SVIMUC-MUC,46,15,45,5805,44,6404,43,938,42,400,47,6303,48,4591,49,7393,50,6158,51,6010,46.5
2026-04-17 11:12:08 PM,KXWTAMATCH-26APR18SVIMUC-MUC,46,15,45,5805,44,6654,43,938,42,400,47,6303,48,4591,49,7393,50,6158,51,6010,46.5
2026-04-17 11:12:08 PM,KXWTAMATCH-26APR18SVIMUC-MUC,46,15,45,5805,44,6654,43,938,42,400,47,6303,48,4341,49,7393,50,6158,51,6010,46.5
2026-04-17 11:12:08 PM,KXWTAMATCH-26APR18SVIMUC-MUC,46,15,45,5805,44,6654,43,938,42,400,47,6553,48,4341,49,7393,50,6158,51,6010,46.5
2026-04-17 11:12:12 PM,KXWTAMATCH-26APR18SVIMUC-MUC,46,15,45,5805,44,6654,43,938,42,400,47,6553,48,6101,49,7393,50,6158,51,6010,46.5
2026-04-17 11:12:22 PM,KXWTAMATCH-26APR18SVIMUC-MUC,46,15,45,5805,44,9169,43,938,42,400,47,6553,48,6101,49,7393,50,6158,51,6010,46.5
2026-04-17 11:12:22 PM,KXWTAMATCH-26APR18SVIMUC-MUC,46,15,45,5805,44,9169,43,938,42,400,47,6553,48,6101,49,4878,50,6158,51,6010,46.5
2026-04-17 11:12:23 PM,KXWTAMATCH-26APR18SVIMUC-MUC,46,15,45,5805,44,9169,43,938,42,400,47,6553,48,6101,49,7393,50,6158,51,6010,46.5
2026-04-17 11:12:31 PM,KXWTAMATCH-26APR18SVIMUC-MUC,46,15,45,5805,44,9169,43,938,42,400,47,6553,48,6101,49,4878,50,6158,51,6010,46.5
2026-04-17 11:12:32 PM,KXWTAMATCH-26APR18SVIMUC-MUC,46,15,45,5805,44,9169,43,938,42,400,47,6553,48,6101,49,7393,50,6158,51,6010,46.5
2026-04-17 11:12:42 PM,KXWTAMATCH-26APR18SVIMUC-MUC,46,15,45,5805,44,9169,43,938,42,400,47,6553,48,6101,49,4878,50,6158,51,6010,46.5
2026-04-17 11:12:42 PM,KXWTAMATCH-26APR18SVIMUC-MUC,46,15,45,5805,44,9169,43,938,42,400,47,6553,48,6101,49,7393,50,6158,51,6010,46.5
2026-04-17 11:13:11 PM,KXWTAMATCH-26APR18SVIMUC-MUC,46,15,45,5805,44,9169,43,938,42,400,47,6553,48,8616,49,7393,50,6158,51,6010,46.5
2026-04-17 11:13:11 PM,KXWTAMATCH-26APR18SVIMUC-MUC,46,15,45,5805,44,9169,43,938,42,400,47,6553,48,8616,49,4878,50,6158,51,6010,46.5
2026-04-17 11:13:24 PM,KXWTAMATCH-26APR18SVIMUC-MUC,46,15,45,5805,44,9169,43,938,42,400,47,6553,48,8616,49,7393,50,6158,51,6010,46.5
2026-04-17 11:13:24 PM,KXWTAMATCH-26APR18SVIMUC-MUC,46,15,45,5805,44,9169,43,938,42,400,47,6553,48,6101,49,7393,50,6158,51,6010,46.5
2026-04-17 11:13:57 PM,KXWTAMATCH-26APR18SVIMUC-MUC,46,15,45,8320,44,9169,43,938,42,400,47,6553,48,6101,49,7393,50,6158,51,6010,46.5
2026-04-17 11:13:57 PM,KXWTAMATCH-26APR18SVIMUC-MUC,46,15,45,8320,44,8919,43,938,42,400,47,6553,48,6101,49,7393,50,6158,51,6010,46.5
2026-04-17 11:13:57 PM,KXWTAMATCH-26APR18SVIMUC-MUC,46,15,45,8570,44,8919,43,938,42,400,47,6553,48,6101,49,7393,50,6158,51,6010,46.5
2026-04-17 11:13:57 PM,KXWTAMATCH-26APR18SVIMUC-MUC,46,15,45,8570,44,8919,43,938,42,400,47,6303,48,6101,49,7393,50,6158,51,6010,46.5
2026-04-17 11:13:57 PM,KXWTAMATCH-26APR18SVIMUC-MUC,46,15,45,8570,44,8919,43,938,42,400,47,6303,48,6351,49,7393,50,6158,51,6010,46.5
2026-04-17 11:13:57 PM,KXWTAMATCH-26APR18SVIMUC-MUC,46,15,45,8570,44,6404,43,938,42,400,47,6303,48,6351,49,7393,50,6158,51,6010,46.5
2026-04-17 11:13:57 PM,KXWTAMATCH-26APR18SVIMUC-MUC,46,15,45,8320,44,6404,43,938,42,400,47,6303,48,6351,49,7393,50,6158,51,6010,46.5
2026-04-17 11:13:57 PM,KXWTAMATCH-26APR18SVIMUC-MUC,46,15,45,8320,44,6654,43,938,42,400,47,6303,48,6351,49,7393,50,6158,51,6010,46.5
2026-04-17 11:13:57 PM,KXWTAMATCH-26APR18SVIMUC-MUC,46,15,45,8320,44,6654,43,938,42,400,47,6303,48,6101,49,7393,50,6158,51,6010,46.5
2026-04-17 11:13:58 PM,KXWTAMATCH-26APR18SVIMUC-MUC,46,15,45,8320,44,6654,43,938,42,400,47,6553,48,6101,49,7393,50,6158,51,6010,46.5
2026-04-17 11:14:09 PM,KXWTAMATCH-26APR18SVIMUC-MUC,46,15,45,8320,44,9169,43,938,42,400,47,6553,48,6101,49,7393,50,6158,51,6010,46.5
2026-04-17 11:14:09 PM,KXWTAMATCH-26APR18SVIMUC-MUC,46,15,45,8320,44,9169,43,938,42,400,47,6553,48,8616,49,7393,50,6158,51,6010,46.5
2026-04-17 11:14:09 PM,KXWTAMATCH-26APR18SVIMUC-MUC,46,15,45,5805,44,9169,43,938,42,400,47,6553,48,8616,49,7393,50,6158,51,6010,46.5
2026-04-17 11:14:09 PM,KXWTAMATCH-26APR18SVIMUC-MUC,46,15,45,5805,44,9169,43,938,42,400,47,6553,48,8616,49,4878,50,6158,51,6010,46.5
2026-04-17 11:14:19 PM,KXWTAMATCH-26APR18SVIMUC-MUC,46,15,45,5805,44,9169,43,938,42,400,47,6553,48,8616,49,7393,50,6158,51,6010,46.5
2026-04-17 11:14:19 PM,KXWTAMATCH-26APR18SVIMUC-MUC,46,15,45,5805,44,9169,43,938,42,400,47,6553,48,6101,49,7393,50,6158,51,6010,46.5
2026-04-17 11:14:28 PM,KXWTAMATCH-26APR18SVIMUC-MUC,46,15,45,5805,44,9169,43,938,42,400,47,6553,48,8616,49,7393,50,6158,51,6010,46.5
2026-04-17 11:14:29 PM,KXWTAMATCH-26APR18SVIMUC-MUC,46,15,45,5805,44,9169,43,938,42,400,47,6553,48,8616,49,4878,50,6158,51,6010,46.5
2026-04-17 11:14:38 PM,KXWTAMATCH-26APR18SVIMUC-MUC,46,15,45,5805,44,9169,43,938,42,400,47,6553,48,8616,49,7393,50,6158,51,6010,46.5
2026-04-17 11:14:38 PM,KXWTAMATCH-26APR18SVIMUC-MUC,46,15,45,5805,44,9169,43,938,42,400,47,6553,48,6101,49,7393,50,6158,51,6010,46.5
2026-04-17 11:14:47 PM,KXWTAMATCH-26APR18SVIMUC-MUC,46,15,45,5805,44,9169,43,938,42,400,47,6553,48,8616,49,7393,50,6158,51,6010,46.5
2026-04-17 11:14:47 PM,KXWTAMATCH-26APR18SVIMUC-MUC,46,15,45,5805,44,9169,43,938,42,400,47,6553,48,8616,49,4878,50,6158,51,6010,46.5
2026-04-17 11:14:52 PM,KXWTAMATCH-26APR18SVIMUC-MUC,46,15,45,5805,44,9169,43,938,42,400,47,6553,48,6101,49,4878,50,6158,51,6010,46.5
2026-04-17 11:14:55 PM,KXWTAMATCH-26APR18SVIMUC-MUC,46,15,45,5805,44,9169,43,938,42,400,47,6553,48,8616,49,4878,50,6158,51,6010,46.5
2026-04-17 11:14:55 PM,KXWTAMATCH-26APR18SVIMUC-MUC,46,15,45,805,44,9169,43,938,42,400,47,6553,48,8616,49,4878,50,6158,51,6010,46.5
2026-04-17 11:14:55 PM,KXWTAMATCH-26APR18SVIMUC-MUC,46,15,45,805,44,9169,43,938,42,400,47,6553,48,8616,49,4878,50,6158,51,1010,46.5
2026-04-17 11:14:55 PM,KXWTAMATCH-26APR18SVIMUC-MUC,46,15,45,805,44,9169,43,3470,42,400,47,6553,48,8616,49,4878,50,6158,51,1010,46.5
2026-04-17 11:14:55 PM,KXWTAMATCH-26APR18SVIMUC-MUC,46,15,45,805,44,6654,43,3470,42,400,47,6553,48,8616,49,4878,50,6158,51,1010,46.5
2026-04-17 11:14:55 PM,KXWTAMATCH-26APR18SVIMUC-MUC,46,15,45,805,44,6654,43,8470,42,400,47,6553,48,8616,49,4878,50,6158,51,1010,46.5
2026-04-17 11:14:55 PM,KXWTAMATCH-26APR18SVIMUC-MUC,46,15,45,805,44,6654,43,8470,42,400,47,6553,48,8616,49,9878,50,6158,51,1010,46.5
2026-04-17 11:14:55 PM,KXWTAMATCH-26APR18SVIMUC-MUC,46,15,45,805,44,6654,43,8470,42,400,47,8632,48,8616,49,9878,50,6158,51,1010,46.5
2026-04-17 11:14:55 PM,KXWTAMATCH-26APR18SVIMUC-MUC,46,15,45,805,44,6654,43,8470,42,2309,47,8632,48,8616,49,9878,50,6158,51,1010,46.5
2026-04-17 11:14:55 PM,KXWTAMATCH-26APR18SVIMUC-MUC,46,15,45,163,44,6654,43,8470,42,2309,47,8632,48,8616,49,9878,50,6158,51,1010,46.5
2026-04-17 11:14:55 PM,KXWTAMATCH-26APR18SVIMUC-MUC,46,15,45,99,44,6654,43,8470,42,2309,47,8632,48,8616,49,9878,50,6158,51,1010,46.5
2026-04-17 11:14:55 PM,KXWTAMATCH-26APR18SVIMUC-MUC,46,15,45,99,44,5989,43,8470,42,2309,47,8632,48,8616,49,9878,50,6158,51,1010,46.5
2026-04-17 11:14:55 PM,KXWTAMATCH-26APR18SVIMUC-MUC,46,15,45,99,44,5989,43,8120,42,2309,47,8632,48,8616,49,9878,50,6158,51,1010,46.5
2026-04-17 11:14:55 PM,KXWTAMATCH-26APR18SVIMUC-MUC,46,15,45,99,44,5989,43,7544,42,2309,47,8632,48,8616,49,9878,50,6158,51,1010,46.5
2026-04-17 11:14:55 PM,KXWTAMATCH-26APR18SVIMUC-MUC,46,15,45,99,44,5989,43,7544,42,2309,47,8632,48,8616,49,9878,50,5746,51,1010,46.5
2026-04-17 11:14:55 PM,KXWTAMATCH-26APR18SVIMUC-MUC,46,15,45,99,44,5989,43,7544,42,2309,47,8632,48,8616,49,9878,50,5746,51,604,46.5
2026-04-17 11:14:55 PM,KXWTAMATCH-26APR18SVIMUC-MUC,46,15,45,99,44,5989,43,7544,42,2309,47,8632,48,8616,49,9878,50,5162,51,604,46.5
2026-04-17 11:14:55 PM,KXWTAMATCH-26APR18SVIMUC-MUC,46,15,45,99,44,5501,43,7544,42,2309,47,8632,48,8616,49,9878,50,5162,51,604,46.5
2026-04-17 11:14:55 PM,KXWTAMATCH-26APR18SVIMUC-MUC,46,15,45,99,44,5501,43,7544,42,2309,47,8632,48,8616,49,9878,50,5162,54,120,46.5
2026-04-17 11:14:55 PM,KXWTAMATCH-26APR18SVIMUC-MUC,46,15,45,99,44,501,43,7544,42,2309,47,8632,48,8616,49,9878,50,5162,54,120,46.5
2026-04-17 11:14:55 PM,KXWTAMATCH-26APR18SVIMUC-MUC,46,15,45,99,44,501,43,7544,42,3544,47,8632,48,8616,49,9878,50,5162,54,120,46.5
2026-04-17 11:14:55 PM,KXWTAMATCH-26APR18SVIMUC-MUC,46,15,45,99,44,501,43,7544,42,3544,47,8632,48,8616,49,9878,50,162,54,120,46.5
2026-04-17 11:14:55 PM,KXWTAMATCH-26APR18SVIMUC-MUC,46,15,45,99,44,501,43,7544,42,3544,47,8632,48,8616,49,4878,50,162,54,120,46.5
2026-04-17 11:14:55 PM,KXWTAMATCH-26APR18SVIMUC-MUC,46,15,45,99,44,501,43,7544,42,3544,47,10025,48,8616,49,4878,50,162,54,120,46.5
2026-04-17 11:14:55 PM,KXWTAMATCH-26APR18SVIMUC-MUC,46,15,45,99,44,501,43,2544,42,3544,47,10025,48,8616,49,4878,50,162,54,120,46.5
2026-04-17 11:14:55 PM,KXWTAMATCH-26APR18SVIMUC-MUC,46,15,45,99,44,501,43,2544,42,3544,47,10025,48,8616,49,2918,50,162,54,120,46.5
2026-04-17 11:14:55 PM,KXWTAMATCH-26APR18SVIMUC-MUC,46,15,45,99,44,501,43,2544,42,3544,47,11911,48,8616,49,2918,50,162,54,120,46.5
2026-04-17 11:14:56 PM,KXWTAMATCH-26APR18SVIMUC-MUC,46,15,45,99,44,501,43,4275,42,3544,47,11911,48,8616,49,2918,50,162,54,120,46.5
2026-04-17 11:15:00 PM,KXWTAMATCH-26APR18SVIMUC-MUC,46,15,45,99,44,501,43,4275,42,3544,47,11911,48,6223,49,2918,50,162,54,120,46.5
2026-04-17 11:15:00 PM,KXWTAMATCH-26APR18SVIMUC-MUC,46,15,45,99,44,501,43,4275,42,3544,47,11911,48,6037,49,2918,50,162,54,120,46.5
2026-04-17 11:15:00 PM,KXWTAMATCH-26APR18SVIMUC-MUC,46,15,45,99,44,501,43,4275,42,3544,47,11911,48,6036,49,2918,50,162,54,120,46.5
2026-04-17 11:15:00 PM,KXWTAMATCH-26APR18SVIMUC-MUC,46,15,45,99,44,501,43,4275,42,3544,47,11911,48,6018,49,2918,50,162,54,120,46.5
2026-04-17 11:15:00 PM,KXWTAMATCH-26APR18SVIMUC-MUC,46,15,45,99,44,501,43,4275,42,3544,47,11911,48,6008,49,2918,50,162,54,120,46.5
2026-04-17 11:15:00 PM,KXWTAMATCH-26APR18SVIMUC-MUC,46,15,45,99,44,501,43,4275,42,3544,47,11911,48,5999,49,2918,50,162,54,120,46.5
2026-04-17 11:15:00 PM,KXWTAMATCH-26APR18SVIMUC-MUC,46,15,45,99,44,501,43,4275,42,3544,47,11911,48,5981,49,2918,50,162,54,120,46.5
2026-04-17 11:15:00 PM,KXWTAMATCH-26APR18SVIMUC-MUC,46,15,45,99,44,501,43,4275,42,3544,47,11911,48,5525,49,2918,50,162,54,120,46.5
2026-04-17 11:15:00 PM,KXWTAMATCH-26APR18SVIMUC-MUC,46,15,45,99,44,501,43,4275,42,3544,47,11911,48,5491,49,2918,50,162,54,120,46.5
2026-04-17 11:15:00 PM,KXWTAMATCH-26APR18SVIMUC-MUC,46,15,45,99,44,501,43,4275,42,3544,47,11911,48,5485,49,2918,50,162,54,120,46.5
2026-04-17 11:15:00 PM,KXWTAMATCH-26APR18SVIMUC-MUC,46,15,45,99,44,501,43,4275,42,3544,47,11911,48,5480,49,2918,50,162,54,120,46.5
2026-04-17 11:15:00 PM,KXWTAMATCH-26APR18SVIMUC-MUC,46,15,45,99,44,501,43,4275,42,3544,47,11911,48,5420,49,2918,50,162,54,120,46.5
2026-04-17 11:15:00 PM,KXWTAMATCH-26APR18SVIMUC-MUC,46,15,45,99,44,501,43,4275,42,3544,46,6262,47,11911,48,5420,49,2918,50,162,46.0
2026-04-17 11:15:00 PM,KXWTAMATCH-26APR18SVIMUC-MUC,46,15,45,99,44,501,43,4275,42,8544,46,6262,47,11911,48,5420,49,2918,50,162,46.0
2026-04-17 11:15:00 PM,KXWTAMATCH-26APR18SVIMUC-MUC,46,15,45,99,44,501,43,4275,42,8544,46,6262,47,11911,48,10420,49,2918,50,162,46.0
2026-04-17 11:15:00 PM,KXWTAMATCH-26APR18SVIMUC-MUC,46,15,45,99,44,501,43,4275,42,8544,46,6262,47,11911,48,10420,49,7918,50,162,46.0
2026-04-17 11:15:00 PM,KXWTAMATCH-26APR18SVIMUC-MUC,46,15,45,99,44,501,43,4275,42,8544,46,6262,47,8747,48,10420,49,7918,50,162,46.0
2026-04-17 11:15:00 PM,KXWTAMATCH-26APR18SVIMUC-MUC,46,15,45,98,44,501,43,4275,42,8544,46,6262,47,8747,48,10420,49,7918,50,162,46.0
2026-04-17 11:15:00 PM,KXWTAMATCH-26APR18SVIMUC-MUC,46,15,45,88,44,501,43,4275,42,8544,46,6262,47,8747,48,10420,49,7918,50,162,46.0
2026-04-17 11:15:00 PM,KXWTAMATCH-26APR18SVIMUC-MUC,46,15,45,82,44,501,43,4275,42,8544,46,6262,47,8747,48,10420,49,7918,50,162,46.0
2026-04-17 11:15:00 PM,KXWTAMATCH-26APR18SVIMUC-MUC,46,15,45,57,44,501,43,4275,42,8544,46,6262,47,8747,48,10420,49,7918,50,162,46.0
2026-04-17 11:15:00 PM,KXWTAMATCH-26APR18SVIMUC-MUC,46,15,45,32,44,501,43,4275,42,8544,46,6262,47,8747,48,10420,49,7918,50,162,46.0
2026-04-17 11:15:00 PM,KXWTAMATCH-26APR18SVIMUC-MUC,46,15,45,32,44,501,43,4343,42,8544,46,6262,47,8747,48,10420,49,7918,50,162,46.0
2026-04-17 11:15:00 PM,KXWTAMATCH-26APR18SVIMUC-MUC,46,15,45,32,44,501,43,4343,42,8544,46,6262,47,8848,48,10420,49,7918,50,162,46.0
2026-04-17 11:15:00 PM,KXWTAMATCH-26APR18SVIMUC-MUC,46,15,45,32,44,251,43,4343,42,8544,46,6262,47,8848,48,10420,49,7918,50,162,46.0
2026-04-17 11:15:00 PM,KXWTAMATCH-26APR18SVIMUC-MUC,46,15,45,32,44,251,43,4593,42,8544,46,6262,47,8848,48,10420,49,7918,50,162,46.0
2026-04-17 11:15:00 PM,KXWTAMATCH-26APR18SVIMUC-MUC,46,15,45,32,44,251,43,4593,42,8544,46,6262,47,8598,48,10420,49,7918,50,162,46.0
2026-04-17 11:15:00 PM,KXWTAMATCH-26APR18SVIMUC-MUC,46,15,45,32,44,251,43,4593,42,8544,46,6512,47,8598,48,10420,49,7918,50,162,46.0
2026-04-17 11:15:02 PM,KXWTAMATCH-26APR18SVIMUC-MUC,46,15,45,32,44,142,43,4593,42,8544,46,6512,47,8598,48,10420,49,7918,50,162,46.0
2026-04-17 11:15:02 PM,KXWTAMATCH-26APR18SVIMUC-MUC,46,15,45,32,44,104,43,4593,42,8544,46,6512,47,8598,48,10420,49,7918,50,162,46.0
2026-04-17 11:15:02 PM,KXWTAMATCH-26APR18SVIMUC-MUC,46,15,45,32,44,104,43,4593,42,8544,46,6512,47,8598,48,10420,49,7918,54,120,46.0
2026-04-17 11:15:02 PM,KXWTAMATCH-26APR18SVIMUC-MUC,46,15,45,32,44,67,43,4593,42,8544,46,6512,47,8598,48,10420,49,7918,54,120,46.0
2026-04-17 11:15:02 PM,KXWTAMATCH-26APR18SVIMUC-MUC,46,15,45,32,44,67,43,4593,42,8544,46,6512,47,8598,48,10576,49,7918,54,120,46.0
2026-04-17 11:15:03 PM,KXWTAMATCH-26APR18SVIMUC-MUC,46,15,45,32,44,67,43,4593,42,8544,46,6512,47,11131,48,10576,49,7918,54,120,46.0
2026-04-17 11:15:03 PM,KXWTAMATCH-26APR18SVIMUC-MUC,46,15,45,32,44,67,43,4593,42,8544,46,6512,47,11131,48,8061,49,7918,54,120,46.0
2026-04-17 11:15:06 PM,KXWTAMATCH-26APR18SVIMUC-MUC,46,15,45,32,44,2600,43,4593,42,8544,46,6512,47,11131,48,8061,49,7918,54,120,46.0
2026-04-17 11:15:06 PM,KXWTAMATCH-26APR18SVIMUC-MUC,46,15,45,32,44,2600,43,4593,42,8544,46,6512,47,8598,48,8061,49,7918,54,120,46.0
2026-04-17 11:15:06 PM,KXWTAMATCH-26APR18SVIMUC-MUC,46,15,45,32,44,2600,43,2061,42,8544,46,6512,47,8598,48,8061,49,7918,54,120,46.0
2026-04-17 11:15:08 PM,KXWTAMATCH-26APR18SVIMUC-MUC,46,15,45,32,44,67,43,2061,42,8544,46,6512,47,8598,48,8061,49,7918,54,120,46.0
2026-04-17 11:15:11 PM,KXWTAMATCH-26APR18SVIMUC-MUC,46,15,45,32,44,67,43,2061,42,8544,46,6512,47,11132,48,8061,49,7918,54,120,46.0
2026-04-17 11:15:15 PM,KXWTAMATCH-26APR18SVIMUC-MUC,46,15,45,32,44,67,43,4595,42,8544,46,6512,47,11132,48,8061,49,7918,54,120,46.0
2026-04-17 11:15:16 PM,KXWTAMATCH-26APR18SVIMUC-MUC,46,15,45,32,44,67,43,4595,42,8544,46,6512,47,8598,48,8061,49,7918,54,120,46.0
2026-04-17 11:15:20 PM,KXWTAMATCH-26APR18SVIMUC-MUC,46,15,45,32,44,67,43,4595,42,8544,46,6512,47,11133,48,8061,49,7918,54,120,46.0
2026-04-17 11:15:21 PM,KXWTAMATCH-26APR18SVIMUC-MUC,46,15,45,32,44,67,43,4695,42,8544,46,6512,47,11133,48,8061,49,7918,54,120,46.0
2026-04-17 11:15:21 PM,KXWTAMATCH-26APR18SVIMUC-MUC,46,15,45,32,44,67,43,4695,42,8634,46,6512,47,11133,48,8061,49,7918,54,120,46.0
2026-04-17 11:15:21 PM,KXWTAMATCH-26APR18SVIMUC-MUC,46,15,45,32,44,67,43,4695,42,8634,46,7494,47,11133,48,8061,49,7918,54,120,46.0
2026-04-17 11:15:21 PM,KXWTAMATCH-26APR18SVIMUC-MUC,46,15,45,32,44,67,43,4695,42,8634,46,7494,47,11624,48,8061,49,7918,54,120,46.0
2026-04-17 11:15:21 PM,KXWTAMATCH-26APR18SVIMUC-MUC,46,15,45,32,44,67,43,4695,42,8634,46,7494,47,11624,48,8540,49,7918,54,120,46.0
2026-04-17 11:15:27 PM,KXWTAMATCH-26APR18SVIMUC-MUC,46,15,45,32,44,67,43,4695,42,8634,46,7494,47,9089,48,8540,49,7918,54,120,46.0
2026-04-17 11:15:28 PM,KXWTAMATCH-26APR18SVIMUC-MUC,46,15,45,32,44,67,43,4695,42,8634,46,7494,47,11625,48,8540,49,7918,54,120,46.0
2026-04-17 11:15:32 PM,KXWTAMATCH-26APR18SVIMUC-MUC,46,15,45,32,44,67,43,4695,42,8634,46,7494,47,11625,48,8384,49,7918,54,120,46.0
2026-04-17 11:15:32 PM,KXWTAMATCH-26APR18SVIMUC-MUC,46,15,45,32,44,67,43,4695,42,8634,46,7494,47,11625,48,8384,49,7918,50,162,46.0
2026-04-17 11:15:32 PM,KXWTAMATCH-26APR18SVIMUC-MUC,46,15,45,32,44,67,43,4695,42,8646,46,7494,47,11625,48,8384,49,7918,50,162,46.0
2026-04-17 11:15:36 PM,KXWTAMATCH-26APR18SVIMUC-MUC,46,15,45,32,44,67,43,4695,42,8246,46,7494,47,11625,48,8384,49,7918,50,162,46.0
2026-04-17 11:15:36 PM,KXWTAMATCH-26APR18SVIMUC-MUC,46,15,45,32,44,67,43,4695,42,8246,46,9115,47,11625,48,8384,49,7918,50,162,46.0
2026-04-17 11:15:36 PM,KXWTAMATCH-26APR18SVIMUC-MUC,46,15,45,32,44,67,43,4695,42,8246,46,10159,47,11625,48,8384,49,7918,50,162,46.0
2026-04-17 11:15:43 PM,KXWTAMATCH-26APR18SVIMUC-MUC,46,15,45,32,44,67,43,4695,42,8246,46,3897,47,11625,48,8384,49,7918,50,162,46.0
2026-04-17 11:15:43 PM,KXWTAMATCH-26APR18SVIMUC-MUC,46,15,45,32,44,67,43,4695,42,8246,46,3897,47,14687,48,8384,49,7918,50,162,46.0
2026-04-17 11:15:43 PM,KXWTAMATCH-26APR18SVIMUC-MUC,46,15,45,32,44,67,43,4695,42,8246,46,3897,47,14687,48,11584,49,7918,50,162,46.0
2026-04-17 11:15:47 PM,KXWTAMATCH-26APR18SVIMUC-MUC,46,15,45,32,44,5067,43,4695,42,8246,46,3897,47,14687,48,11584,49,7918,50,162,46.0
2026-04-17 11:15:47 PM,KXWTAMATCH-26APR18SVIMUC-MUC,46,15,45,32,44,5067,43,9695,42,8246,46,3897,47,14687,48,11584,49,7918,50,162,46.0
2026-04-17 11:15:47 PM,KXWTAMATCH-26APR18SVIMUC-MUC,46,15,45,32,44,5067,43,9695,42,3246,46,3897,47,14687,48,11584,49,7918,50,162,46.0
2026-04-17 11:15:49 PM,KXWTAMATCH-26APR18SVIMUC-MUC,46,15,45,32,44,5067,43,9695,42,3246,46,3897,47,14687,48,8384,49,7918,50,162,46.0
2026-04-17 11:15:49 PM,KXWTAMATCH-26APR18SVIMUC-MUC,46,15,45,32,44,5067,43,9695,42,3246,46,10159,47,14687,48,8384,49,7918,50,162,46.0
2026-04-17 11:15:51 PM,KXWTAMATCH-26APR18SVIMUC-MUC,46,15,45,32,44,5067,43,9695,42,3246,46,10159,47,11625,48,8384,49,7918,50,162,46.0
2026-04-17 11:16:00 PM,KXWTAMATCH-26APR18SVIMUC-MUC,46,15,45,32,44,5067,43,9695,42,5783,46,10159,47,11625,48,8384,49,7918,50,162,46.0
2026-04-17 11:16:00 PM,KXWTAMATCH-26APR18SVIMUC-MUC,46,15,45,32,44,5067,43,9695,42,5783,46,12696,47,11625,48,8384,49,7918,50,162,46.0
2026-04-17 11:16:00 PM,KXWTAMATCH-26APR18SVIMUC-MUC,46,15,45,32,44,5067,43,7161,42,5783,46,12696,47,11625,48,8384,49,7918,50,162,46.0
2026-04-17 11:16:00 PM,KXWTAMATCH-26APR18SVIMUC-MUC,46,15,45,32,44,5067,43,7161,42,5783,46,12696,47,9089,48,8384,49,7918,50,162,46.0
2026-04-17 11:16:02 PM,KXWTAMATCH-26APR18SVIMUC-MUC,46,15,45,32,44,5067,43,7161,42,5783,46,10159,47,9089,48,8384,49,7918,50,162,46.0
2026-04-17 11:16:10 PM,KXWTAMATCH-26APR18SVIMUC-MUC,46,15,45,32,44,5067,43,7161,42,5783,46,10159,47,11626,48,8384,49,7918,50,162,46.0
2026-04-17 11:16:10 PM,KXWTAMATCH-26APR18SVIMUC-MUC,46,15,45,32,44,5067,43,7161,42,5964,46,10159,47,11626,48,8384,49,7918,50,162,46.0
2026-04-17 11:16:41 PM,KXWTAMATCH-26APR18SVIMUC-MUC,46,15,45,32,44,5067,43,7161,42,5964,46,10159,47,11626,48,8385,49,7918,50,162,46.0
2026-04-17 11:16:41 PM,KXWTAMATCH-26APR18SVIMUC-MUC,46,15,45,32,44,5067,43,7161,42,5964,46,10159,47,11626,48,8384,49,7918,50,162,46.0
2026-04-17 11:16:44 PM,KXWTAMATCH-26APR18SVIMUC-MUC,46,15,45,32,44,5067,43,7161,42,3427,46,10159,47,11626,48,8384,49,7918,50,162,46.0
2026-04-17 11:16:46 PM,KXWTAMATCH-26APR18SVIMUC-MUC,46,15,45,32,44,5067,43,7161,42,5964,46,10159,47,11626,48,8384,49,7918,50,162,46.0
2026-04-17 11:17:01 PM,KXWTAMATCH-26APR18SVIMUC-MUC,46,15,45,32,44,5067,43,7161,42,3427,46,10159,47,11626,48,8384,49,7918,50,162,46.0
2026-04-17 11:17:25 PM,KXWTAMATCH-26APR18SVIMUC-MUC,46,15,45,32,44,5067,43,7161,42,5964,46,10159,47,11626,48,8384,49,7918,50,162,46.0
2026-04-17 11:17:25 PM,KXWTAMATCH-26APR18SVIMUC-MUC,46,15,45,32,44,67,43,7161,42,5964,46,10159,47,11626,48,8384,49,7918,50,162,46.0
2026-04-17 11:17:25 PM,KXWTAMATCH-26APR18SVIMUC-MUC,46,15,45,32,44,67,43,2161,42,5964,46,10159,47,11626,48,8384,49,7918,50,162,46.0
2026-04-17 11:17:25 PM,KXWTAMATCH-26APR18SVIMUC-MUC,46,15,45,32,44,67,43,2161,42,10964,46,10159,47,11626,48,8384,49,7918,50,162,46.0
2026-04-17 11:17:26 PM,KXWTAMATCH-26APR18SVIMUC-MUC,46,15,45,32,44,67,43,2161,42,10964,46,10159,47,11626,48,10921,49,7918,50,162,46.0
2026-04-17 11:17:26 PM,KXWTAMATCH-26APR18SVIMUC-MUC,46,15,45,32,44,67,43,2161,42,10964,46,10159,47,9089,48,10921,49,7918,50,162,46.0
2026-04-17 11:17:33 PM,KXWTAMATCH-26APR18SVIMUC-MUC,46,15,45,32,44,67,43,4699,42,10964,46,10159,47,9089,48,10921,49,7918,50,162,46.0
2026-04-17 11:17:33 PM,KXWTAMATCH-26APR18SVIMUC-MUC,46,15,45,32,44,67,43,9699,42,10964,46,10159,47,9089,48,10921,49,7918,50,162,46.0
2026-04-17 11:17:35 PM,KXWTAMATCH-26APR18SVIMUC-MUC,46,15,45,32,44,67,43,9699,42,10964,46,10159,47,11627,48,10921,49,7918,50,162,46.0
2026-04-17 11:17:35 PM,KXWTAMATCH-26APR18SVIMUC-MUC,46,15,45,32,44,67,43,9699,42,8427,46,10159,47,11627,48,10921,49,7918,50,162,46.0
2026-04-17 11:17:35 PM,KXWTAMATCH-26APR18SVIMUC-MUC,46,15,45,32,44,67,43,9699,42,8427,46,10159,47,11627,48,8384,49,7918,50,162,46.0
2026-04-17 11:17:44 PM,KXWTAMATCH-26APR18SVIMUC-MUC,46,15,45,32,44,67,43,9699,42,10965,46,10159,47,11627,48,8384,49,7918,50,162,46.0
2026-04-17 11:17:44 PM,KXWTAMATCH-26APR18SVIMUC-MUC,46,15,45,32,44,67,43,7161,42,10965,46,10159,47,11627,48,8384,49,7918,50,162,46.0
2026-04-17 11:17:52 PM,KXWTAMATCH-26APR18SVIMUC-MUC,46,15,45,32,44,92,43,7161,42,10965,46,10159,47,11627,48,8384,49,7918,50,162,46.0
2026-04-17 11:17:55 PM,KXWTAMATCH-26APR18SVIMUC-MUC,46,15,45,32,44,92,43,9699,42,10965,46,10159,47,11627,48,8384,49,7918,50,162,46.0
2026-04-17 11:17:55 PM,KXWTAMATCH-26APR18SVIMUC-MUC,46,15,45,32,44,92,43,9699,42,8427,46,10159,47,11627,48,8384,49,7918,50,162,46.0
2026-04-17 11:18:04 PM,KXWTAMATCH-26APR18SVIMUC-MUC,46,15,45,32,44,92,43,9699,42,10965,46,10159,47,11627,48,8384,49,7918,50,162,46.0
2026-04-17 11:18:04 PM,KXWTAMATCH-26APR18SVIMUC-MUC,46,15,45,32,44,92,43,7161,42,10965,46,10159,47,11627,48,8384,49,7918,50,162,46.0
2026-04-17 11:18:04 PM,KXWTAMATCH-26APR18SVIMUC-MUC,46,15,45,32,44,92,43,7161,42,10965,46,10159,47,9089,48,8384,49,7918,50,162,46.0
2026-04-17 11:18:04 PM,KXWTAMATCH-26APR18SVIMUC-MUC,46,15,45,32,44,92,43,7161,42,10965,46,10159,47,11627,48,8384,49,7918,50,162,46.0
2026-04-17 11:18:14 PM,KXWTAMATCH-26APR18SVIMUC-MUC,46,15,45,32,44,92,43,9699,42,10965,46,10159,47,11627,48,8384,49,7918,50,162,46.0
2026-04-17 11:18:15 PM,KXWTAMATCH-26APR18SVIMUC-MUC,46,15,45,32,44,92,43,9699,42,8427,46,10159,47,11627,48,8384,49,7918,50,162,46.0
2026-04-17 11:18:39 PM,KXWTAMATCH-26APR18SVIMUC-MUC,46,15,45,32,44,67,43,9699,42,8427,46,10159,47,11627,48,8384,49,7918,50,162,46.0
2026-04-17 11:18:42 PM,KXWTAMATCH-26APR18SVIMUC-MUC,46,15,45,32,44,67,43,9699,42,10965,46,10159,47,11627,48,8384,49,7918,50,162,46.0
2026-04-17 11:18:42 PM,KXWTAMATCH-26APR18SVIMUC-MUC,46,15,45,32,44,67,43,7161,42,10965,46,10159,47,11627,48,8384,49,7918,50,162,46.0
2026-04-17 11:18:42 PM,KXWTAMATCH-26APR18SVIMUC-MUC,46,15,45,32,44,67,43,7161,42,10965,46,12697,47,11627,48,8384,49,7918,50,162,46.0
2026-04-17 11:18:43 PM,KXWTAMATCH-26APR18SVIMUC-MUC,46,15,45,32,44,67,43,7161,42,10965,46,12697,47,11627,48,8384,49,7918,54,120,46.0
2026-04-17 11:18:43 PM,KXWTAMATCH-26APR18SVIMUC-MUC,46,15,45,32,44,67,43,7161,42,10965,46,12697,47,11627,48,8540,49,7918,54,120,46.0
2026-04-17 11:18:43 PM,KXWTAMATCH-26APR18SVIMUC-MUC,46,15,45,32,44,67,43,7161,42,10965,46,12697,47,9089,48,8540,49,7918,54,120,46.0
2026-04-17 11:18:44 PM,KXWTAMATCH-26APR18SVIMUC-MUC,46,15,45,32,44,67,43,7161,42,10965,46,10159,47,9089,48,8540,49,7918,54,120,46.0
2026-04-17 11:18:57 PM,KXWTAMATCH-26APR18SVIMUC-MUC,46,15,45,32,44,67,43,7161,42,10965,46,10159,47,11627,48,8540,49,7918,54,120,46.0
2026-04-17 11:18:57 PM,KXWTAMATCH-26APR18SVIMUC-MUC,46,15,45,32,44,67,43,9699,42,10965,46,10159,47,11627,48,8540,49,7918,54,120,46.0
2026-04-17 11:18:57 PM,KXWTAMATCH-26APR18SVIMUC-MUC,46,15,45,32,44,67,43,9699,42,8427,46,10159,47,11627,48,8540,49,7918,54,120,46.0
2026-04-17 11:19:04 PM,KXWTAMATCH-26APR18SVIMUC-MUC,46,15,45,32,44,67,43,7161,42,8427,46,10159,47,11627,48,8540,49,7918,54,120,46.0
2026-04-17 11:19:05 PM,KXWTAMATCH-26APR18SVIMUC-MUC,46,15,45,32,44,67,43,7161,42,10965,46,10159,47,11627,48,8540,49,7918,54,120,46.0
2026-04-17 11:21:07 PM,KXWTAMATCH-26APR18SVIMUC-MUC,46,15,45,32,44,67,43,7161,42,10965,46,10149,47,11627,48,8540,49,7918,54,120,46.0
2026-04-17 11:21:37 PM,KXWTAMATCH-26APR18SVIMUC-MUC,46,15,45,32,44,67,43,7161,42,10965,46,10149,47,9741,48,8540,49,7918,54,120,46.0
2026-04-17 11:22:30 PM,KXWTAMATCH-26APR18SVIMUC-MUC,46,15,45,32,44,67,43,7161,42,10965,46,10149,47,9741,48,8540,49,7918,50,162,46.0
2026-04-17 11:22:30 PM,KXWTAMATCH-26APR18SVIMUC-MUC,46,15,45,32,44,67,43,7161,42,10965,46,10149,47,9741,48,8384,49,7918,50,162,46.0
2026-04-17 11:22:42 PM,KXWTAMATCH-26APR18SVIMUC-MUC,46,15,45,32,44,67,43,7161,42,10965,46,10149,47,9741,48,8385,49,7918,50,162,46.0
2026-04-17 11:22:43 PM,KXWTAMATCH-26APR18SVIMUC-MUC,46,15,45,32,44,67,43,7161,42,10965,46,10149,47,9741,48,8384,49,7918,50,162,46.0
2026-04-17 11:23:41 PM,KXWTAMATCH-26APR18SVIMUC-MUC,46,15,45,32,44,67,43,7161,42,10965,46,9909,47,9741,48,8384,49,7918,50,162,46.0
2026-04-17 11:23:41 PM,KXWTAMATCH-26APR18SVIMUC-MUC,46,15,45,32,44,67,43,7161,42,10965,46,9837,47,9741,48,8384,49,7918,50,162,46.0
2026-04-17 11:23:41 PM,KXWTAMATCH-26APR18SVIMUC-MUC,46,15,45,32,44,67,43,6911,42,10965,46,9837,47,9741,48,8384,49,7918,50,162,46.0
2026-04-17 11:23:42 PM,KXWTAMATCH-26APR18SVIMUC-MUC,46,15,45,32,44,317,43,6911,42,10965,46,9837,47,9741,48,8384,49,7918,50,162,46.0
2026-04-17 11:23:42 PM,KXWTAMATCH-26APR18SVIMUC-MUC,46,15,45,32,44,317,43,6911,42,10965,46,9837,47,9991,48,8384,49,7918,50,162,46.0
2026-04-17 11:23:42 PM,KXWTAMATCH-26APR18SVIMUC-MUC,46,15,45,32,44,317,43,6911,42,10965,46,9837,47,11877,48,8384,49,7918,50,162,46.0
2026-04-17 11:24:45 PM,KXWTAMATCH-26APR18SVIMUC-MUC,46,15,45,32,44,317,43,6911,42,10965,46,9872,47,11877,48,8384,49,7918,50,162,46.0
2026-04-17 11:24:45 PM,KXWTAMATCH-26APR18SVIMUC-MUC,46,15,45,32,44,317,43,6946,42,10965,46,9872,47,11877,48,8384,49,7918,50,162,46.0
2026-04-17 11:26:11 PM,KXWTAMATCH-26APR18SVIMUC-MUC,46,15,45,32,44,317,43,6946,42,10965,46,12410,47,11877,48,8384,49,7918,50,162,46.0
2026-04-17 11:26:11 PM,KXWTAMATCH-26APR18SVIMUC-MUC,46,15,45,32,44,317,43,6946,42,10965,46,12410,47,9339,48,8384,49,7918,50,162,46.0
2026-04-17 11:26:12 PM,KXWTAMATCH-26APR18SVIMUC-MUC,46,15,45,32,44,317,43,6946,42,10965,46,9872,47,9339,48,8384,49,7918,50,162,46.0
2026-04-17 11:26:19 PM,KXWTAMATCH-26APR18SVIMUC-MUC,46,15,45,32,44,317,43,6946,42,10965,46,9872,47,11877,48,8384,49,7918,50,162,46.0
2026-04-17 11:28:43 PM,KXWTAMATCH-26APR18SVIMUC-MUC,46,15,45,32,44,317,43,6946,42,10965,46,9837,47,11877,48,8384,49,7918,50,162,46.0
2026-04-17 11:28:43 PM,KXWTAMATCH-26APR18SVIMUC-MUC,46,15,45,32,44,317,43,6911,42,10965,46,9837,47,11877,48,8384,49,7918,50,162,46.0
2026-04-17 11:28:44 PM,KXWTAMATCH-26APR18SVIMUC-MUC,46,15,45,32,44,317,43,6911,42,10965,46,9837,47,11877,48,8385,49,7918,50,162,46.0
2026-04-17 11:28:44 PM,KXWTAMATCH-26APR18SVIMUC-MUC,46,15,45,32,44,317,43,6911,42,10965,46,9837,47,11877,48,8384,49,7918,50,162,46.0
2026-04-17 11:28:47 PM,KXWTAMATCH-26APR18SVIMUC-MUC,46,15,45,28,44,317,43,6911,42,10965,46,9837,47,11877,48,8384,49,7918,50,162,46.0
2026-04-17 11:32:06 PM,KXWTAMATCH-26APR18SVIMUC-MUC,46,15,45,28,44,317,43,6911,42,10965,46,9815,47,11877,48,8384,49,7918,50,162,46.0
2026-04-17 11:32:15 PM,KXWTAMATCH-26APR18SVIMUC-MUC,46,15,45,28,44,317,43,6911,42,10965,46,9774,47,11877,48,8384,49,7918,50,162,46.0
2026-04-17 11:32:15 PM,KXWTAMATCH-26APR18SVIMUC-MUC,46,15,45,48,44,317,43,6911,42,10965,46,9774,47,11877,48,8384,49,7918,50,162,46.0
2026-04-17 11:34:08 PM,KXWTAMATCH-26APR18SVIMUC-MUC,46,15,45,48,44,317,43,6911,42,10965,46,9754,47,11877,48,8384,49,7918,50,162,46.0
2026-04-17 11:34:10 PM,KXWTAMATCH-26APR18SVIMUC-MUC,46,15,45,48,44,317,43,6911,42,10965,46,9722,47,11877,48,8384,49,7918,50,162,46.0
2026-04-17 11:34:42 PM,KXWTAMATCH-26APR18SVIMUC-MUC,46,15,45,48,44,317,43,6911,42,10965,46,9718,47,11877,48,8384,49,7918,50,162,46.0
2026-04-17 11:34:44 PM,KXWTAMATCH-26APR18SVIMUC-MUC,46,15,45,48,44,317,43,6911,42,10965,46,9718,47,11877,48,8385,49,7918,50,162,46.0
2026-04-17 11:34:44 PM,KXWTAMATCH-26APR18SVIMUC-MUC,46,15,45,48,44,317,43,6911,42,10965,46,9718,47,11877,48,8384,49,7918,50,162,46.0
2026-04-17 11:37:17 PM,KXWTAMATCH-26APR18SVIMUC-MUC,46,15,45,48,44,317,43,9449,42,10965,46,9718,47,11877,48,8384,49,7918,50,162,46.0
2026-04-17 11:37:17 PM,KXWTAMATCH-26APR18SVIMUC-MUC,46,15,45,48,44,317,43,6911,42,10965,46,9718,47,11877,48,8384,49,7918,50,162,46.0
2026-04-17 11:37:17 PM,KXWTAMATCH-26APR18SVIMUC-MUC,46,15,45,48,44,317,43,6911,42,8427,46,9718,47,11877,48,8384,49,7918,50,162,46.0
2026-04-17 11:37:26 PM,KXWTAMATCH-26APR18SVIMUC-MUC,46,15,45,48,44,317,43,6911,42,10965,46,9718,47,11877,48,8384,49,7918,50,162,46.0
2026-04-17 11:37:45 PM,KXWTAMATCH-26APR18SVIMUC-MUC,46,15,45,48,44,317,43,6911,42,10965,46,12256,47,11877,48,8384,49,7918,50,162,46.0
2026-04-17 11:37:45 PM,KXWTAMATCH-26APR18SVIMUC-MUC,46,15,45,48,44,317,43,6911,42,10965,46,12256,47,11877,48,8384,49,7918,54,120,46.0
2026-04-17 11:37:45 PM,KXWTAMATCH-26APR18SVIMUC-MUC,46,15,45,48,44,317,43,6911,42,10965,46,12256,47,12030,48,8384,49,7918,54,120,46.0
2026-04-17 11:37:45 PM,KXWTAMATCH-26APR18SVIMUC-MUC,46,15,45,48,44,317,43,1911,42,10965,46,12256,47,12030,48,8384,49,7918,54,120,46.0
2026-04-17 11:37:45 PM,KXWTAMATCH-26APR18SVIMUC-MUC,46,15,45,48,44,317,43,1911,42,10965,46,12256,47,12030,48,8384,49,2918,54,120,46.0
2026-04-17 11:37:45 PM,KXWTAMATCH-26APR18SVIMUC-MUC,46,15,45,48,44,317,43,1911,42,10965,46,12256,47,17030,48,8384,49,2918,54,120,46.0
2026-04-17 11:37:45 PM,KXWTAMATCH-26APR18SVIMUC-MUC,46,15,45,48,44,317,43,1911,42,10965,46,12256,47,14492,48,8384,49,2918,54,120,46.0
2026-04-17 11:37:56 PM,KXWTAMATCH-26APR18SVIMUC-MUC,46,15,45,48,44,317,43,1911,42,10965,46,12256,47,17031,48,8384,49,2918,54,120,46.0
2026-04-17 11:37:56 PM,KXWTAMATCH-26APR18SVIMUC-MUC,46,15,45,48,44,317,43,4450,42,10965,46,12256,47,17031,48,8384,49,2918,54,120,46.0
2026-04-17 11:37:56 PM,KXWTAMATCH-26APR18SVIMUC-MUC,46,15,45,48,44,317,43,9450,42,10965,46,12256,47,17031,48,8384,49,2918,54,120,46.0
2026-04-17 11:37:56 PM,KXWTAMATCH-26APR18SVIMUC-MUC,46,15,45,48,44,317,43,9450,42,10965,46,9718,47,17031,48,8384,49,2918,54,120,46.0
2026-04-17 11:37:56 PM,KXWTAMATCH-26APR18SVIMUC-MUC,46,15,45,48,44,317,43,9450,42,8427,46,9718,47,17031,48,8384,49,2918,54,120,46.0
2026-04-17 11:37:57 PM,KXWTAMATCH-26APR18SVIMUC-MUC,46,15,45,48,44,317,43,9450,42,8427,46,9708,47,17031,48,8384,49,2918,54,120,46.0
2026-04-17 11:37:59 PM,KXWTAMATCH-26APR18SVIMUC-MUC,46,15,45,48,44,317,43,6911,42,8427,46,9708,47,17031,48,8384,49,2918,54,120,46.0
2026-04-17 11:38:06 PM,KXWTAMATCH-26APR18SVIMUC-MUC,46,15,45,48,44,317,43,6911,42,10967,46,9708,47,17031,48,8384,49,2918,54,120,46.0
2026-04-17 11:38:54 PM,KXWTAMATCH-26APR18SVIMUC-MUC,46,15,45,48,44,317,43,6911,42,10967,46,9708,47,16878,48,8384,49,2918,54,120,46.0
2026-04-17 11:38:54 PM,KXWTAMATCH-26APR18SVIMUC-MUC,46,15,45,48,44,317,43,6911,42,10967,46,9708,47,16878,48,8540,49,2918,54,120,46.0
2026-04-17 11:38:54 PM,KXWTAMATCH-26APR18SVIMUC-MUC,46,15,45,48,44,317,43,6911,42,10967,46,9708,47,14339,48,8540,49,2918,54,120,46.0
2026-04-17 11:38:54 PM,KXWTAMATCH-26APR18SVIMUC-MUC,46,15,45,48,44,317,43,6911,42,10967,46,12248,47,14339,48,8540,49,2918,54,120,46.0
2026-04-17 11:38:54 PM,KXWTAMATCH-26APR18SVIMUC-MUC,46,15,45,48,44,317,43,1911,42,10967,46,12248,47,14339,48,8540,49,2918,54,120,46.0
2026-04-17 11:38:54 PM,KXWTAMATCH-26APR18SVIMUC-MUC,46,15,45,48,44,317,43,1911,42,10967,46,12248,47,14339,48,3540,49,2918,54,120,46.0
2026-04-17 11:38:54 PM,KXWTAMATCH-26APR18SVIMUC-MUC,46,15,45,48,44,317,43,1911,42,10967,46,17248,47,14339,48,3540,49,2918,54,120,46.0
2026-04-17 11:38:54 PM,KXWTAMATCH-26APR18SVIMUC-MUC,46,15,45,48,44,317,43,1911,42,11080,46,17248,47,14339,48,3540,49,2918,54,120,46.0
2026-04-17 11:38:54 PM,KXWTAMATCH-26APR18SVIMUC-MUC,46,15,45,48,44,317,43,1911,42,10899,46,17248,47,14339,48,3540,49,2918,54,120,46.0
2026-04-17 11:38:55 PM,KXWTAMATCH-26APR18SVIMUC-MUC,46,15,45,48,44,67,43,1911,42,10899,46,17248,47,14339,48,3540,49,2918,54,120,46.0
2026-04-17 11:38:55 PM,KXWTAMATCH-26APR18SVIMUC-MUC,46,15,45,48,44,67,43,2161,42,10899,46,17248,47,14339,48,3540,49,2918,54,120,46.0
2026-04-17 11:38:55 PM,KXWTAMATCH-26APR18SVIMUC-MUC,46,15,45,48,44,67,43,2161,42,10899,46,17248,47,14089,48,3540,49,2918,54,120,46.0
2026-04-17 11:38:55 PM,KXWTAMATCH-26APR18SVIMUC-MUC,46,15,45,28,44,67,43,2161,42,10899,46,17248,47,14089,48,3540,49,2918,54,120,46.0
2026-04-17 11:38:55 PM,KXWTAMATCH-26APR18SVIMUC-MUC,46,15,45,28,44,67,43,2161,42,10899,46,17498,47,14089,48,3540,49,2918,54,120,46.0
2026-04-17 11:38:55 PM,KXWTAMATCH-26APR18SVIMUC-MUC,46,15,45,28,44,97,43,2161,42,10899,46,17498,47,14089,48,3540,49,2918,54,120,46.0
2026-04-17 11:40:45 PM,KXWTAMATCH-26APR18SVIMUC-MUC,46,15,45,28,44,97,43,2161,42,10899,46,17498,47,14089,48,3541,49,2918,54,120,46.0
2026-04-17 11:40:45 PM,KXWTAMATCH-26APR18SVIMUC-MUC,46,15,45,28,44,97,43,2161,42,10899,46,17498,47,14089,48,3540,49,2918,54,120,46.0
2026-04-17 11:43:15 PM,KXWTAMATCH-26APR18SVIMUC-MUC,46,15,45,28,44,97,43,2161,42,10887,46,17498,47,14089,48,3540,49,2918,54,120,46.0
2026-04-17 11:43:15 PM,KXWTAMATCH-26APR18SVIMUC-MUC,46,15,45,28,44,97,43,2161,42,10887,46,17498,47,14242,48,3540,49,2918,54,120,46.0
2026-04-17 11:43:15 PM,KXWTAMATCH-26APR18SVIMUC-MUC,46,15,45,28,44,97,43,2161,42,10774,46,17498,47,14242,48,3540,49,2918,54,120,46.0
2026-04-17 11:43:15 PM,KXWTAMATCH-26APR18SVIMUC-MUC,46,15,45,28,44,97,43,2161,42,10774,46,17498,47,14242,48,3384,49,2918,54,120,46.0
2026-04-17 11:43:16 PM,KXWTAMATCH-26APR18SVIMUC-MUC,46,15,45,28,44,97,43,2161,42,10899,46,17498,47,14242,48,3384,49,2918,54,120,46.0
2026-04-17 11:43:16 PM,KXWTAMATCH-26APR18SVIMUC-MUC,46,15,45,28,44,97,43,2161,42,10899,46,17498,47,14089,48,3384,49,2918,54,120,46.0
2026-04-17 11:43:16 PM,KXWTAMATCH-26APR18SVIMUC-MUC,46,15,45,28,44,97,43,2161,42,10899,46,17498,47,14089,48,3540,49,2918,54,120,46.0
2026-04-17 11:43:22 PM,KXWTAMATCH-26APR18SVIMUC-MUC,46,15,45,28,44,97,43,2161,42,10774,46,17498,47,14089,48,3540,49,2918,54,120,46.0
2026-04-17 11:43:22 PM,KXWTAMATCH-26APR18SVIMUC-MUC,46,15,45,28,44,97,43,2161,42,10774,46,17498,47,14089,48,3384,49,2918,54,120,46.0
2026-04-17 11:43:22 PM,KXWTAMATCH-26APR18SVIMUC-MUC,46,15,45,28,44,97,43,2161,42,10774,46,17498,47,14242,48,3384,49,2918,54,120,46.0
2026-04-17 11:43:22 PM,KXWTAMATCH-26APR18SVIMUC-MUC,46,15,45,28,44,97,43,2161,42,10797,46,17498,47,14242,48,3384,49,2918,54,120,46.0
2026-04-17 11:43:22 PM,KXWTAMATCH-26APR18SVIMUC-MUC,46,15,45,28,44,97,43,2161,42,10898,46,17498,47,14242,48,3384,49,2918,54,120,46.0
2026-04-17 11:43:49 PM,KXWTAMATCH-26APR18SVIMUC-MUC,46,15,45,28,44,97,43,2161,42,10797,46,17498,47,14242,48,3384,49,2918,54,120,46.0
2026-04-17 11:43:57 PM,KXWTAMATCH-26APR18SVIMUC-MUC,46,15,45,28,44,97,43,2161,42,10797,46,17498,47,16784,48,3384,49,2918,54,120,46.0
2026-04-17 11:43:57 PM,KXWTAMATCH-26APR18SVIMUC-MUC,46,15,45,28,44,97,43,2161,42,10797,46,14958,47,16784,48,3384,49,2918,54,120,46.0
2026-04-17 11:43:57 PM,KXWTAMATCH-26APR18SVIMUC-MUC,46,15,45,28,44,97,43,2161,42,10797,46,14958,47,16785,48,3384,49,2918,54,120,46.0
2026-04-17 11:43:57 PM,KXWTAMATCH-26APR18SVIMUC-MUC,46,15,45,28,44,97,43,2161,42,10797,46,14958,47,16784,48,3384,49,2918,54,120,46.0
2026-04-17 11:44:02 PM,KXWTAMATCH-26APR18SVIMUC-MUC,46,15,45,28,44,97,43,2161,42,10898,46,14958,47,16784,48,3384,49,2918,54,120,46.0
2026-04-17 11:44:12 PM,KXWTAMATCH-26APR18SVIMUC-MUC,46,15,45,28,44,97,43,2161,42,10898,46,17500,47,16784,48,3384,49,2918,54,120,46.0
2026-04-17 11:44:12 PM,KXWTAMATCH-26APR18SVIMUC-MUC,46,15,45,28,44,97,43,2161,42,10898,46,17500,47,14242,48,3384,49,2918,54,120,46.0
2026-04-17 11:45:23 PM,KXWTAMATCH-26APR18SVIMUC-MUC,46,15,45,28,44,97,43,2161,42,10898,46,17499,47,14242,48,3384,49,2918,54,120,46.0
2026-04-17 11:45:37 PM,KXWTAMATCH-26APR18SVIMUC-MUC,46,15,45,28,44,97,43,2161,42,10898,46,17499,47,16784,48,3384,49,2918,54,120,46.0
2026-04-17 11:45:37 PM,KXWTAMATCH-26APR18SVIMUC-MUC,46,15,45,28,44,97,43,2161,42,10898,46,14957,47,16784,48,3384,49,2918,54,120,46.0
2026-04-17 11:45:37 PM,KXWTAMATCH-26APR18SVIMUC-MUC,46,15,45,28,44,97,43,2161,42,10898,46,14957,47,14242,48,3384,49,2918,54,120,46.0
2026-04-17 11:45:37 PM,KXWTAMATCH-26APR18SVIMUC-MUC,46,15,45,28,44,97,43,1911,42,10898,46,14957,47,14242,48,3384,49,2918,54,120,46.0
2026-04-17 11:45:37 PM,KXWTAMATCH-26APR18SVIMUC-MUC,46,15,45,28,44,347,43,1911,42,10898,46,14957,47,14242,48,3384,49,2918,54,120,46.0
2026-04-17 11:45:37 PM,KXWTAMATCH-26APR18SVIMUC-MUC,46,15,45,28,44,347,43,1911,42,10898,46,14707,47,14242,48,3384,49,2918,54,120,46.0
2026-04-17 11:45:37 PM,KXWTAMATCH-26APR18SVIMUC-MUC,46,15,45,28,44,347,43,1911,42,10898,46,14707,47,14492,48,3384,49,2918,54,120,46.0
2026-04-17 11:45:37 PM,KXWTAMATCH-26APR18SVIMUC-MUC,46,15,45,28,44,318,43,1911,42,10898,46,14707,47,14492,48,3384,49,2918,54,120,46.0
2026-04-17 11:45:37 PM,KXWTAMATCH-26APR18SVIMUC-MUC,46,15,45,58,44,318,43,1911,42,10898,46,14707,47,14492,48,3384,49,2918,54,120,46.0
2026-04-17 11:45:47 PM,KXWTAMATCH-26APR18SVIMUC-MUC,46,15,45,58,44,318,43,1911,42,10898,46,17249,47,14492,48,3384,49,2918,54,120,46.0
2026-04-17 11:45:47 PM,KXWTAMATCH-26APR18SVIMUC-MUC,46,15,45,58,44,68,43,1911,42,10898,46,17249,47,14492,48,3384,49,2918,54,120,46.0
2026-04-17 11:45:47 PM,KXWTAMATCH-26APR18SVIMUC-MUC,46,15,45,58,44,68,43,2161,42,10898,46,17249,47,14492,48,3384,49,2918,54,120,46.0
2026-04-17 11:45:47 PM,KXWTAMATCH-26APR18SVIMUC-MUC,46,15,45,58,44,68,43,2161,42,10898,46,17249,47,14242,48,3384,49,2918,54,120,46.0
2026-04-17 11:45:47 PM,KXWTAMATCH-26APR18SVIMUC-MUC,46,15,45,58,44,68,43,2161,42,10898,46,17499,47,14242,48,3384,49,2918,54,120,46.0
2026-04-17 11:46:07 PM,KXWTAMATCH-26APR18SVIMUC-MUC,46,15,45,28,44,68,43,2161,42,10898,46,17499,47,14242,48,3384,49,2918,54,120,46.0
2026-04-17 11:46:07 PM,KXWTAMATCH-26APR18SVIMUC-MUC,46,15,45,28,44,97,43,2161,42,10898,46,17499,47,14242,48,3384,49,2918,54,120,46.0
2026-04-17 11:46:46 PM,KXWTAMATCH-26APR18SVIMUC-MUC,46,15,45,28,44,97,43,2161,42,10898,46,17499,47,14242,48,3385,49,2918,54,120,46.0
2026-04-17 11:46:46 PM,KXWTAMATCH-26APR18SVIMUC-MUC,46,15,45,28,44,97,43,2161,42,10898,46,17499,47,14242,48,3384,49,2918,54,120,46.0
2026-04-17 11:47:22 PM,KXWTAMATCH-26APR18SVIMUC-MUC,46,15,45,28,44,97,43,2161,42,10898,46,17499,47,14242,48,4384,49,2918,54,120,46.0
2026-04-17 11:52:46 PM,KXWTAMATCH-26APR18SVIMUC-MUC,46,15,45,28,44,97,43,2161,42,10898,46,17499,47,14242,48,4385,49,2918,54,120,46.0
2026-04-17 11:52:46 PM,KXWTAMATCH-26APR18SVIMUC-MUC,46,15,45,28,44,97,43,2161,42,10898,46,17499,47,14242,48,4384,49,2918,54,120,46.0
2026-04-17 11:53:06 PM,KXWTAMATCH-26APR18SVIMUC-MUC,46,15,45,28,44,97,43,2161,42,10898,46,17395,47,14242,48,4384,49,2918,54,120,46.0
2026-04-17 11:54:13 PM,KXWTAMATCH-26APR18SVIMUC-MUC,46,15,45,28,44,97,43,2161,42,10898,46,17396,47,14242,48,4384,49,2918,54,120,46.0
2026-04-17 11:55:02 PM,KXWTAMATCH-26APR18SVIMUC-MUC,46,15,45,28,44,97,43,2161,42,10898,46,17301,47,14242,48,4384,49,2918,54,120,46.0
2026-04-17 11:55:03 PM,KXWTAMATCH-26APR18SVIMUC-MUC,46,15,45,28,44,126,43,2161,42,10898,46,17301,47,14242,48,4384,49,2918,54,120,46.0
2026-04-17 11:55:03 PM,KXWTAMATCH-26APR18SVIMUC-MUC,46,15,45,28,44,126,43,1911,42,10898,46,17301,47,14242,48,4384,49,2918,54,120,46.0
2026-04-17 11:55:03 PM,KXWTAMATCH-26APR18SVIMUC-MUC,46,15,45,28,44,376,43,1911,42,10898,46,17301,47,14242,48,4384,49,2918,54,120,46.0
2026-04-17 11:55:03 PM,KXWTAMATCH-26APR18SVIMUC-MUC,46,15,45,28,44,376,43,1911,42,10898,46,17051,47,14242,48,4384,49,2918,54,120,46.0
2026-04-17 11:55:03 PM,KXWTAMATCH-26APR18SVIMUC-MUC,46,15,45,28,44,376,43,1911,42,10898,46,17051,47,14492,48,4384,49,2918,54,120,46.0
2026-04-17 11:55:33 PM,KXWTAMATCH-26APR18SVIMUC-MUC,46,15,45,28,44,347,43,1911,42,10898,46,17051,47,14492,48,4384,49,2918,54,120,46.0
2026-04-17 11:55:33 PM,KXWTAMATCH-26APR18SVIMUC-MUC,46,15,45,28,44,318,43,1911,42,10898,46,17051,47,14492,48,4384,49,2918,54,120,46.0
2026-04-17 11:55:33 PM,KXWTAMATCH-26APR18SVIMUC-MUC,46,15,45,88,44,318,43,1911,42,10898,46,17051,47,14492,48,4384,49,2918,54,120,46.0
2026-04-17 11:55:33 PM,KXWTAMATCH-26APR18SVIMUC-MUC,46,15,45,88,44,68,43,1911,42,10898,46,17051,47,14492,48,4384,49,2918,54,120,46.0
2026-04-17 11:55:33 PM,KXWTAMATCH-26APR18SVIMUC-MUC,46,15,45,88,44,68,43,2161,42,10898,46,17051,47,14492,48,4384,49,2918,54,120,46.0
2026-04-17 11:55:33 PM,KXWTAMATCH-26APR18SVIMUC-MUC,46,15,45,88,44,68,43,2161,42,10898,46,17051,47,14242,48,4384,49,2918,54,120,46.0
2026-04-17 11:55:33 PM,KXWTAMATCH-26APR18SVIMUC-MUC,46,15,45,88,44,68,43,2161,42,10898,46,17301,47,14242,48,4384,49,2918,54,120,46.0
2026-04-17 11:55:34 PM,KXWTAMATCH-26APR18SVIMUC-MUC,46,15,45,88,44,68,43,2469,42,10898,46,17301,47,14242,48,4384,49,2918,54,120,46.0
2026-04-17 11:56:03 PM,KXWTAMATCH-26APR18SVIMUC-MUC,46,15,45,28,44,68,43,2469,42,10898,46,17301,47,14242,48,4384,49,2918,54,120,46.0
2026-04-17 11:56:03 PM,KXWTAMATCH-26APR18SVIMUC-MUC,46,15,45,28,44,126,43,2469,42,10898,46,17301,47,14242,48,4384,49,2918,54,120,46.0
2026-04-17 11:56:03 PM,KXWTAMATCH-26APR18SVIMUC-MUC,46,15,45,28,44,126,43,2161,42,10898,46,17301,47,14242,48,4384,49,2918,54,120,46.0
2026-04-17 11:56:03 PM,KXWTAMATCH-26APR18SVIMUC-MUC,46,15,45,28,44,126,43,1911,42,10898,46,17301,47,14242,48,4384,49,2918,54,120,46.0
2026-04-17 11:56:03 PM,KXWTAMATCH-26APR18SVIMUC-MUC,46,15,45,28,44,376,43,1911,42,10898,46,17301,47,14242,48,4384,49,2918,54,120,46.0
2026-04-17 11:56:03 PM,KXWTAMATCH-26APR18SVIMUC-MUC,46,15,45,28,44,376,43,1911,42,10898,46,17051,47,14242,48,4384,49,2918,54,120,46.0
2026-04-17 11:56:03 PM,KXWTAMATCH-26APR18SVIMUC-MUC,46,15,45,28,44,376,43,1911,42,10898,46,17051,47,14492,48,4384,49,2918,54,120,46.0
2026-04-17 11:56:33 PM,KXWTAMATCH-26APR18SVIMUC-MUC,46,15,45,28,44,318,43,1911,42,10898,46,17051,47,14492,48,4384,49,2918,54,120,46.0
2026-04-17 11:56:33 PM,KXWTAMATCH-26APR18SVIMUC-MUC,46,15,45,88,44,318,43,1911,42,10898,46,17051,47,14492,48,4384,49,2918,54,120,46.0
2026-04-17 11:56:33 PM,KXWTAMATCH-26APR18SVIMUC-MUC,46,15,45,88,44,68,43,1911,42,10898,46,17051,47,14492,48,4384,49,2918,54,120,46.0
2026-04-17 11:56:33 PM,KXWTAMATCH-26APR18SVIMUC-MUC,46,15,45,88,44,68,43,2161,42,10898,46,17051,47,14492,48,4384,49,2918,54,120,46.0
2026-04-17 11:56:33 PM,KXWTAMATCH-26APR18SVIMUC-MUC,46,15,45,88,44,68,43,2196,42,10898,46,17051,47,14492,48,4384,49,2918,54,120,46.0
2026-04-17 11:56:33 PM,KXWTAMATCH-26APR18SVIMUC-MUC,46,15,45,88,44,68,43,2196,42,10898,46,17051,47,14242,48,4384,49,2918,54,120,46.0
2026-04-17 11:56:33 PM,KXWTAMATCH-26APR18SVIMUC-MUC,46,15,45,88,44,68,43,2196,42,10898,46,17301,47,14242,48,4384,49,2918,54,120,46.0
2026-04-17 11:57:03 PM,KXWTAMATCH-26APR18SVIMUC-MUC,46,15,45,28,44,68,43,2196,42,10898,46,17301,47,14242,48,4384,49,2918,54,120,46.0
2026-04-17 11:57:03 PM,KXWTAMATCH-26APR18SVIMUC-MUC,46,15,45,28,44,126,43,2196,42,10898,46,17301,47,14242,48,4384,49,2918,54,120,46.0
2026-04-17 11:57:03 PM,KXWTAMATCH-26APR18SVIMUC-MUC,46,15,45,28,44,126,43,1946,42,10898,46,17301,47,14242,48,4384,49,2918,54,120,46.0
2026-04-17 11:57:03 PM,KXWTAMATCH-26APR18SVIMUC-MUC,46,15,45,28,44,376,43,1946,42,10898,46,17301,47,14242,48,4384,49,2918,54,120,46.0
2026-04-17 11:57:03 PM,KXWTAMATCH-26APR18SVIMUC-MUC,46,15,45,28,44,376,43,1946,42,10898,46,17051,47,14242,48,4384,49,2918,54,120,46.0
2026-04-17 11:57:03 PM,KXWTAMATCH-26APR18SVIMUC-MUC,46,15,45,28,44,376,43,1946,42,10898,46,17051,47,14492,48,4384,49,2918,54,120,46.0
2026-04-17 11:57:09 PM,KXWTAMATCH-26APR18SVIMUC-MUC,46,15,45,28,44,376,43,1911,42,10898,46,17051,47,14492,48,4384,49,2918,54,120,46.0
