ts_et,ticker,bid_1,bid_1_sz,bid_2,bid_2_sz,bid_3,bid_3_sz,bid_4,bid_4_sz,bid_5,bid_5_sz,ask_1,ask_1_sz,ask_2,ask_2_sz,ask_3,ask_3_sz,ask_4,ask_4_sz,ask_5,ask_5_sz,mid
2026-04-18 12:18:58 PM,KXWTAMATCH-26APR19RYBMUC-MUC,8,200,6,416,5,494,4,323,3,540,93,200,94,315,95,325,96,343,97,82,50.5
2026-04-18 12:35:08 PM,KXWTAMATCH-26APR19RYBMUC-MUC,8,200,6,416,5,494,4,323,3,540,40,120,93,200,94,315,95,325,96,343,24.0
2026-04-18 12:35:08 PM,KXWTAMATCH-26APR19RYBMUC-MUC,8,200,6,416,5,494,4,323,3,540,40,120,41,120,93,200,94,315,95,325,24.0
2026-04-18 12:35:08 PM,KXWTAMATCH-26APR19RYBMUC-MUC,8,200,6,416,5,494,4,323,3,540,40,120,41,120,42,200,93,200,94,315,24.0
2026-04-18 12:35:09 PM,KXWTAMATCH-26APR19RYBMUC-MUC,8,200,6,416,5,494,4,323,3,540,40,120,41,120,42,200,43,200,93,200,24.0
2026-04-18 12:35:09 PM,KXWTAMATCH-26APR19RYBMUC-MUC,8,200,6,416,5,494,4,323,3,540,40,120,41,120,42,200,43,200,44,200,24.0
2026-04-18 12:35:09 PM,KXWTAMATCH-26APR19RYBMUC-MUC,24,10,8,200,6,416,5,494,4,323,40,120,41,120,42,200,43,200,44,200,32.0
2026-04-18 12:39:58 PM,KXWTAMATCH-26APR19RYBMUC-MUC,24,10,8,200,6,416,5,495,4,323,40,120,41,120,42,200,43,200,44,200,32.0
2026-04-18 12:42:54 PM,KXWTAMATCH-26APR19RYBMUC-MUC,33,500,24,10,8,200,6,416,5,495,40,120,41,120,42,200,43,200,44,200,36.5
2026-04-18 12:42:59 PM,KXWTAMATCH-26APR19RYBMUC-MUC,33,500,24,10,12,100,8,200,6,416,40,120,41,120,42,200,43,200,44,200,36.5
2026-04-18 12:42:59 PM,KXWTAMATCH-26APR19RYBMUC-MUC,33,500,24,10,15,100,12,100,8,200,40,120,41,120,42,200,43,200,44,200,36.5
2026-04-18 12:43:02 PM,KXWTAMATCH-26APR19RYBMUC-MUC,35,1200,33,500,24,10,15,100,12,100,40,120,41,120,42,200,43,200,44,200,37.5
2026-04-18 12:43:16 PM,KXWTAMATCH-26APR19RYBMUC-MUC,35,1200,33,500,24,10,16,100,15,100,40,120,41,120,42,200,43,200,44,200,37.5
2026-04-18 12:44:44 PM,KXWTAMATCH-26APR19RYBMUC-MUC,35,1200,33,500,24,10,16,100,15,100,41,120,42,200,43,200,44,200,45,200,38.0
2026-04-18 12:44:44 PM,KXWTAMATCH-26APR19RYBMUC-MUC,35,1200,33,500,24,10,16,100,15,100,41,3,42,200,43,200,44,200,45,200,38.0
2026-04-18 12:52:06 PM,KXWTAMATCH-26APR19RYBMUC-MUC,35,1200,33,500,24,10,16,100,15,100,41,1,42,200,43,200,44,200,45,200,38.0
2026-04-18 12:52:06 PM,KXWTAMATCH-26APR19RYBMUC-MUC,35,1200,33,500,24,10,16,100,15,100,41,1,42,181,43,200,44,200,45,200,38.0
2026-04-18 12:53:23 PM,KXWTAMATCH-26APR19RYBMUC-MUC,35,1200,33,500,24,10,16,100,15,100,41,1,42,1,43,200,44,200,45,200,38.0
2026-04-18 12:53:24 PM,KXWTAMATCH-26APR19RYBMUC-MUC,35,1200,33,500,24,10,16,100,15,100,41,1,42,1,43,200,44,381,45,200,38.0
2026-04-18 12:53:24 PM,KXWTAMATCH-26APR19RYBMUC-MUC,35,1200,33,500,24,10,16,100,15,100,41,1,42,1,44,381,45,200,47,200,38.0
2026-04-18 12:53:24 PM,KXWTAMATCH-26APR19RYBMUC-MUC,35,1200,33,500,24,10,16,100,15,100,41,1,42,1,44,381,45,400,47,200,38.0
2026-04-18 12:53:24 PM,KXWTAMATCH-26APR19RYBMUC-MUC,35,1200,33,500,24,10,16,100,15,100,41,1,42,1,43,12,44,381,45,400,38.0
2026-04-18 12:53:24 PM,KXWTAMATCH-26APR19RYBMUC-MUC,35,1200,33,500,24,10,16,100,15,100,41,1,42,1,43,28,44,381,45,400,38.0
2026-04-18 12:53:24 PM,KXWTAMATCH-26APR19RYBMUC-MUC,35,1200,33,500,24,10,16,100,15,100,41,1,42,1,44,381,45,400,47,200,38.0
2026-04-18 12:53:24 PM,KXWTAMATCH-26APR19RYBMUC-MUC,35,1200,33,500,24,10,16,100,15,100,41,1,42,13,44,381,45,400,47,200,38.0
2026-04-18 12:53:24 PM,KXWTAMATCH-26APR19RYBMUC-MUC,35,1200,33,500,24,10,16,100,15,100,41,1,42,13,44,181,45,400,47,200,38.0
2026-04-18 12:53:24 PM,KXWTAMATCH-26APR19RYBMUC-MUC,35,1200,33,500,24,10,16,100,15,100,41,1,42,13,44,181,45,400,46,200,38.0
2026-04-18 12:53:24 PM,KXWTAMATCH-26APR19RYBMUC-MUC,35,1200,33,500,24,10,16,100,15,100,41,1,42,44,44,181,45,400,46,200,38.0
2026-04-18 12:53:24 PM,KXWTAMATCH-26APR19RYBMUC-MUC,35,1200,33,500,24,10,16,100,15,100,41,1,42,1,44,181,45,400,46,200,38.0
2026-04-18 12:53:24 PM,KXWTAMATCH-26APR19RYBMUC-MUC,35,1200,33,500,24,10,16,100,15,100,41,1,42,1,43,43,44,181,45,400,38.0
2026-04-18 12:53:24 PM,KXWTAMATCH-26APR19RYBMUC-MUC,35,1200,33,500,24,10,16,100,15,100,41,1,42,1,43,43,44,181,45,200,38.0
2026-04-18 12:56:38 PM,KXWTAMATCH-26APR19RYBMUC-MUC,35,1200,33,500,24,10,16,100,15,100,41,1,42,1,43,83,44,181,45,200,38.0
2026-04-18 12:57:57 PM,KXWTAMATCH-26APR19RYBMUC-MUC,35,1100,33,500,24,10,16,100,15,100,41,1,42,1,43,83,44,181,45,200,38.0
2026-04-18 12:58:08 PM,KXWTAMATCH-26APR19RYBMUC-MUC,35,1000,33,500,24,10,16,100,15,100,41,1,42,1,43,83,44,181,45,200,38.0
2026-04-18 12:58:27 PM,KXWTAMATCH-26APR19RYBMUC-MUC,35,1000,33,500,25,60,24,10,16,100,41,1,42,1,43,83,44,181,45,200,38.0
2026-04-18 01:01:29 PM,KXWTAMATCH-26APR19RYBMUC-MUC,35,1000,33,500,24,10,16,100,15,100,41,1,42,1,43,83,44,181,45,200,38.0
2026-04-18 01:02:32 PM,KXWTAMATCH-26APR19RYBMUC-MUC,35,1000,33,500,24,10,16,100,15,100,41,1,42,401,43,83,44,181,45,200,38.0
2026-04-18 01:02:32 PM,KXWTAMATCH-26APR19RYBMUC-MUC,35,1000,33,500,24,10,16,100,15,100,41,1,42,401,43,40,44,181,45,200,38.0
2026-04-18 01:02:33 PM,KXWTAMATCH-26APR19RYBMUC-MUC,35,1000,33,500,24,10,16,100,15,100,41,1,42,401,44,181,45,200,46,200,38.0
2026-04-18 01:02:33 PM,KXWTAMATCH-26APR19RYBMUC-MUC,35,1000,33,500,24,10,16,100,15,100,41,1,42,441,44,181,45,200,46,200,38.0
2026-04-18 01:02:34 PM,KXWTAMATCH-26APR19RYBMUC-MUC,35,1000,33,500,24,10,16,100,15,100,41,1,42,441,44,325,45,200,46,200,38.0
2026-04-18 01:02:34 PM,KXWTAMATCH-26APR19RYBMUC-MUC,35,1000,33,500,30,270,24,10,16,100,41,1,42,441,44,325,45,200,46,200,38.0
2026-04-18 01:03:01 PM,KXWTAMATCH-26APR19RYBMUC-MUC,35,1000,33,500,30,270,24,10,16,100,41,1,42,441,43,35,44,325,45,200,38.0
2026-04-18 01:03:01 PM,KXWTAMATCH-26APR19RYBMUC-MUC,35,1000,33,500,30,270,29,35,24,10,41,1,42,441,43,35,44,325,45,200,38.0
2026-04-18 01:05:07 PM,KXWTAMATCH-26APR19RYBMUC-MUC,35,1000,33,500,30,270,29,35,24,10,41,1,42,442,43,35,44,325,45,200,38.0
2026-04-18 01:05:10 PM,KXWTAMATCH-26APR19RYBMUC-MUC,35,1000,33,500,30,270,29,35,16,100,41,1,42,442,43,35,44,325,45,200,38.0
2026-04-18 01:05:55 PM,KXWTAMATCH-26APR19RYBMUC-MUC,35,1000,33,500,30,270,29,35,16,100,41,1,42,442,44,325,45,200,46,200,38.0
2026-04-18 01:05:55 PM,KXWTAMATCH-26APR19RYBMUC-MUC,35,1000,33,500,30,270,16,100,15,100,41,1,42,442,44,325,45,200,46,200,38.0
2026-04-18 01:06:06 PM,KXWTAMATCH-26APR19RYBMUC-MUC,35,1000,33,500,30,270,16,100,15,100,41,1,42,42,44,325,45,200,46,200,38.0
2026-04-18 01:06:06 PM,KXWTAMATCH-26APR19RYBMUC-MUC,35,1000,33,500,30,270,16,100,15,100,41,1,42,42,43,400,44,325,45,200,38.0
2026-04-18 01:06:22 PM,KXWTAMATCH-26APR19RYBMUC-MUC,33,500,30,270,16,100,15,100,12,100,41,1,42,42,43,400,44,325,45,200,37.0
2026-04-18 01:07:27 PM,KXWTAMATCH-26APR19RYBMUC-MUC,33,500,30,270,17,200,16,100,15,100,41,1,42,42,43,400,44,325,45,200,37.0
2026-04-18 01:07:35 PM,KXWTAMATCH-26APR19RYBMUC-MUC,33,500,30,270,18,100,17,200,16,100,41,1,42,42,43,400,44,325,45,200,37.0
2026-04-18 01:07:35 PM,KXWTAMATCH-26APR19RYBMUC-MUC,33,500,30,270,23,60,18,100,17,200,41,1,42,42,43,400,44,325,45,200,37.0
2026-04-18 01:07:35 PM,KXWTAMATCH-26APR19RYBMUC-MUC,33,500,30,270,23,60,18,200,17,200,41,1,42,42,43,400,44,325,45,200,37.0
2026-04-18 01:08:51 PM,KXWTAMATCH-26APR19RYBMUC-MUC,33,500,30,270,23,60,18,200,17,200,41,1,42,42,44,325,45,200,46,200,37.0
2026-04-18 01:08:51 PM,KXWTAMATCH-26APR19RYBMUC-MUC,33,500,30,270,23,60,18,200,17,200,41,401,42,42,44,325,45,200,46,200,37.0
2026-04-18 01:08:52 PM,KXWTAMATCH-26APR19RYBMUC-MUC,33,500,30,270,23,60,18,200,17,200,41,401,42,2,44,325,45,200,46,200,37.0
2026-04-18 01:08:52 PM,KXWTAMATCH-26APR19RYBMUC-MUC,33,500,30,270,23,60,18,200,17,200,41,441,42,2,44,325,45,200,46,200,37.0
2026-04-18 01:08:56 PM,KXWTAMATCH-26APR19RYBMUC-MUC,33,500,30,270,23,60,18,200,17,200,41,41,42,2,44,325,45,200,46,200,37.0
2026-04-18 01:08:56 PM,KXWTAMATCH-26APR19RYBMUC-MUC,33,500,30,270,23,60,18,200,17,200,41,41,42,2,43,400,44,325,45,200,37.0
2026-04-18 01:09:06 PM,KXWTAMATCH-26APR19RYBMUC-MUC,33,500,32,366,30,270,23,60,18,200,41,41,42,2,43,400,44,325,45,200,37.0
2026-04-18 01:09:06 PM,KXWTAMATCH-26APR19RYBMUC-MUC,33,500,32,366,30,270,23,60,18,200,36,350,41,41,42,2,43,400,44,325,34.5
2026-04-18 01:09:06 PM,KXWTAMATCH-26APR19RYBMUC-MUC,33,873,32,366,30,270,23,60,18,200,36,350,41,41,42,2,43,400,44,325,34.5
2026-04-18 01:09:06 PM,KXWTAMATCH-26APR19RYBMUC-MUC,33,873,32,852,30,270,23,60,18,200,36,350,41,41,42,2,43,400,44,325,34.5
2026-04-18 01:09:06 PM,KXWTAMATCH-26APR19RYBMUC-MUC,33,873,32,852,30,270,23,60,18,200,36,350,39,486,41,41,42,2,43,400,34.5
2026-04-18 01:09:06 PM,KXWTAMATCH-26APR19RYBMUC-MUC,33,873,32,852,30,270,23,60,18,100,36,350,39,486,41,41,42,2,43,400,34.5
2026-04-18 01:09:06 PM,KXWTAMATCH-26APR19RYBMUC-MUC,33,873,32,366,30,270,23,60,18,100,36,350,39,486,41,41,42,2,43,400,34.5
2026-04-18 01:09:06 PM,KXWTAMATCH-26APR19RYBMUC-MUC,33,873,32,366,30,270,23,60,18,100,36,350,41,41,42,2,43,400,44,325,34.5
2026-04-18 01:09:06 PM,KXWTAMATCH-26APR19RYBMUC-MUC,33,873,32,366,30,270,23,60,18,100,36,350,37,343,41,41,42,2,43,400,34.5
2026-04-18 01:09:06 PM,KXWTAMATCH-26APR19RYBMUC-MUC,33,873,32,366,30,270,23,60,18,100,36,350,37,343,41,1,42,2,43,400,34.5
2026-04-18 01:09:06 PM,KXWTAMATCH-26APR19RYBMUC-MUC,33,873,32,366,30,270,23,60,18,100,36,390,37,343,41,1,42,2,43,400,34.5
2026-04-18 01:09:06 PM,KXWTAMATCH-26APR19RYBMUC-MUC,33,873,32,366,30,270,23,60,17,200,36,390,37,343,41,1,42,2,43,400,34.5
2026-04-18 01:09:06 PM,KXWTAMATCH-26APR19RYBMUC-MUC,33,873,32,607,30,270,23,60,17,200,36,390,37,343,41,1,42,2,43,400,34.5
2026-04-18 01:09:06 PM,KXWTAMATCH-26APR19RYBMUC-MUC,33,1134,32,607,30,270,23,60,17,200,36,390,37,343,41,1,42,2,43,400,34.5
2026-04-18 01:09:06 PM,KXWTAMATCH-26APR19RYBMUC-MUC,33,1134,32,607,30,270,23,60,17,200,36,637,37,343,41,1,42,2,43,400,34.5
2026-04-18 01:09:06 PM,KXWTAMATCH-26APR19RYBMUC-MUC,33,1134,32,607,30,270,23,60,17,200,36,637,37,573,41,1,42,2,43,400,34.5
2026-04-18 01:09:06 PM,KXWTAMATCH-26APR19RYBMUC-MUC,33,1134,32,607,30,270,23,60,16,100,36,637,37,573,41,1,42,2,43,400,34.5
2026-04-18 01:09:07 PM,KXWTAMATCH-26APR19RYBMUC-MUC,33,1134,32,607,30,270,23,60,16,100,36,637,37,573,41,1,42,62,43,400,34.5
2026-04-18 01:09:24 PM,KXWTAMATCH-26APR19RYBMUC-MUC,33,1134,32,607,31,503,30,270,23,60,36,637,37,573,41,1,42,62,43,400,34.5
2026-04-18 01:09:24 PM,KXWTAMATCH-26APR19RYBMUC-MUC,33,1134,32,607,31,503,30,270,23,60,36,1140,37,573,41,1,42,62,43,400,34.5
2026-04-18 01:09:24 PM,KXWTAMATCH-26APR19RYBMUC-MUC,33,1134,32,607,31,503,30,270,16,100,36,1140,37,573,41,1,42,62,43,400,34.5
2026-04-18 01:09:24 PM,KXWTAMATCH-26APR19RYBMUC-MUC,33,1134,32,607,31,797,30,270,16,100,36,1140,37,573,41,1,42,62,43,400,34.5
2026-04-18 01:09:24 PM,KXWTAMATCH-26APR19RYBMUC-MUC,33,873,32,607,31,797,30,270,16,100,36,1140,37,573,41,1,42,62,43,400,34.5
2026-04-18 01:09:24 PM,KXWTAMATCH-26APR19RYBMUC-MUC,33,500,32,607,31,797,30,270,16,100,36,1140,37,573,41,1,42,62,43,400,34.5
2026-04-18 01:09:24 PM,KXWTAMATCH-26APR19RYBMUC-MUC,33,500,32,607,31,342,30,270,16,100,36,1140,37,573,41,1,42,62,43,400,34.5
2026-04-18 01:09:24 PM,KXWTAMATCH-26APR19RYBMUC-MUC,33,500,32,607,31,545,30,270,16,100,36,1140,37,573,41,1,42,62,43,400,34.5
2026-04-18 01:09:24 PM,KXWTAMATCH-26APR19RYBMUC-MUC,33,500,32,607,31,545,30,270,16,100,36,685,37,573,41,1,42,62,43,400,34.5
2026-04-18 01:09:45 PM,KXWTAMATCH-26APR19RYBMUC-MUC,33,500,32,607,31,545,30,270,16,100,35,56,36,685,37,573,41,1,42,62,34.0
2026-04-18 01:09:45 PM,KXWTAMATCH-26APR19RYBMUC-MUC,33,500,32,607,31,545,30,623,16,100,35,56,36,685,37,573,41,1,42,62,34.0
2026-04-18 01:09:45 PM,KXWTAMATCH-26APR19RYBMUC-MUC,33,500,32,607,31,545,30,623,16,100,35,376,36,685,37,573,41,1,42,62,34.0
2026-04-18 01:09:45 PM,KXWTAMATCH-26APR19RYBMUC-MUC,33,500,32,607,31,545,30,849,16,100,35,376,36,685,37,573,41,1,42,62,34.0
2026-04-18 01:09:45 PM,KXWTAMATCH-26APR19RYBMUC-MUC,33,500,32,607,31,545,30,849,16,100,35,376,36,637,37,573,41,1,42,62,34.0
2026-04-18 01:09:45 PM,KXWTAMATCH-26APR19RYBMUC-MUC,33,500,32,607,31,545,30,849,16,100,35,576,36,637,37,573,41,1,42,62,34.0
2026-04-18 01:09:45 PM,KXWTAMATCH-26APR19RYBMUC-MUC,33,500,32,607,31,545,30,849,16,100,35,576,36,597,37,573,41,1,42,62,34.0
2026-04-18 01:09:45 PM,KXWTAMATCH-26APR19RYBMUC-MUC,33,500,32,607,31,545,30,849,16,100,35,616,36,597,37,573,41,1,42,62,34.0
2026-04-18 01:09:45 PM,KXWTAMATCH-26APR19RYBMUC-MUC,33,500,32,366,31,545,30,849,16,100,35,616,36,597,37,573,41,1,42,62,34.0
2026-04-18 01:09:45 PM,KXWTAMATCH-26APR19RYBMUC-MUC,33,500,31,545,30,849,16,100,15,100,35,616,36,597,37,573,41,1,42,62,34.0
2026-04-18 01:09:46 PM,KXWTAMATCH-26APR19RYBMUC-MUC,33,500,31,545,30,908,16,100,15,100,35,616,36,597,37,573,41,1,42,62,34.0
2026-04-18 01:09:46 PM,KXWTAMATCH-26APR19RYBMUC-MUC,33,500,31,497,30,908,16,100,15,100,35,616,36,597,37,573,41,1,42,62,34.0
2026-04-18 01:09:56 PM,KXWTAMATCH-26APR19RYBMUC-MUC,31,497,30,908,16,100,15,100,12,100,35,616,36,597,37,573,41,1,42,62,33.0
2026-04-18 01:09:57 PM,KXWTAMATCH-26APR19RYBMUC-MUC,31,497,30,908,29,500,16,100,15,100,35,616,36,597,37,573,41,1,42,62,33.0
2026-04-18 01:10:28 PM,KXWTAMATCH-26APR19RYBMUC-MUC,31,497,30,908,29,500,16,100,15,100,35,617,36,597,37,573,41,1,42,62,33.0
2026-04-18 01:10:35 PM,KXWTAMATCH-26APR19RYBMUC-MUC,31,497,30,908,29,500,16,100,15,100,35,617,36,597,37,573,41,1,42,2,33.0
2026-04-18 01:10:37 PM,KXWTAMATCH-26APR19RYBMUC-MUC,31,497,30,908,16,100,15,100,12,100,35,617,36,597,37,573,41,1,42,2,33.0
2026-04-18 01:10:40 PM,KXWTAMATCH-26APR19RYBMUC-MUC,31,497,30,908,28,500,16,100,15,100,35,617,36,597,37,573,41,1,42,2,33.0
2026-04-18 01:10:41 PM,KXWTAMATCH-26APR19RYBMUC-MUC,32,59,31,497,30,908,28,500,16,100,35,617,36,597,37,573,41,1,42,2,33.5
2026-04-18 01:10:41 PM,KXWTAMATCH-26APR19RYBMUC-MUC,32,59,31,497,30,908,28,500,16,100,35,561,36,597,37,573,41,1,42,2,33.5
2026-04-18 01:10:42 PM,KXWTAMATCH-26APR19RYBMUC-MUC,32,59,31,497,30,908,28,500,16,100,35,561,36,656,37,573,41,1,42,2,33.5
2026-04-18 01:10:42 PM,KXWTAMATCH-26APR19RYBMUC-MUC,32,59,31,497,30,849,28,500,16,100,35,561,36,656,37,573,41,1,42,2,33.5
2026-04-18 01:10:42 PM,KXWTAMATCH-26APR19RYBMUC-MUC,32,59,31,497,30,849,28,500,16,100,35,5361,36,656,37,573,41,1,42,2,33.5
2026-04-18 01:10:42 PM,KXWTAMATCH-26APR19RYBMUC-MUC,32,59,31,497,30,849,28,500,16,100,35,5361,36,5456,37,573,41,1,42,2,33.5
2026-04-18 01:10:42 PM,KXWTAMATCH-26APR19RYBMUC-MUC,32,2459,31,497,30,849,28,500,16,100,35,5361,36,5456,37,573,41,1,42,2,33.5
2026-04-18 01:10:42 PM,KXWTAMATCH-26APR19RYBMUC-MUC,32,2459,31,2897,30,849,28,500,16,100,35,5361,36,5456,37,573,41,1,42,2,33.5
2026-04-18 01:10:46 PM,KXWTAMATCH-26APR19RYBMUC-MUC,32,2459,31,2897,30,849,28,500,16,100,35,5361,36,5456,37,573,41,1,42,141,33.5
2026-04-18 01:10:46 PM,KXWTAMATCH-26APR19RYBMUC-MUC,32,2459,31,2897,30,579,28,500,16,100,35,5361,36,5456,37,573,41,1,42,141,33.5
2026-04-18 01:10:46 PM,KXWTAMATCH-26APR19RYBMUC-MUC,32,2459,31,2897,30,579,29,279,28,500,35,5361,36,5456,37,573,41,1,42,141,33.5
2026-04-18 01:10:46 PM,KXWTAMATCH-26APR19RYBMUC-MUC,32,2400,31,2897,30,579,29,279,28,500,35,5361,36,5456,37,573,41,1,42,141,33.5
2026-04-18 01:11:09 PM,KXWTAMATCH-26APR19RYBMUC-MUC,32,2400,31,2897,30,640,29,279,28,500,35,5361,36,5456,37,573,41,1,42,141,33.5
2026-04-18 01:11:09 PM,KXWTAMATCH-26APR19RYBMUC-MUC,32,2400,31,2897,30,640,29,279,28,500,35,5422,36,5456,37,573,41,1,42,141,33.5
2026-04-18 01:11:10 PM,KXWTAMATCH-26APR19RYBMUC-MUC,32,2400,31,2897,30,640,29,279,28,500,35,5422,36,5397,37,573,41,1,42,141,33.5
2026-04-18 01:11:10 PM,KXWTAMATCH-26APR19RYBMUC-MUC,32,2400,31,2897,30,640,29,279,28,500,35,5361,36,5397,37,573,41,1,42,141,33.5
2026-04-18 01:11:25 PM,KXWTAMATCH-26APR19RYBMUC-MUC,32,2400,31,2958,30,640,29,279,28,500,35,5361,36,5397,37,573,41,1,42,141,33.5
2026-04-18 01:11:25 PM,KXWTAMATCH-26APR19RYBMUC-MUC,32,2400,31,2958,30,640,29,279,28,500,35,5422,36,5397,37,573,41,1,42,141,33.5
2026-04-18 01:11:25 PM,KXWTAMATCH-26APR19RYBMUC-MUC,32,2400,31,2958,30,579,29,279,28,500,35,5422,36,5397,37,573,41,1,42,141,33.5
2026-04-18 01:11:39 PM,KXWTAMATCH-26APR19RYBMUC-MUC,32,2400,31,2958,30,579,29,279,28,500,34,297,35,5422,36,5397,37,573,41,1,33.0
2026-04-18 01:11:39 PM,KXWTAMATCH-26APR19RYBMUC-MUC,32,2400,31,2958,30,640,29,279,28,500,34,297,35,5422,36,5397,37,573,41,1,33.0
2026-04-18 01:11:39 PM,KXWTAMATCH-26APR19RYBMUC-MUC,32,2400,31,2897,30,640,29,279,28,500,34,297,35,5422,36,5397,37,573,41,1,33.0
2026-04-18 01:11:40 PM,KXWTAMATCH-26APR19RYBMUC-MUC,32,2400,31,2897,30,640,29,279,28,500,34,358,35,5422,36,5397,37,573,41,1,33.0
2026-04-18 01:11:40 PM,KXWTAMATCH-26APR19RYBMUC-MUC,32,2400,31,2897,30,640,29,279,28,500,34,358,35,5382,36,5397,37,573,41,1,33.0
2026-04-18 01:11:40 PM,KXWTAMATCH-26APR19RYBMUC-MUC,32,2400,31,2897,30,640,29,279,28,500,34,398,35,5382,36,5397,37,573,41,1,33.0
2026-04-18 01:11:40 PM,KXWTAMATCH-26APR19RYBMUC-MUC,32,2400,31,2897,30,640,29,279,28,500,34,398,35,5321,36,5397,37,573,41,1,33.0
2026-04-18 01:11:49 PM,KXWTAMATCH-26APR19RYBMUC-MUC,32,2400,31,2958,30,640,29,279,28,500,34,398,35,5321,36,5397,37,573,41,1,33.0
2026-04-18 01:11:49 PM,KXWTAMATCH-26APR19RYBMUC-MUC,32,2400,31,2958,30,640,29,279,28,500,34,398,35,5382,36,5397,37,573,41,1,33.0
2026-04-18 01:11:49 PM,KXWTAMATCH-26APR19RYBMUC-MUC,32,2400,31,2958,30,640,29,279,28,500,34,337,35,5382,36,5397,37,573,41,1,33.0
2026-04-18 01:11:53 PM,KXWTAMATCH-26APR19RYBMUC-MUC,32,2400,31,2958,30,579,29,279,28,500,34,337,35,5382,36,5397,37,573,41,1,33.0
2026-04-18 01:12:06 PM,KXWTAMATCH-26APR19RYBMUC-MUC,32,2400,31,2958,30,641,29,279,28,500,34,337,35,5382,36,5397,37,573,41,1,33.0
2026-04-18 01:12:07 PM,KXWTAMATCH-26APR19RYBMUC-MUC,32,2400,31,2958,30,641,29,279,28,500,34,399,35,5382,36,5397,37,573,41,1,33.0
2026-04-18 01:12:07 PM,KXWTAMATCH-26APR19RYBMUC-MUC,32,2400,31,2897,30,641,29,279,28,500,34,399,35,5382,36,5397,37,573,41,1,33.0
2026-04-18 01:12:07 PM,KXWTAMATCH-26APR19RYBMUC-MUC,32,2400,31,2897,30,641,29,279,28,500,34,587,35,5382,36,5397,37,573,41,1,33.0
2026-04-18 01:12:07 PM,KXWTAMATCH-26APR19RYBMUC-MUC,32,2400,31,2897,30,641,29,279,28,500,34,587,35,5321,36,5397,37,573,41,1,33.0
2026-04-18 01:12:16 PM,KXWTAMATCH-26APR19RYBMUC-MUC,32,2400,31,2897,30,641,29,503,28,500,34,587,35,5321,36,5397,37,573,41,1,33.0
2026-04-18 01:12:16 PM,KXWTAMATCH-26APR19RYBMUC-MUC,32,2400,31,2897,30,641,29,817,28,500,34,587,35,5321,36,5397,37,573,41,1,33.0
2026-04-18 01:12:17 PM,KXWTAMATCH-26APR19RYBMUC-MUC,32,2400,31,2897,30,641,29,817,28,500,34,587,35,521,36,5397,37,573,41,1,33.0
2026-04-18 01:12:17 PM,KXWTAMATCH-26APR19RYBMUC-MUC,32,2400,31,2897,30,641,29,817,28,500,34,587,35,521,36,597,37,573,41,1,33.0
2026-04-18 01:12:17 PM,KXWTAMATCH-26APR19RYBMUC-MUC,31,2897,30,641,29,817,28,500,16,100,34,587,35,521,36,597,37,573,41,1,32.5
2026-04-18 01:12:17 PM,KXWTAMATCH-26APR19RYBMUC-MUC,31,497,30,641,29,817,28,500,16,100,34,587,35,521,36,597,37,573,41,1,32.5
2026-04-18 01:12:32 PM,KXWTAMATCH-26APR19RYBMUC-MUC,31,203,30,641,29,817,28,500,16,100,34,587,35,521,36,597,37,573,41,1,32.5
2026-04-18 01:12:48 PM,KXWTAMATCH-26APR19RYBMUC-MUC,30,641,29,817,28,500,16,100,15,100,34,587,35,521,36,597,37,573,41,1,32.0
2026-04-18 01:13:03 PM,KXWTAMATCH-26APR19RYBMUC-MUC,30,641,29,889,28,500,16,100,15,100,34,587,35,521,36,597,37,573,41,1,32.0
2026-04-18 01:13:03 PM,KXWTAMATCH-26APR19RYBMUC-MUC,30,579,29,889,28,500,16,100,15,100,34,587,35,521,36,597,37,573,41,1,32.0
2026-04-18 01:13:03 PM,KXWTAMATCH-26APR19RYBMUC-MUC,30,579,29,889,28,500,16,100,15,100,34,525,35,521,36,597,37,573,41,1,32.0
2026-04-18 01:13:03 PM,KXWTAMATCH-26APR19RYBMUC-MUC,30,579,29,889,28,500,16,100,15,100,33,297,34,525,35,521,36,597,37,573,31.5
2026-04-18 01:13:03 PM,KXWTAMATCH-26APR19RYBMUC-MUC,30,579,29,889,28,500,16,100,15,100,33,297,34,525,35,521,36,597,37,230,31.5
2026-04-18 01:13:03 PM,KXWTAMATCH-26APR19RYBMUC-MUC,30,579,29,889,28,500,16,100,15,100,33,369,34,525,35,521,36,597,37,230,31.5
2026-04-18 01:13:04 PM,KXWTAMATCH-26APR19RYBMUC-MUC,30,579,29,889,28,500,16,100,15,100,33,369,34,485,35,521,36,597,37,230,31.5
2026-04-18 01:13:04 PM,KXWTAMATCH-26APR19RYBMUC-MUC,30,579,29,889,28,500,16,100,15,100,33,409,34,485,35,521,36,597,37,230,31.5
2026-04-18 01:13:04 PM,KXWTAMATCH-26APR19RYBMUC-MUC,30,579,29,889,28,814,16,100,15,100,33,409,34,485,35,521,36,597,37,230,31.5
2026-04-18 01:13:08 PM,KXWTAMATCH-26APR19RYBMUC-MUC,30,579,29,889,28,814,16,100,15,100,33,337,34,485,35,521,36,597,37,230,31.5
2026-04-18 01:13:15 PM,KXWTAMATCH-26APR19RYBMUC-MUC,30,579,29,889,28,814,16,100,15,100,33,337,34,557,35,521,36,597,37,230,31.5
2026-04-18 01:13:15 PM,KXWTAMATCH-26APR19RYBMUC-MUC,30,579,29,817,28,814,16,100,15,100,33,337,34,557,35,521,36,597,37,230,31.5
2026-04-18 01:13:15 PM,KXWTAMATCH-26APR19RYBMUC-MUC,30,579,29,889,28,814,16,100,15,100,33,337,34,557,35,521,36,597,37,230,31.5
2026-04-18 01:13:30 PM,KXWTAMATCH-26APR19RYBMUC-MUC,30,579,29,889,28,814,16,100,15,100,33,337,34,485,35,521,36,597,37,230,31.5
2026-04-18 01:13:36 PM,KXWTAMATCH-26APR19RYBMUC-MUC,30,226,29,889,28,814,16,100,15,100,33,337,34,485,35,521,36,597,37,230,31.5
2026-04-18 01:13:47 PM,KXWTAMATCH-26APR19RYBMUC-MUC,30,226,29,889,28,314,16,100,15,100,33,337,34,485,35,521,36,597,37,230,31.5
2026-04-18 01:13:50 PM,KXWTAMATCH-26APR19RYBMUC-MUC,30,226,29,889,28,314,27,500,16,100,33,337,34,485,35,521,36,597,37,230,31.5
2026-04-18 01:13:51 PM,KXWTAMATCH-26APR19RYBMUC-MUC,30,226,29,889,28,314,27,500,16,100,33,409,34,485,35,521,36,597,37,230,31.5
2026-04-18 01:14:01 PM,KXWTAMATCH-26APR19RYBMUC-MUC,30,226,29,889,28,314,27,500,16,100,33,603,34,485,35,521,36,597,37,230,31.5
2026-04-18 01:14:01 PM,KXWTAMATCH-26APR19RYBMUC-MUC,30,226,29,889,28,314,27,500,16,100,33,603,34,485,35,521,36,597,41,1,31.5
2026-04-18 01:14:01 PM,KXWTAMATCH-26APR19RYBMUC-MUC,30,226,29,889,28,514,27,500,16,100,33,603,34,485,35,521,36,597,41,1,31.5
2026-04-18 01:14:01 PM,KXWTAMATCH-26APR19RYBMUC-MUC,30,226,29,889,28,514,27,826,16,100,33,603,34,485,35,521,36,597,41,1,31.5
2026-04-18 01:14:01 PM,KXWTAMATCH-26APR19RYBMUC-MUC,29,889,28,514,27,826,16,100,15,100,33,603,34,485,35,521,36,597,41,1,31.0
2026-04-18 01:14:01 PM,KXWTAMATCH-26APR19RYBMUC-MUC,29,889,28,586,27,826,16,100,15,100,33,603,34,485,35,521,36,597,41,1,31.0
2026-04-18 01:14:01 PM,KXWTAMATCH-26APR19RYBMUC-MUC,29,889,28,586,27,826,16,100,15,100,32,72,33,603,34,485,35,521,36,597,30.5
2026-04-18 01:14:01 PM,KXWTAMATCH-26APR19RYBMUC-MUC,29,817,28,586,27,826,16,100,15,100,32,72,33,603,34,485,35,521,36,597,30.5
2026-04-18 01:14:01 PM,KXWTAMATCH-26APR19RYBMUC-MUC,29,817,28,586,27,826,16,100,15,100,32,404,33,603,34,485,35,521,36,597,30.5
2026-04-18 01:14:01 PM,KXWTAMATCH-26APR19RYBMUC-MUC,29,503,28,586,27,826,16,100,15,100,32,404,33,603,34,485,35,521,36,597,30.5
2026-04-18 01:14:01 PM,KXWTAMATCH-26APR19RYBMUC-MUC,29,503,28,586,27,826,16,100,15,100,32,404,33,603,34,485,35,521,36,247,30.5
2026-04-18 01:14:01 PM,KXWTAMATCH-26APR19RYBMUC-MUC,29,503,28,586,27,826,16,100,15,100,32,404,33,531,34,485,35,521,36,247,30.5
2026-04-18 01:14:02 PM,KXWTAMATCH-26APR19RYBMUC-MUC,29,503,28,586,27,826,16,100,15,100,32,404,33,491,34,485,35,521,36,247,30.5
2026-04-18 01:14:02 PM,KXWTAMATCH-26APR19RYBMUC-MUC,29,503,28,586,27,826,16,100,15,100,32,444,33,491,34,485,35,521,36,247,30.5
2026-04-18 01:14:03 PM,KXWTAMATCH-26APR19RYBMUC-MUC,29,503,28,586,27,826,16,100,15,100,32,372,33,491,34,485,35,521,36,247,30.5
2026-04-18 01:14:10 PM,KXWTAMATCH-26APR19RYBMUC-MUC,29,575,28,586,27,826,16,100,15,100,32,372,33,491,34,485,35,521,36,247,30.5
2026-04-18 01:14:10 PM,KXWTAMATCH-26APR19RYBMUC-MUC,29,575,28,586,27,826,16,100,15,100,32,372,33,563,34,485,35,521,36,247,30.5
2026-04-18 01:14:10 PM,KXWTAMATCH-26APR19RYBMUC-MUC,29,503,28,586,27,826,16,100,15,100,32,372,33,563,34,485,35,521,36,247,30.5
2026-04-18 01:14:10 PM,KXWTAMATCH-26APR19RYBMUC-MUC,29,503,28,586,27,826,16,100,15,100,31,304,32,372,33,563,34,485,35,521,30.0
2026-04-18 01:14:10 PM,KXWTAMATCH-26APR19RYBMUC-MUC,29,503,28,586,27,826,16,100,15,100,31,304,32,372,33,563,34,485,35,201,30.0
2026-04-18 01:14:22 PM,KXWTAMATCH-26APR19RYBMUC-MUC,29,575,28,586,27,826,16,100,15,100,31,304,32,372,33,563,34,485,35,201,30.0
2026-04-18 01:14:28 PM,KXWTAMATCH-26APR19RYBMUC-MUC,29,575,28,586,27,826,16,100,15,100,31,304,32,332,33,563,34,485,35,201,30.0
2026-04-18 01:14:28 PM,KXWTAMATCH-26APR19RYBMUC-MUC,29,575,28,586,27,826,16,100,15,100,31,344,32,332,33,563,34,485,35,201,30.0
2026-04-18 01:14:28 PM,KXWTAMATCH-26APR19RYBMUC-MUC,29,575,28,514,27,826,16,100,15,100,31,344,32,332,33,563,34,485,35,201,30.0
2026-04-18 01:15:31 PM,KXWTAMATCH-26APR19RYBMUC-MUC,29,575,28,514,27,826,16,100,15,100,31,341,32,332,33,563,34,485,35,201,30.0
2026-04-18 01:15:52 PM,KXWTAMATCH-26APR19RYBMUC-MUC,29,575,28,551,27,826,16,100,15,100,31,341,32,332,33,563,34,485,35,201,30.0
2026-04-18 01:15:52 PM,KXWTAMATCH-26APR19RYBMUC-MUC,29,575,28,551,27,826,16,100,15,100,31,341,32,404,33,563,34,485,35,201,30.0
2026-04-18 01:15:52 PM,KXWTAMATCH-26APR19RYBMUC-MUC,29,503,28,551,27,826,16,100,15,100,31,341,32,404,33,563,34,485,35,201,30.0
2026-04-18 01:15:52 PM,KXWTAMATCH-26APR19RYBMUC-MUC,29,503,28,551,27,826,16,100,15,100,31,341,32,623,33,563,34,485,35,201,30.0
2026-04-18 01:15:52 PM,KXWTAMATCH-26APR19RYBMUC-MUC,29,503,28,551,27,1067,16,100,15,100,31,341,32,623,33,563,34,485,35,201,30.0
2026-04-18 01:15:52 PM,KXWTAMATCH-26APR19RYBMUC-MUC,29,279,28,551,27,1067,16,100,15,100,31,341,32,623,33,563,34,485,35,201,30.0
2026-04-18 01:15:52 PM,KXWTAMATCH-26APR19RYBMUC-MUC,29,279,28,551,27,1067,16,100,15,100,31,341,32,623,33,491,34,485,35,201,30.0
2026-04-18 01:15:54 PM,KXWTAMATCH-26APR19RYBMUC-MUC,29,279,28,551,27,1067,16,100,15,100,31,342,32,623,33,491,34,485,35,201,30.0
2026-04-18 01:16:51 PM,KXWTAMATCH-26APR19RYBMUC-MUC,29,279,28,551,27,1067,16,100,15,100,31,236,32,623,33,491,34,485,35,201,30.0
2026-04-18 01:16:53 PM,KXWTAMATCH-26APR19RYBMUC-MUC,28,551,27,1067,16,100,15,100,12,100,31,236,32,623,33,491,34,485,35,201,29.5
2026-04-18 01:16:53 PM,KXWTAMATCH-26APR19RYBMUC-MUC,28,840,27,1067,16,100,15,100,12,100,31,236,32,623,33,491,34,485,35,201,29.5
2026-04-18 01:18:27 PM,KXWTAMATCH-26APR19RYBMUC-MUC,28,840,27,1067,16,100,15,100,12,100,31,160,32,623,33,491,34,485,35,201,29.5
2026-04-18 01:20:10 PM,KXWTAMATCH-26APR19RYBMUC-MUC,28,840,27,1067,16,100,15,100,12,100,31,114,32,623,33,491,34,485,35,201,29.5
2026-04-18 01:20:21 PM,KXWTAMATCH-26APR19RYBMUC-MUC,28,840,27,1067,16,100,15,100,12,100,31,43,32,623,33,491,34,485,35,201,29.5
2026-04-18 01:23:08 PM,KXWTAMATCH-26APR19RYBMUC-MUC,28,840,27,1067,16,100,15,100,12,100,31,18,32,623,33,491,34,485,35,201,29.5
2026-04-18 01:23:12 PM,KXWTAMATCH-26APR19RYBMUC-MUC,28,840,27,1067,16,100,15,100,12,100,31,18,32,623,33,563,34,485,35,201,29.5
2026-04-18 01:23:12 PM,KXWTAMATCH-26APR19RYBMUC-MUC,28,840,27,1067,16,100,15,100,12,100,31,18,32,551,33,563,34,485,35,201,29.5
2026-04-18 01:23:14 PM,KXWTAMATCH-26APR19RYBMUC-MUC,29,24,28,840,27,1067,16,100,15,100,31,18,32,551,33,563,34,485,35,201,30.0
2026-04-18 01:23:29 PM,KXWTAMATCH-26APR19RYBMUC-MUC,29,24,28,840,27,1067,16,100,15,100,31,18,32,623,33,563,34,485,35,201,30.0
2026-04-18 01:23:29 PM,KXWTAMATCH-26APR19RYBMUC-MUC,29,24,28,840,27,1067,16,100,15,100,31,18,32,623,33,491,34,485,35,201,30.0
2026-04-18 01:23:49 PM,KXWTAMATCH-26APR19RYBMUC-MUC,29,37,28,840,27,1067,16,100,15,100,31,18,32,623,33,491,34,485,35,201,30.0
2026-04-18 01:24:52 PM,KXWTAMATCH-26APR19RYBMUC-MUC,29,37,28,840,27,1067,16,100,15,100,31,18,32,623,33,491,34,5285,35,201,30.0
2026-04-18 01:24:52 PM,KXWTAMATCH-26APR19RYBMUC-MUC,29,37,28,840,27,1067,16,100,15,100,31,18,32,623,33,491,34,5285,35,5001,30.0
2026-04-18 01:24:52 PM,KXWTAMATCH-26APR19RYBMUC-MUC,30,2400,29,37,28,840,27,1067,16,100,31,18,32,623,33,491,34,5285,35,5001,30.5
2026-04-18 01:24:52 PM,KXWTAMATCH-26APR19RYBMUC-MUC,30,2400,29,73,28,840,27,1067,16,100,31,18,32,623,33,491,34,5285,35,5001,30.5
2026-04-18 01:24:52 PM,KXWTAMATCH-26APR19RYBMUC-MUC,30,2400,29,73,28,840,27,1067,16,100,31,18,32,623,33,563,34,5285,35,5001,30.5
2026-04-18 01:24:52 PM,KXWTAMATCH-26APR19RYBMUC-MUC,30,2400,29,2473,28,840,27,1067,16,100,31,18,32,623,33,563,34,5285,35,5001,30.5
2026-04-18 01:24:52 PM,KXWTAMATCH-26APR19RYBMUC-MUC,30,2400,29,2473,28,840,27,1067,16,100,31,18,32,551,33,563,34,5285,35,5001,30.5
2026-04-18 01:25:16 PM,KXWTAMATCH-26APR19RYBMUC-MUC,30,2400,29,2473,28,840,27,1067,16,100,31,18,32,623,33,563,34,5285,35,5001,30.5
2026-04-18 01:25:16 PM,KXWTAMATCH-26APR19RYBMUC-MUC,30,2400,29,2437,28,840,27,1067,16,100,31,18,32,623,33,563,34,5285,35,5001,30.5
2026-04-18 01:25:16 PM,KXWTAMATCH-26APR19RYBMUC-MUC,29,2437,28,840,27,1067,16,100,15,100,31,18,32,623,33,563,34,5285,35,5001,30.0
2026-04-18 01:25:16 PM,KXWTAMATCH-26APR19RYBMUC-MUC,29,2437,28,840,27,1067,16,100,15,100,31,18,32,623,33,491,34,5285,35,5001,30.0
2026-04-18 01:25:16 PM,KXWTAMATCH-26APR19RYBMUC-MUC,29,2437,28,3240,27,1067,16,100,15,100,31,18,32,623,33,491,34,5285,35,5001,30.0
2026-04-18 01:25:23 PM,KXWTAMATCH-26APR19RYBMUC-MUC,29,2619,28,3240,27,1067,16,100,15,100,31,18,32,623,33,491,34,5285,35,5001,30.0
2026-04-18 01:25:23 PM,KXWTAMATCH-26APR19RYBMUC-MUC,29,2655,28,3240,27,1067,16,100,15,100,31,18,32,623,33,491,34,5285,35,5001,30.0
2026-04-18 01:25:23 PM,KXWTAMATCH-26APR19RYBMUC-MUC,29,2655,28,840,27,1067,16,100,15,100,31,18,32,623,33,491,34,5285,35,5001,30.0
2026-04-18 01:25:23 PM,KXWTAMATCH-26APR19RYBMUC-MUC,29,2655,28,840,27,1067,16,100,15,100,31,18,32,551,33,491,34,5285,35,5001,30.0
2026-04-18 01:25:23 PM,KXWTAMATCH-26APR19RYBMUC-MUC,30,2400,29,2655,28,840,27,1067,16,100,31,18,32,551,33,491,34,5285,35,5001,30.5
2026-04-18 01:25:23 PM,KXWTAMATCH-26APR19RYBMUC-MUC,30,2400,29,2655,28,803,27,1067,16,100,31,18,32,551,33,491,34,5285,35,5001,30.5
2026-04-18 01:25:28 PM,KXWTAMATCH-26APR19RYBMUC-MUC,30,2400,29,2655,28,803,27,1067,16,100,31,18,32,551,33,491,34,5285,35,5000,30.5
2026-04-18 01:25:34 PM,KXWTAMATCH-26APR19RYBMUC-MUC,30,2400,29,2655,28,840,27,1067,16,100,31,18,32,551,33,491,34,5285,35,5000,30.5
2026-04-18 01:25:34 PM,KXWTAMATCH-26APR19RYBMUC-MUC,30,2400,29,2655,28,840,27,1067,16,100,31,18,32,623,33,491,34,5285,35,5000,30.5
2026-04-18 01:25:34 PM,KXWTAMATCH-26APR19RYBMUC-MUC,30,2400,29,2619,28,840,27,1067,16,100,31,18,32,623,33,491,34,5285,35,5000,30.5
2026-04-18 01:26:00 PM,KXWTAMATCH-26APR19RYBMUC-MUC,30,2400,29,2619,28,840,27,1067,16,100,31,18,32,623,33,491,34,5354,35,5000,30.5
2026-04-18 01:26:00 PM,KXWTAMATCH-26APR19RYBMUC-MUC,30,2366,29,2619,28,840,27,1067,16,100,31,18,32,623,33,491,34,5354,35,5000,30.5
2026-04-18 01:26:00 PM,KXWTAMATCH-26APR19RYBMUC-MUC,30,2366,29,2585,28,840,27,1067,16,100,31,18,32,623,33,491,34,5354,35,5000,30.5
2026-04-18 01:27:01 PM,KXWTAMATCH-26APR19RYBMUC-MUC,30,2366,29,2619,28,840,27,1067,16,100,31,18,32,623,33,491,34,5354,35,5000,30.5
2026-04-18 01:27:01 PM,KXWTAMATCH-26APR19RYBMUC-MUC,30,2366,29,2619,28,840,27,1067,16,100,31,18,32,623,33,563,34,5354,35,5000,30.5
2026-04-18 01:27:01 PM,KXWTAMATCH-26APR19RYBMUC-MUC,30,2366,29,2619,28,840,27,1067,16,100,31,18,32,551,33,563,34,5354,35,5000,30.5
2026-04-18 01:27:01 PM,KXWTAMATCH-26APR19RYBMUC-MUC,30,2366,29,2619,28,803,27,1067,16,100,31,18,32,551,33,563,34,5354,35,5000,30.5
2026-04-18 01:27:01 PM,KXWTAMATCH-26APR19RYBMUC-MUC,30,2366,29,2585,28,803,27,1067,16,100,31,18,32,551,33,563,34,5354,35,5000,30.5
2026-04-18 01:27:01 PM,KXWTAMATCH-26APR19RYBMUC-MUC,30,2366,29,2585,28,803,27,1067,16,100,31,18,32,551,33,491,34,5354,35,5000,30.5
2026-04-18 01:27:11 PM,KXWTAMATCH-26APR19RYBMUC-MUC,30,2366,29,2585,28,838,27,1067,16,100,31,18,32,551,33,491,34,5354,35,5000,30.5
2026-04-18 01:27:11 PM,KXWTAMATCH-26APR19RYBMUC-MUC,30,2366,29,2585,28,838,27,1067,16,100,31,18,32,623,33,491,34,5354,35,5000,30.5
2026-04-18 01:28:52 PM,KXWTAMATCH-26APR19RYBMUC-MUC,30,2366,29,2585,28,1173,27,1067,16,100,31,18,32,623,33,491,34,5354,35,5000,30.5
2026-04-18 01:28:52 PM,KXWTAMATCH-26APR19RYBMUC-MUC,30,2366,29,2585,28,1173,27,1415,16,100,31,18,32,623,33,491,34,5354,35,5000,30.5
2026-04-18 01:30:54 PM,KXWTAMATCH-26APR19RYBMUC-MUC,30,2366,29,2585,28,1173,27,1415,16,100,31,17,32,623,33,491,34,5354,35,5000,30.5
2026-04-18 01:31:08 PM,KXWTAMATCH-26APR19RYBMUC-MUC,30,2366,29,2585,28,1173,27,1415,16,100,31,17,32,623,33,564,34,5354,35,5000,30.5
2026-04-18 01:31:08 PM,KXWTAMATCH-26APR19RYBMUC-MUC,30,2366,29,2585,28,1173,27,1415,16,100,31,17,32,551,33,564,34,5354,35,5000,30.5
2026-04-18 01:32:09 PM,KXWTAMATCH-26APR19RYBMUC-MUC,30,2366,29,2585,28,1173,27,1415,16,100,31,17,32,624,33,564,34,5354,35,5000,30.5
2026-04-18 01:32:09 PM,KXWTAMATCH-26APR19RYBMUC-MUC,30,2366,29,2585,28,1173,27,1415,16,100,31,17,32,624,33,491,34,5354,35,5000,30.5
2026-04-18 01:33:01 PM,KXWTAMATCH-26APR19RYBMUC-MUC,30,2540,29,2585,28,1173,27,1415,16,100,31,17,32,624,33,491,34,5354,35,5000,30.5
2026-04-18 01:33:01 PM,KXWTAMATCH-26APR19RYBMUC-MUC,30,2540,29,2692,28,1173,27,1415,16,100,31,17,32,624,33,491,34,5354,35,5000,30.5
2026-04-18 01:33:01 PM,KXWTAMATCH-26APR19RYBMUC-MUC,30,2540,29,2692,28,1280,27,1415,16,100,31,17,32,624,33,491,34,5354,35,5000,30.5
2026-04-18 01:33:01 PM,KXWTAMATCH-26APR19RYBMUC-MUC,30,2540,29,2692,28,1280,27,1415,16,100,31,17,32,624,33,1284,34,5354,35,5000,30.5
2026-04-18 01:33:01 PM,KXWTAMATCH-26APR19RYBMUC-MUC,30,2540,29,2692,28,1280,27,1415,16,100,31,17,32,624,33,1284,34,5898,35,5000,30.5
2026-04-18 01:33:01 PM,KXWTAMATCH-26APR19RYBMUC-MUC,30,2540,29,2692,28,1280,27,1415,16,100,31,17,32,624,33,1284,34,5898,35,5521,30.5
2026-04-18 01:33:43 PM,KXWTAMATCH-26APR19RYBMUC-MUC,30,2540,29,2692,28,1280,27,1415,16,100,31,5,32,624,33,1284,34,5898,35,5521,30.5
2026-04-18 01:36:47 PM,KXWTAMATCH-26APR19RYBMUC-MUC,30,2540,29,2729,28,1280,27,1415,16,100,31,5,32,624,33,1284,34,5898,35,5521,30.5
2026-04-18 01:36:47 PM,KXWTAMATCH-26APR19RYBMUC-MUC,30,2540,29,2729,28,1280,27,1415,16,100,31,5,32,624,33,1357,34,5898,35,5521,30.5
2026-04-18 01:36:47 PM,KXWTAMATCH-26APR19RYBMUC-MUC,30,2540,29,2729,28,1280,27,1415,16,100,31,5,32,551,33,1357,34,5898,35,5521,30.5
2026-04-18 01:36:47 PM,KXWTAMATCH-26APR19RYBMUC-MUC,30,2540,29,2692,28,1280,27,1415,16,100,31,5,32,551,33,1357,34,5898,35,5521,30.5
2026-04-18 01:36:49 PM,KXWTAMATCH-26APR19RYBMUC-MUC,30,2540,29,2692,28,1280,27,1415,16,100,31,318,32,551,33,1357,34,5898,35,5521,30.5
2026-04-18 01:36:49 PM,KXWTAMATCH-26APR19RYBMUC-MUC,30,2540,29,2692,28,1280,27,1415,26,219,31,318,32,551,33,1357,34,5898,35,5521,30.5
2026-04-18 01:36:49 PM,KXWTAMATCH-26APR19RYBMUC-MUC,30,2540,29,2692,28,1280,27,1415,26,219,31,318,32,551,33,1357,34,5898,35,5321,30.5
2026-04-18 01:36:49 PM,KXWTAMATCH-26APR19RYBMUC-MUC,30,2540,29,2692,28,1280,27,1415,26,219,31,512,32,551,33,1357,34,5898,35,5321,30.5
2026-04-18 01:37:16 PM,KXWTAMATCH-26APR19RYBMUC-MUC,30,2540,29,2692,28,1280,27,1415,26,219,31,512,32,630,33,1357,34,5898,35,5321,30.5
2026-04-18 01:37:16 PM,KXWTAMATCH-26APR19RYBMUC-MUC,30,2540,29,2692,28,1296,27,1415,26,219,31,512,32,630,33,1357,34,5898,35,5321,30.5
2026-04-18 01:37:17 PM,KXWTAMATCH-26APR19RYBMUC-MUC,30,2540,29,2692,28,1296,27,1415,26,519,31,512,32,630,33,1357,34,5898,35,5321,30.5
2026-04-18 01:37:17 PM,KXWTAMATCH-26APR19RYBMUC-MUC,30,2540,29,2692,28,1296,27,1415,26,519,31,512,32,630,33,1284,34,5898,35,5321,30.5
2026-04-18 01:37:17 PM,KXWTAMATCH-26APR19RYBMUC-MUC,30,2540,29,2692,28,1296,27,1415,26,519,31,512,32,630,33,1284,34,5898,35,521,30.5
2026-04-18 01:37:17 PM,KXWTAMATCH-26APR19RYBMUC-MUC,30,2540,29,2692,28,1296,27,1415,26,519,31,512,32,630,33,6153,34,5898,35,521,30.5
2026-04-18 01:37:17 PM,KXWTAMATCH-26APR19RYBMUC-MUC,30,2540,29,2692,28,1296,27,1415,26,519,31,512,32,630,33,6153,34,5829,35,521,30.5
2026-04-18 01:37:41 PM,KXWTAMATCH-26APR19RYBMUC-MUC,30,2540,29,2692,28,1296,27,1415,26,519,31,512,32,630,33,6229,34,5829,35,521,30.5
2026-04-18 01:37:41 PM,KXWTAMATCH-26APR19RYBMUC-MUC,30,2502,29,2692,28,1296,27,1415,26,519,31,512,32,630,33,6229,34,5829,35,521,30.5
2026-04-18 01:37:41 PM,KXWTAMATCH-26APR19RYBMUC-MUC,30,2502,29,2654,28,1296,27,1415,26,519,31,512,32,630,33,6229,34,5829,35,521,30.5
2026-04-18 01:39:06 PM,KXWTAMATCH-26APR19RYBMUC-MUC,30,2455,29,2654,28,1296,27,1415,26,519,31,512,32,630,33,6229,34,5829,35,521,30.5
2026-04-18 01:39:06 PM,KXWTAMATCH-26APR19RYBMUC-MUC,30,2455,29,2654,28,1296,27,1415,26,519,31,512,32,630,33,6481,34,5829,35,521,30.5
2026-04-18 01:39:57 PM,KXWTAMATCH-26APR19RYBMUC-MUC,30,2442,29,2654,28,1296,27,1415,26,519,31,512,32,630,33,6481,34,5829,35,521,30.5
2026-04-18 01:39:57 PM,KXWTAMATCH-26APR19RYBMUC-MUC,30,2442,29,2654,28,1296,27,1415,26,519,31,512,32,630,33,6555,34,5829,35,521,30.5
2026-04-18 01:40:20 PM,KXWTAMATCH-26APR19RYBMUC-MUC,30,2442,29,2472,28,1296,27,1415,26,519,31,512,32,630,33,6555,34,5829,35,521,30.5
2026-04-18 01:43:41 PM,KXWTAMATCH-26APR19RYBMUC-MUC,30,2442,29,2472,28,1296,27,1415,26,519,31,612,32,630,33,6555,34,5829,35,521,30.5
2026-04-18 01:44:34 PM,KXWTAMATCH-26APR19RYBMUC-MUC,30,2442,29,2538,28,1296,27,1415,26,519,31,612,32,630,33,6555,34,5829,35,521,30.5
2026-04-18 01:44:34 PM,KXWTAMATCH-26APR19RYBMUC-MUC,30,2442,29,2538,28,1296,27,1415,26,519,31,612,32,630,33,6635,34,5829,35,521,30.5
2026-04-18 01:44:34 PM,KXWTAMATCH-26APR19RYBMUC-MUC,30,2442,29,2538,28,1296,27,1415,26,519,31,612,32,551,33,6635,34,5829,35,521,30.5
2026-04-18 01:44:34 PM,KXWTAMATCH-26APR19RYBMUC-MUC,30,2442,29,2538,28,1280,27,1415,26,519,31,612,32,551,33,6635,34,5829,35,521,30.5
2026-04-18 01:44:34 PM,KXWTAMATCH-26APR19RYBMUC-MUC,30,2442,29,2538,28,1245,27,1415,26,519,31,612,32,551,33,6635,34,5829,35,521,30.5
2026-04-18 01:44:40 PM,KXWTAMATCH-26APR19RYBMUC-MUC,30,2442,29,2472,28,1245,27,1415,26,519,31,612,32,551,33,6635,34,5829,35,521,30.5
2026-04-18 01:44:44 PM,KXWTAMATCH-26APR19RYBMUC-MUC,30,2442,29,2472,28,1311,27,1415,26,519,31,612,32,551,33,6635,34,5829,35,521,30.5
2026-04-18 01:44:44 PM,KXWTAMATCH-26APR19RYBMUC-MUC,30,2442,29,2472,28,1311,27,1415,26,519,31,299,32,551,33,6635,34,5829,35,521,30.5
2026-04-18 01:44:59 PM,KXWTAMATCH-26APR19RYBMUC-MUC,30,2442,29,2472,28,1311,27,1415,26,519,31,299,32,551,33,6555,34,5829,35,521,30.5
2026-04-18 01:44:59 PM,KXWTAMATCH-26APR19RYBMUC-MUC,30,2442,29,2472,28,1311,27,1415,26,519,31,299,32,551,33,6635,34,5829,35,521,30.5
2026-04-18 01:45:12 PM,KXWTAMATCH-26APR19RYBMUC-MUC,30,2442,29,2472,28,1311,27,1415,26,519,31,296,32,551,33,6635,34,5829,35,521,30.5
2026-04-18 01:45:12 PM,KXWTAMATCH-26APR19RYBMUC-MUC,30,2442,29,2472,28,1311,27,1415,26,519,31,284,32,551,33,6635,34,5829,35,521,30.5
2026-04-18 01:45:25 PM,KXWTAMATCH-26APR19RYBMUC-MUC,30,2442,29,2472,28,1245,27,1415,26,519,31,284,32,551,33,6635,34,5829,35,521,30.5
2026-04-18 01:45:35 PM,KXWTAMATCH-26APR19RYBMUC-MUC,30,2442,29,2472,28,1311,27,1415,26,519,31,284,32,551,33,6635,34,5829,35,521,30.5
2026-04-18 01:45:41 PM,KXWTAMATCH-26APR19RYBMUC-MUC,30,2442,29,2472,28,1245,27,1415,26,519,31,284,32,551,33,6635,34,5829,35,521,30.5
2026-04-18 01:45:45 PM,KXWTAMATCH-26APR19RYBMUC-MUC,30,2442,29,2472,28,1311,27,1415,26,519,31,284,32,551,33,6635,34,5829,35,521,30.5
2026-04-18 01:45:45 PM,KXWTAMATCH-26APR19RYBMUC-MUC,30,2442,29,2472,28,1245,27,1415,26,519,31,284,32,551,33,6635,34,5829,35,521,30.5
2026-04-18 01:45:59 PM,KXWTAMATCH-26APR19RYBMUC-MUC,30,2442,29,2472,28,1311,27,1415,26,519,31,284,32,551,33,6635,34,5829,35,521,30.5
2026-04-18 01:46:36 PM,KXWTAMATCH-26APR19RYBMUC-MUC,30,2442,29,2472,28,1311,27,1415,26,519,31,284,32,551,33,6669,34,5829,35,521,30.5
2026-04-18 01:46:36 PM,KXWTAMATCH-26APR19RYBMUC-MUC,30,2425,29,2472,28,1311,27,1415,26,519,31,284,32,551,33,6669,34,5829,35,521,30.5
2026-04-18 01:46:36 PM,KXWTAMATCH-26APR19RYBMUC-MUC,30,2425,29,2455,28,1311,27,1415,26,519,31,284,32,551,33,6669,34,5829,35,521,30.5
2026-04-18 01:46:47 PM,KXWTAMATCH-26APR19RYBMUC-MUC,30,2425,29,2455,28,1311,27,1415,26,519,31,248,32,551,33,6669,34,5829,35,521,30.5
2026-04-18 01:47:07 PM,KXWTAMATCH-26APR19RYBMUC-MUC,30,2425,29,2455,28,1311,27,1415,26,519,31,248,32,551,33,6670,34,5829,35,521,30.5
2026-04-18 01:47:11 PM,KXWTAMATCH-26APR19RYBMUC-MUC,30,2425,29,2455,28,1311,27,1415,26,519,31,247,32,551,33,6670,34,5829,35,521,30.5
2026-04-18 01:47:13 PM,KXWTAMATCH-26APR19RYBMUC-MUC,30,116,29,2455,28,1311,27,1415,26,519,31,247,32,551,33,6670,34,5829,35,521,30.5
2026-04-18 01:47:13 PM,KXWTAMATCH-26APR19RYBMUC-MUC,30,116,29,2455,28,3620,27,1415,26,519,31,247,32,551,33,6670,34,5829,35,521,30.5
2026-04-18 01:47:14 PM,KXWTAMATCH-26APR19RYBMUC-MUC,30,116,29,2455,28,3620,27,1415,26,519,31,247,32,551,33,8069,34,5829,35,521,30.5
2026-04-18 01:47:14 PM,KXWTAMATCH-26APR19RYBMUC-MUC,30,116,29,2455,28,1311,27,1415,26,519,31,247,32,551,33,8069,34,5829,35,521,30.5
2026-04-18 01:47:14 PM,KXWTAMATCH-26APR19RYBMUC-MUC,30,1725,29,2455,28,1311,27,1415,26,519,31,247,32,551,33,8069,34,5829,35,521,30.5
2026-04-18 01:47:14 PM,KXWTAMATCH-26APR19RYBMUC-MUC,30,1725,29,1756,28,1311,27,1415,26,519,31,247,32,551,33,8069,34,5829,35,521,30.5
2026-04-18 01:47:31 PM,KXWTAMATCH-26APR19RYBMUC-MUC,30,1725,29,1756,28,1311,27,1415,26,519,31,223,32,551,33,8069,34,5829,35,521,30.5
2026-04-18 01:48:14 PM,KXWTAMATCH-26APR19RYBMUC-MUC,30,1725,29,1756,28,1311,27,1415,26,519,31,223,32,551,33,8069,34,1029,35,521,30.5
2026-04-18 01:48:14 PM,KXWTAMATCH-26APR19RYBMUC-MUC,30,1725,29,1756,28,1311,27,1415,26,519,31,223,32,6932,33,8069,34,1029,35,521,30.5
2026-04-18 01:48:15 PM,KXWTAMATCH-26APR19RYBMUC-MUC,30,1725,29,1756,28,1311,27,1415,26,519,31,223,32,6932,33,6670,34,1029,35,521,30.5
2026-04-18 01:48:15 PM,KXWTAMATCH-26APR19RYBMUC-MUC,30,1725,29,1756,28,1311,27,1415,26,519,31,223,32,6932,33,6669,34,1029,35,521,30.5
2026-04-18 01:48:15 PM,KXWTAMATCH-26APR19RYBMUC-MUC,30,1725,29,1756,28,1311,27,1415,26,519,31,223,32,6932,33,6635,34,1029,35,521,30.5
2026-04-18 01:48:15 PM,KXWTAMATCH-26APR19RYBMUC-MUC,30,1725,29,1756,28,1311,27,1415,26,519,31,223,32,6932,33,6559,34,1029,35,521,30.5
2026-04-18 01:48:16 PM,KXWTAMATCH-26APR19RYBMUC-MUC,30,1725,29,1756,28,1311,27,1415,26,519,31,223,32,6932,33,6490,34,1029,35,521,30.5
2026-04-18 01:49:25 PM,KXWTAMATCH-26APR19RYBMUC-MUC,30,1725,29,2084,28,1311,27,1415,26,519,31,223,32,6932,33,6490,34,1029,35,521,30.5
2026-04-18 01:49:25 PM,KXWTAMATCH-26APR19RYBMUC-MUC,30,1725,29,2142,28,1311,27,1415,26,519,31,223,32,6932,33,6490,34,1029,35,521,30.5
2026-04-18 01:49:26 PM,KXWTAMATCH-26APR19RYBMUC-MUC,30,1725,29,2142,28,1245,27,1415,26,519,31,223,32,6932,33,6490,34,1029,35,521,30.5
2026-04-18 01:49:26 PM,KXWTAMATCH-26APR19RYBMUC-MUC,30,1725,29,2084,28,1245,27,1415,26,519,31,223,32,6932,33,6490,34,1029,35,521,30.5
2026-04-18 01:49:26 PM,KXWTAMATCH-26APR19RYBMUC-MUC,30,1725,29,2084,28,1245,27,1415,26,519,31,223,32,6932,33,6410,34,1029,35,521,30.5
2026-04-18 01:49:26 PM,KXWTAMATCH-26APR19RYBMUC-MUC,30,1725,29,2084,28,1245,27,1415,26,519,31,223,32,6932,33,6486,34,1029,35,521,30.5
2026-04-18 01:49:34 PM,KXWTAMATCH-26APR19RYBMUC-MUC,30,1725,29,2142,28,1245,27,1415,26,519,31,223,32,6932,33,6486,34,1029,35,521,30.5
2026-04-18 01:50:03 PM,KXWTAMATCH-26APR19RYBMUC-MUC,30,1725,29,2142,28,1245,27,1415,26,519,31,104,32,6932,33,6486,34,1029,35,521,30.5
2026-04-18 01:50:03 PM,KXWTAMATCH-26APR19RYBMUC-MUC,30,1725,29,2142,28,1245,27,1415,26,519,31,104,32,6600,33,6486,34,1029,35,521,30.5
2026-04-18 01:50:33 PM,KXWTAMATCH-26APR19RYBMUC-MUC,30,1776,29,2142,28,1245,27,1415,26,519,31,104,32,6600,33,6486,34,1029,35,521,30.5
2026-04-18 01:50:33 PM,KXWTAMATCH-26APR19RYBMUC-MUC,30,1776,29,2142,28,1245,27,1415,26,519,31,104,32,6600,33,6410,34,1029,35,521,30.5
2026-04-18 01:50:33 PM,KXWTAMATCH-26APR19RYBMUC-MUC,30,1725,29,2142,28,1245,27,1415,26,519,31,104,32,6600,33,6410,34,1029,35,521,30.5
2026-04-18 01:50:33 PM,KXWTAMATCH-26APR19RYBMUC-MUC,30,1725,29,2142,28,1245,27,1415,26,519,31,104,32,6600,33,6483,34,1029,35,521,30.5
2026-04-18 01:52:22 PM,KXWTAMATCH-26APR19RYBMUC-MUC,30,1725,29,2142,28,1245,27,1415,26,519,31,104,32,6600,33,6364,34,1029,35,521,30.5
2026-04-18 01:52:22 PM,KXWTAMATCH-26APR19RYBMUC-MUC,30,1753,29,2142,28,1245,27,1415,26,519,31,104,32,6600,33,6364,34,1029,35,521,30.5
2026-04-18 01:52:52 PM,KXWTAMATCH-26APR19RYBMUC-MUC,30,1753,29,2142,28,1245,27,1415,26,519,31,104,32,6600,33,6290,34,1029,35,521,30.5
2026-04-18 01:53:05 PM,KXWTAMATCH-26APR19RYBMUC-MUC,30,1753,29,2142,28,1245,27,1415,26,519,31,104,32,6600,33,6216,34,1029,35,521,30.5
2026-04-18 01:53:05 PM,KXWTAMATCH-26APR19RYBMUC-MUC,30,1753,29,2142,28,1245,27,1415,26,519,31,104,32,6600,33,6157,34,1029,35,521,30.5
2026-04-18 01:53:05 PM,KXWTAMATCH-26APR19RYBMUC-MUC,30,1778,29,2142,28,1245,27,1415,26,519,31,104,32,6600,33,6157,34,1029,35,521,30.5
2026-04-18 01:53:37 PM,KXWTAMATCH-26APR19RYBMUC-MUC,30,1764,29,2142,28,1245,27,1415,26,519,31,104,32,6600,33,6157,34,1029,35,521,30.5
2026-04-18 01:53:37 PM,KXWTAMATCH-26APR19RYBMUC-MUC,30,1753,29,2142,28,1245,27,1415,26,519,31,104,32,6600,33,6157,34,1029,35,521,30.5
2026-04-18 01:53:37 PM,KXWTAMATCH-26APR19RYBMUC-MUC,30,1753,29,2142,28,1245,27,1415,26,519,31,141,32,6600,33,6157,34,1029,35,521,30.5
2026-04-18 01:54:07 PM,KXWTAMATCH-26APR19RYBMUC-MUC,30,1739,29,2142,28,1245,27,1415,26,519,31,141,32,6600,33,6157,34,1029,35,521,30.5
2026-04-18 01:58:15 PM,KXWTAMATCH-26APR19RYBMUC-MUC,30,1678,29,2142,28,1245,27,1415,26,519,31,141,32,6600,33,6157,34,1029,35,521,30.5
2026-04-18 01:58:15 PM,KXWTAMATCH-26APR19RYBMUC-MUC,30,1678,29,2142,28,1245,27,1415,26,519,31,204,32,6600,33,6157,34,1029,35,521,30.5
2026-04-18 01:58:15 PM,KXWTAMATCH-26APR19RYBMUC-MUC,30,1678,29,2142,28,1245,27,1415,26,519,31,204,32,219,33,6157,34,1029,35,521,30.5
2026-04-18 01:58:15 PM,KXWTAMATCH-26APR19RYBMUC-MUC,30,1678,29,2142,28,1245,27,1415,26,519,31,204,32,219,33,7738,34,1029,35,521,30.5
2026-04-18 01:58:16 PM,KXWTAMATCH-26APR19RYBMUC-MUC,30,1678,29,2142,28,1245,27,1415,26,519,31,204,32,219,33,7738,34,5829,35,521,30.5
2026-04-18 01:58:45 PM,KXWTAMATCH-26APR19RYBMUC-MUC,30,1664,29,2142,28,1245,27,1415,26,519,31,204,32,219,33,7738,34,5829,35,521,30.5
2026-04-18 02:01:17 PM,KXWTAMATCH-26APR19RYBMUC-MUC,30,1664,29,2142,28,1245,27,1415,26,519,31,204,32,219,33,7738,34,1029,35,521,30.5
2026-04-18 02:01:17 PM,KXWTAMATCH-26APR19RYBMUC-MUC,30,1664,29,2142,28,1245,27,1415,26,519,31,204,32,6600,33,7738,34,1029,35,521,30.5
2026-04-18 02:01:18 PM,KXWTAMATCH-26APR19RYBMUC-MUC,30,1664,29,2142,28,1245,27,1415,26,519,31,204,32,6600,33,6157,34,1029,35,521,30.5
2026-04-18 02:03:28 PM,KXWTAMATCH-26APR19RYBMUC-MUC,30,1715,29,2142,28,1245,27,1415,26,519,31,204,32,6600,33,6157,34,1029,35,521,30.5
2026-04-18 02:03:28 PM,KXWTAMATCH-26APR19RYBMUC-MUC,30,1715,29,2142,28,1245,27,1415,26,519,31,204,32,6600,33,6157,34,1102,35,521,30.5
2026-04-18 02:03:28 PM,KXWTAMATCH-26APR19RYBMUC-MUC,30,1715,29,2142,28,1245,27,1415,26,519,31,204,32,6600,33,6084,34,1102,35,521,30.5
2026-04-18 02:03:28 PM,KXWTAMATCH-26APR19RYBMUC-MUC,30,1715,29,2084,28,1245,27,1415,26,519,31,204,32,6600,33,6084,34,1102,35,521,30.5
2026-04-18 02:03:29 PM,KXWTAMATCH-26APR19RYBMUC-MUC,30,1664,29,2084,28,1245,27,1415,26,519,31,204,32,6600,33,6084,34,1102,35,521,30.5
2026-04-18 02:03:38 PM,KXWTAMATCH-26APR19RYBMUC-MUC,30,1664,29,2136,28,1245,27,1415,26,519,31,204,32,6600,33,6084,34,1102,35,521,30.5
2026-04-18 02:03:38 PM,KXWTAMATCH-26APR19RYBMUC-MUC,30,1664,29,2136,28,1245,27,1415,26,519,31,204,32,6600,33,6157,34,1102,35,521,30.5
2026-04-18 02:03:38 PM,KXWTAMATCH-26APR19RYBMUC-MUC,30,1664,29,2136,28,1245,27,1415,26,519,31,204,32,6600,33,6157,34,1029,35,521,30.5
2026-04-18 02:03:41 PM,KXWTAMATCH-26APR19RYBMUC-MUC,30,1664,29,2136,28,1245,27,1415,26,519,31,204,32,6600,33,6084,34,1029,35,521,30.5
2026-04-18 02:03:48 PM,KXWTAMATCH-26APR19RYBMUC-MUC,30,1640,29,2136,28,1245,27,1415,26,519,31,204,32,6600,33,6084,34,1029,35,521,30.5
2026-04-18 02:03:48 PM,KXWTAMATCH-26APR19RYBMUC-MUC,30,1640,29,2136,28,1245,27,1415,26,519,31,224,32,6600,33,6084,34,1029,35,521,30.5
2026-04-18 02:03:48 PM,KXWTAMATCH-26APR19RYBMUC-MUC,30,1640,29,2136,28,1245,27,1415,26,519,31,224,32,6600,33,6157,34,1029,35,521,30.5
2026-04-18 02:04:17 PM,KXWTAMATCH-26APR19RYBMUC-MUC,30,1640,29,2136,28,1245,27,1415,26,519,31,224,32,219,33,6157,34,1029,35,521,30.5
2026-04-18 02:04:17 PM,KXWTAMATCH-26APR19RYBMUC-MUC,30,1640,29,2136,28,1245,27,1415,26,519,31,224,32,219,33,7738,34,1029,35,521,30.5
2026-04-18 02:04:17 PM,KXWTAMATCH-26APR19RYBMUC-MUC,30,1640,29,2136,28,1245,27,1415,26,519,31,224,32,219,33,7738,34,5829,35,521,30.5
2026-04-18 02:07:17 PM,KXWTAMATCH-26APR19RYBMUC-MUC,30,1625,29,2136,28,1245,27,1415,26,519,31,224,32,219,33,7738,34,5829,35,521,30.5
2026-04-18 02:07:17 PM,KXWTAMATCH-26APR19RYBMUC-MUC,30,1625,29,2136,28,1138,27,1415,26,519,31,224,32,219,33,7738,34,5829,35,521,30.5
2026-04-18 02:07:17 PM,KXWTAMATCH-26APR19RYBMUC-MUC,30,1625,29,2029,28,1138,27,1415,26,519,31,224,32,219,33,7738,34,5829,35,521,30.5
2026-04-18 02:07:17 PM,KXWTAMATCH-26APR19RYBMUC-MUC,30,1611,29,2029,28,1138,27,1415,26,519,31,224,32,219,33,7738,34,5829,35,521,30.5
2026-04-18 02:07:17 PM,KXWTAMATCH-26APR19RYBMUC-MUC,30,1611,29,2029,28,1138,27,1415,26,591,31,224,32,219,33,7738,34,5829,35,521,30.5
2026-04-18 02:07:17 PM,KXWTAMATCH-26APR19RYBMUC-MUC,30,1611,29,2029,28,1138,27,1415,26,591,31,526,32,219,33,7738,34,5829,35,521,30.5
2026-04-18 02:07:19 PM,KXWTAMATCH-26APR19RYBMUC-MUC,30,2,29,2029,28,1138,27,1415,26,591,31,526,32,219,33,7738,34,5829,35,521,30.5
2026-04-18 02:07:19 PM,KXWTAMATCH-26APR19RYBMUC-MUC,30,2,29,2054,28,1138,27,1415,26,591,31,526,32,219,33,7738,34,5829,35,521,30.5
2026-04-18 02:07:19 PM,KXWTAMATCH-26APR19RYBMUC-MUC,30,2,29,2054,28,1156,27,1415,26,591,31,526,32,219,33,7738,34,5829,35,521,30.5
2026-04-18 02:07:19 PM,KXWTAMATCH-26APR19RYBMUC-MUC,30,2,29,2054,28,1156,27,1415,26,591,31,526,32,244,33,7738,34,5829,35,521,30.5
2026-04-18 02:07:19 PM,KXWTAMATCH-26APR19RYBMUC-MUC,30,2,29,2054,28,1156,27,1415,26,591,31,526,32,244,33,7756,34,5829,35,521,30.5
2026-04-18 02:07:19 PM,KXWTAMATCH-26APR19RYBMUC-MUC,30,2,29,2054,28,2765,27,1415,26,591,31,526,32,244,33,7756,34,5829,35,521,30.5
2026-04-18 02:08:18 PM,KXWTAMATCH-26APR19RYBMUC-MUC,30,2,29,2054,28,2476,27,1415,26,591,31,526,32,244,33,7756,34,5829,35,521,30.5
2026-04-18 02:08:18 PM,KXWTAMATCH-26APR19RYBMUC-MUC,30,2,29,2054,28,2476,27,1715,26,591,31,526,32,244,33,7756,34,5829,35,521,30.5
2026-04-18 02:09:40 PM,KXWTAMATCH-26APR19RYBMUC-MUC,30,2,29,2054,28,2476,27,1415,26,591,31,526,32,244,33,7756,34,5829,35,521,30.5
2026-04-18 02:09:40 PM,KXWTAMATCH-26APR19RYBMUC-MUC,30,2,29,2054,28,2476,27,1415,26,903,31,526,32,244,33,7756,34,5829,35,521,30.5
2026-04-18 02:09:49 PM,KXWTAMATCH-26APR19RYBMUC-MUC,30,2,29,2054,28,2476,27,1415,26,903,31,527,32,244,33,7756,34,5829,35,521,30.5
2026-04-18 02:09:54 PM,KXWTAMATCH-26APR19RYBMUC-MUC,30,2,29,2054,28,2476,27,1415,26,603,31,527,32,244,33,7756,34,5829,35,521,30.5
2026-04-18 02:09:54 PM,KXWTAMATCH-26APR19RYBMUC-MUC,30,2,29,2054,28,2476,27,1415,26,603,31,527,32,25,33,7756,34,5829,35,521,30.5
2026-04-18 02:09:54 PM,KXWTAMATCH-26APR19RYBMUC-MUC,30,2,29,2430,28,2476,27,1415,26,603,31,527,32,25,33,7756,34,5829,35,521,30.5
2026-04-18 02:09:54 PM,KXWTAMATCH-26APR19RYBMUC-MUC,30,2,29,2430,28,2476,27,1415,26,603,31,225,32,25,33,7756,34,5829,35,521,30.5
2026-04-18 02:09:54 PM,KXWTAMATCH-26APR19RYBMUC-MUC,30,2,29,2430,28,2476,27,1415,26,603,31,188,32,25,33,7756,34,5829,35,521,30.5
2026-04-18 02:09:54 PM,KXWTAMATCH-26APR19RYBMUC-MUC,30,2,29,2430,28,2476,27,1415,26,603,31,125,32,25,33,7756,34,5829,35,521,30.5
2026-04-18 02:09:54 PM,KXWTAMATCH-26APR19RYBMUC-MUC,30,2,29,2430,28,2476,27,1415,26,603,31,105,32,25,33,7756,34,5829,35,521,30.5
2026-04-18 02:09:54 PM,KXWTAMATCH-26APR19RYBMUC-MUC,30,2,29,2430,28,2476,27,1415,26,603,31,105,32,435,33,7756,34,5829,35,521,30.5
2026-04-18 02:09:54 PM,KXWTAMATCH-26APR19RYBMUC-MUC,30,2,29,2430,28,2476,27,1415,26,603,31,105,32,435,33,7778,34,5829,35,521,30.5
2026-04-18 02:09:54 PM,KXWTAMATCH-26APR19RYBMUC-MUC,30,595,29,2430,28,2476,27,1415,26,603,31,105,32,435,33,7778,34,5829,35,521,30.5
2026-04-18 02:09:54 PM,KXWTAMATCH-26APR19RYBMUC-MUC,30,595,29,2430,28,2476,27,1415,26,603,31,105,32,435,33,7778,34,5829,35,1053,30.5
2026-04-18 02:09:54 PM,KXWTAMATCH-26APR19RYBMUC-MUC,30,595,29,2430,28,867,27,1415,26,603,31,105,32,435,33,7778,34,5829,35,1053,30.5
2026-04-18 02:09:54 PM,KXWTAMATCH-26APR19RYBMUC-MUC,30,2204,29,2430,28,867,27,1415,26,603,31,105,32,435,33,7778,34,5829,35,1053,30.5
2026-04-18 02:10:54 PM,KXWTAMATCH-26APR19RYBMUC-MUC,30,2204,29,2430,28,867,27,915,26,603,31,105,32,435,33,7778,34,5829,35,1053,30.5
2026-04-18 02:10:55 PM,KXWTAMATCH-26APR19RYBMUC-MUC,30,2204,29,2430,28,867,27,915,26,603,31,105,32,435,33,7778,34,5896,35,1053,30.5
2026-04-18 02:10:55 PM,KXWTAMATCH-26APR19RYBMUC-MUC,30,2204,29,2430,28,867,27,915,26,603,31,105,32,435,33,7705,34,5896,35,1053,30.5
2026-04-18 02:11:01 PM,KXWTAMATCH-26APR19RYBMUC-MUC,30,2204,29,2430,28,1367,27,915,26,603,31,105,32,435,33,7705,34,5896,35,1053,30.5
2026-04-18 02:11:42 PM,KXWTAMATCH-26APR19RYBMUC-MUC,30,2204,29,2430,28,1367,27,915,26,531,31,105,32,435,33,7705,34,5896,35,1053,30.5
2026-04-18 02:11:42 PM,KXWTAMATCH-26APR19RYBMUC-MUC,30,2204,29,2430,28,1367,27,915,26,531,31,105,32,513,33,7705,34,5896,35,1053,30.5
2026-04-18 02:12:30 PM,KXWTAMATCH-26APR19RYBMUC-MUC,30,2204,29,2430,28,1367,27,915,26,531,31,105,32,513,33,6912,34,5896,35,1053,30.5
2026-04-18 02:12:30 PM,KXWTAMATCH-26APR19RYBMUC-MUC,30,2204,29,2430,28,1367,27,915,26,531,31,105,32,513,33,6912,34,6465,35,1053,30.5
2026-04-18 02:12:30 PM,KXWTAMATCH-26APR19RYBMUC-MUC,30,2204,29,2430,28,1367,27,915,26,531,31,105,32,488,33,6912,34,6465,35,1053,30.5
2026-04-18 02:12:31 PM,KXWTAMATCH-26APR19RYBMUC-MUC,30,2204,29,2430,28,1367,27,915,26,531,31,105,32,488,33,6979,34,6465,35,1053,30.5
2026-04-18 02:12:32 PM,KXWTAMATCH-26APR19RYBMUC-MUC,30,2204,29,2430,28,1367,27,915,26,531,31,105,32,488,33,6986,34,6465,35,1053,30.5
2026-04-18 02:12:32 PM,KXWTAMATCH-26APR19RYBMUC-MUC,30,2204,29,2430,28,1367,27,915,26,531,31,105,32,488,33,6986,34,6482,35,1053,30.5
2026-04-18 02:12:33 PM,KXWTAMATCH-26APR19RYBMUC-MUC,30,2204,29,2430,28,1367,27,915,26,531,31,105,32,488,33,6986,34,6415,35,1053,30.5
2026-04-18 02:14:26 PM,KXWTAMATCH-26APR19RYBMUC-MUC,30,2204,29,2430,28,1367,27,915,26,531,31,105,32,514,33,6986,34,6415,35,1053,30.5
2026-04-18 02:15:10 PM,KXWTAMATCH-26APR19RYBMUC-MUC,30,2204,29,2430,28,1367,27,915,26,531,31,106,32,514,33,6986,34,6415,35,1053,30.5
2026-04-18 02:19:05 PM,KXWTAMATCH-26APR19RYBMUC-MUC,30,2204,29,2430,28,1367,27,915,26,531,31,106,32,514,33,6986,34,6482,35,1053,30.5
2026-04-18 02:19:05 PM,KXWTAMATCH-26APR19RYBMUC-MUC,30,2204,29,2430,28,1367,27,915,26,531,31,106,32,514,33,6919,34,6482,35,1053,30.5
2026-04-18 02:19:22 PM,KXWTAMATCH-26APR19RYBMUC-MUC,30,2204,29,2430,28,1367,27,915,26,531,31,106,32,514,33,6986,34,6482,35,1053,30.5
2026-04-18 02:19:22 PM,KXWTAMATCH-26APR19RYBMUC-MUC,30,2204,29,2430,28,1367,27,915,26,531,31,106,32,514,33,6986,34,6415,35,1053,30.5
2026-04-18 02:19:51 PM,KXWTAMATCH-26APR19RYBMUC-MUC,30,2204,29,2430,28,1367,27,915,26,531,31,106,32,740,33,6986,34,6415,35,1053,30.5
2026-04-18 02:19:58 PM,KXWTAMATCH-26APR19RYBMUC-MUC,30,2404,29,2430,28,1367,27,915,26,531,31,106,32,740,33,6986,34,6415,35,1053,30.5
2026-04-18 02:20:06 PM,KXWTAMATCH-26APR19RYBMUC-MUC,30,2444,29,2430,28,1367,27,915,26,531,31,106,32,740,33,6986,34,6415,35,1053,30.5
2026-04-18 02:20:06 PM,KXWTAMATCH-26APR19RYBMUC-MUC,30,2444,29,2430,28,1367,27,915,26,531,31,106,32,740,33,6986,34,6482,35,1053,30.5
2026-04-18 02:20:06 PM,KXWTAMATCH-26APR19RYBMUC-MUC,30,2444,29,2430,28,1367,27,915,26,531,31,106,32,740,33,6919,34,6482,35,1053,30.5
2026-04-18 02:20:06 PM,KXWTAMATCH-26APR19RYBMUC-MUC,30,2444,29,2378,28,1367,27,915,26,531,31,106,32,740,33,6919,34,6482,35,1053,30.5
2026-04-18 02:20:16 PM,KXWTAMATCH-26APR19RYBMUC-MUC,30,2444,29,2418,28,1367,27,915,26,531,31,106,32,740,33,6919,34,6482,35,1053,30.5
2026-04-18 02:20:16 PM,KXWTAMATCH-26APR19RYBMUC-MUC,30,2404,29,2418,28,1367,27,915,26,531,31,106,32,740,33,6919,34,6482,35,1053,30.5
2026-04-18 02:20:34 PM,KXWTAMATCH-26APR19RYBMUC-MUC,30,2404,29,2418,28,1367,27,915,26,531,31,107,32,740,33,6919,34,6482,35,1053,30.5
2026-04-18 02:21:17 PM,KXWTAMATCH-26APR19RYBMUC-MUC,30,2404,29,2418,28,1367,27,915,26,531,31,107,32,740,33,6986,34,6482,35,1053,30.5
2026-04-18 02:21:17 PM,KXWTAMATCH-26APR19RYBMUC-MUC,30,2404,29,2418,28,1367,27,915,26,531,31,107,32,740,33,6986,34,6415,35,1053,30.5
2026-04-18 02:21:20 PM,KXWTAMATCH-26APR19RYBMUC-MUC,30,2404,29,2418,28,1367,27,915,26,531,31,107,32,824,33,6986,34,6415,35,1053,30.5
2026-04-18 02:21:20 PM,KXWTAMATCH-26APR19RYBMUC-MUC,30,2404,29,2418,28,1367,27,915,26,531,31,107,32,824,33,7008,34,6415,35,1053,30.5
2026-04-18 02:22:55 PM,KXWTAMATCH-26APR19RYBMUC-MUC,30,2404,29,2418,28,1367,27,915,26,531,31,92,32,824,33,7008,34,6415,35,1053,30.5
2026-04-18 02:24:29 PM,KXWTAMATCH-26APR19RYBMUC-MUC,30,2404,29,2418,28,1367,27,915,26,531,31,92,32,824,33,7008,34,6398,35,1053,30.5
2026-04-18 02:24:29 PM,KXWTAMATCH-26APR19RYBMUC-MUC,30,2404,29,2418,28,1367,27,915,26,531,31,92,32,849,33,7008,34,6398,35,1053,30.5
2026-04-18 02:24:30 PM,KXWTAMATCH-26APR19RYBMUC-MUC,30,2404,29,2418,28,1367,27,915,26,531,31,92,32,849,33,10226,34,6398,35,1053,30.5
2026-04-18 02:24:31 PM,KXWTAMATCH-26APR19RYBMUC-MUC,30,795,29,2418,28,1367,27,915,26,531,31,92,32,849,33,10226,34,6398,35,1053,30.5
2026-04-18 02:24:31 PM,KXWTAMATCH-26APR19RYBMUC-MUC,30,795,29,809,28,1367,27,915,26,531,31,92,32,849,33,10226,34,6398,35,1053,30.5
2026-04-18 02:24:43 PM,KXWTAMATCH-26APR19RYBMUC-MUC,30,795,29,809,28,1367,27,915,26,531,31,92,32,1024,33,10226,34,6398,35,1053,30.5
2026-04-18 02:24:49 PM,KXWTAMATCH-26APR19RYBMUC-MUC,30,795,29,809,28,1367,27,915,26,531,31,91,32,1024,33,10226,34,6398,35,1053,30.5
2026-04-18 02:27:01 PM,KXWTAMATCH-26APR19RYBMUC-MUC,30,795,29,809,28,1702,27,915,26,531,31,91,32,1024,33,10226,34,6398,35,1053,30.5
2026-04-18 02:27:01 PM,KXWTAMATCH-26APR19RYBMUC-MUC,30,795,29,809,28,1702,27,567,26,531,31,91,32,1024,33,10226,34,6398,35,1053,30.5
2026-04-18 02:27:26 PM,KXWTAMATCH-26APR19RYBMUC-MUC,30,795,29,809,28,1702,27,567,26,531,31,91,32,1460,33,10226,34,6398,35,1053,30.5
2026-04-18 02:27:26 PM,KXWTAMATCH-26APR19RYBMUC-MUC,30,795,29,809,28,1702,27,567,26,531,31,91,32,1460,33,10274,34,6398,35,1053,30.5
2026-04-18 02:30:10 PM,KXWTAMATCH-26APR19RYBMUC-MUC,30,795,29,809,28,1702,27,567,26,531,31,90,32,1460,33,10274,34,6398,35,1053,30.5
2026-04-18 02:31:53 PM,KXWTAMATCH-26APR19RYBMUC-MUC,30,795,29,809,28,1702,27,567,26,531,31,40,32,1460,33,10274,34,6398,35,1053,30.5
2026-04-18 02:31:58 PM,KXWTAMATCH-26APR19RYBMUC-MUC,30,795,29,809,28,1702,27,567,26,531,31,80,32,1460,33,10274,34,6398,35,1053,30.5
2026-04-18 02:34:45 PM,KXWTAMATCH-26APR19RYBMUC-MUC,30,795,29,809,28,1702,27,567,26,531,31,70,32,1460,33,10274,34,6398,35,1053,30.5
2026-04-18 02:35:34 PM,KXWTAMATCH-26APR19RYBMUC-MUC,30,795,29,809,28,1702,27,567,26,531,31,69,32,1460,33,10274,34,6398,35,1053,30.5
2026-04-18 02:36:45 PM,KXWTAMATCH-26APR19RYBMUC-MUC,30,795,29,809,28,1702,27,567,26,531,31,63,32,1460,33,10274,34,6398,35,1053,30.5
2026-04-18 02:37:08 PM,KXWTAMATCH-26APR19RYBMUC-MUC,30,795,29,809,28,1702,27,567,26,531,31,63,32,1495,33,10274,34,6398,35,1053,30.5
2026-04-18 02:37:08 PM,KXWTAMATCH-26APR19RYBMUC-MUC,30,202,29,809,28,1702,27,567,26,531,31,63,32,1495,33,10274,34,6398,35,1053,30.5
2026-04-18 02:38:41 PM,KXWTAMATCH-26APR19RYBMUC-MUC,30,202,29,809,28,1702,27,567,26,531,31,45,32,1495,33,10274,34,6398,35,1053,30.5
2026-04-18 02:38:41 PM,KXWTAMATCH-26APR19RYBMUC-MUC,30,202,29,809,28,1702,27,567,26,531,31,5,32,1495,33,10274,34,6398,35,1053,30.5
2026-04-18 02:38:41 PM,KXWTAMATCH-26APR19RYBMUC-MUC,30,202,29,809,28,1702,27,567,26,531,31,5,32,1403,33,10274,34,6398,35,1053,30.5
2026-04-18 02:44:12 PM,KXWTAMATCH-26APR19RYBMUC-MUC,30,202,29,809,28,1702,27,567,26,531,31,5,32,1374,33,10274,34,6398,35,1053,30.5
2026-04-18 02:44:12 PM,KXWTAMATCH-26APR19RYBMUC-MUC,30,202,29,809,28,1702,27,567,26,531,31,5,32,1398,33,10274,34,6398,35,1053,30.5
2026-04-18 02:45:22 PM,KXWTAMATCH-26APR19RYBMUC-MUC,30,202,29,809,28,1702,27,567,26,531,31,5,32,1251,33,10274,34,6398,35,1053,30.5
2026-04-18 02:45:22 PM,KXWTAMATCH-26APR19RYBMUC-MUC,30,202,29,809,28,1702,27,567,26,531,31,5,32,1251,33,10263,34,6398,35,1053,30.5
2026-04-18 02:45:22 PM,KXWTAMATCH-26APR19RYBMUC-MUC,30,202,29,809,28,1702,27,567,26,531,31,5,32,1281,33,10263,34,6398,35,1053,30.5
2026-04-18 02:53:37 PM,KXWTAMATCH-26APR19RYBMUC-MUC,30,202,29,778,28,1702,27,567,26,531,31,5,32,1281,33,10263,34,6398,35,1053,30.5
2026-04-18 02:56:54 PM,KXWTAMATCH-26APR19RYBMUC-MUC,30,202,29,778,28,1702,27,567,26,531,31,5,32,1141,33,10263,34,6398,35,1053,30.5
2026-04-18 02:56:54 PM,KXWTAMATCH-26APR19RYBMUC-MUC,30,202,29,778,28,1702,27,567,26,531,31,5,32,1135,33,10263,34,6398,35,1053,30.5
2026-04-18 02:56:55 PM,KXWTAMATCH-26APR19RYBMUC-MUC,30,202,29,778,28,1702,27,567,26,531,31,5,32,1164,33,10263,34,6398,35,1053,30.5
2026-04-18 02:57:48 PM,KXWTAMATCH-26APR19RYBMUC-MUC,30,202,29,778,28,1702,27,567,26,531,31,5,32,1139,33,10263,34,6398,35,1053,30.5
2026-04-18 02:57:48 PM,KXWTAMATCH-26APR19RYBMUC-MUC,30,202,29,778,28,1702,27,567,26,531,31,5,32,1139,33,10263,34,6416,35,1053,30.5
2026-04-18 02:58:00 PM,KXWTAMATCH-26APR19RYBMUC-MUC,30,202,29,964,28,1702,27,567,26,531,31,5,32,1139,33,10263,34,6416,35,1053,30.5
2026-04-18 02:58:00 PM,KXWTAMATCH-26APR19RYBMUC-MUC,30,202,29,964,28,1702,27,567,26,531,31,5,32,1139,33,10263,34,6538,35,1053,30.5
2026-04-18 02:58:30 PM,KXWTAMATCH-26APR19RYBMUC-MUC,30,202,29,964,28,1702,27,567,26,219,31,5,32,1139,33,10263,34,6538,35,1053,30.5
2026-04-18 03:04:12 PM,KXWTAMATCH-26APR19RYBMUC-MUC,30,200,29,961,28,1702,27,567,26,219,32,1136,33,10264,34,6538,35,1053,36,506,31.0
2026-04-18 03:04:22 PM,KXWTAMATCH-26APR19RYBMUC-MUC,31,10,30,200,29,961,28,1702,27,567,32,1136,33,10264,34,6538,35,1053,36,506,31.5
2026-04-18 03:04:22 PM,KXWTAMATCH-26APR19RYBMUC-MUC,31,10,30,225,29,961,28,1702,27,567,32,1136,33,10264,34,6538,35,1053,36,506,31.5
2026-04-18 03:04:22 PM,KXWTAMATCH-26APR19RYBMUC-MUC,31,10,30,225,29,961,28,1684,27,567,32,1136,33,10264,34,6538,35,1053,36,506,31.5
2026-04-18 03:04:22 PM,KXWTAMATCH-26APR19RYBMUC-MUC,31,10,30,225,29,936,28,1684,27,567,32,1136,33,10264,34,6538,35,1053,36,506,31.5
2026-04-18 03:04:22 PM,KXWTAMATCH-26APR19RYBMUC-MUC,31,10,30,200,29,936,28,1684,27,567,32,1136,33,10264,34,6538,35,1053,36,506,31.5
2026-04-18 03:04:22 PM,KXWTAMATCH-26APR19RYBMUC-MUC,31,10,30,200,29,936,28,1684,27,567,32,1136,33,10246,34,6538,35,1053,36,506,31.5
2026-04-18 03:04:22 PM,KXWTAMATCH-26APR19RYBMUC-MUC,31,10,30,200,29,936,28,1684,27,567,32,1136,33,10239,34,6538,35,1053,36,506,31.5
2026-04-18 03:04:22 PM,KXWTAMATCH-26APR19RYBMUC-MUC,31,10,30,200,29,936,28,1684,27,567,32,1136,33,10239,34,6520,35,1053,36,506,31.5
2026-04-18 03:06:53 PM,KXWTAMATCH-26APR19RYBMUC-MUC,31,10,30,200,29,936,28,1684,27,567,32,1122,33,10239,34,6520,35,1053,36,506,31.5
2026-04-18 03:12:58 PM,KXWTAMATCH-26APR19RYBMUC-MUC,31,10,30,200,29,936,28,1684,27,567,32,1162,33,10239,34,6520,35,1053,36,506,31.5
2026-04-18 03:14:22 PM,KXWTAMATCH-26APR19RYBMUC-MUC,31,10,30,200,29,936,28,1684,27,567,32,1197,33,10239,34,6520,35,1053,36,506,31.5
2026-04-18 03:14:23 PM,KXWTAMATCH-26APR19RYBMUC-MUC,31,10,30,200,29,936,28,1684,27,567,32,1157,33,10239,34,6520,35,1053,36,506,31.5
2026-04-18 03:14:28 PM,KXWTAMATCH-26APR19RYBMUC-MUC,31,10,30,200,29,936,28,1684,27,567,32,1197,33,10239,34,6520,35,1053,36,506,31.5
2026-04-18 03:18:01 PM,KXWTAMATCH-26APR19RYBMUC-MUC,31,10,30,200,29,936,28,1684,27,567,32,1236,33,10239,34,6520,35,1053,36,506,31.5
2026-04-18 03:22:29 PM,KXWTAMATCH-26APR19RYBMUC-MUC,31,10,30,200,29,936,28,1684,27,567,32,1314,33,10239,34,6520,35,1053,36,506,31.5
2026-04-18 03:22:54 PM,KXWTAMATCH-26APR19RYBMUC-MUC,31,10,30,200,29,936,28,1684,27,567,32,1313,33,10239,34,6520,35,1053,36,506,31.5
2026-04-18 03:23:47 PM,KXWTAMATCH-26APR19RYBMUC-MUC,31,10,30,200,29,936,28,1684,27,567,32,1299,33,10239,34,6520,35,1053,36,506,31.5
2026-04-18 03:24:10 PM,KXWTAMATCH-26APR19RYBMUC-MUC,31,10,30,200,29,936,28,1684,27,567,32,1350,33,10239,34,6520,35,1053,36,506,31.5
2026-04-18 03:26:18 PM,KXWTAMATCH-26APR19RYBMUC-MUC,31,10,30,200,29,936,28,1684,27,567,32,1350,33,10239,34,6398,35,1053,36,506,31.5
2026-04-18 03:26:19 PM,KXWTAMATCH-26APR19RYBMUC-MUC,31,10,30,200,29,936,28,1684,27,567,32,1371,33,10239,34,6398,35,1053,36,506,31.5
2026-04-18 03:32:03 PM,KXWTAMATCH-26APR19RYBMUC-MUC,31,10,30,200,29,936,28,1684,27,567,32,1371,33,10239,34,6370,35,1053,36,506,31.5
2026-04-18 03:32:19 PM,KXWTAMATCH-26APR19RYBMUC-MUC,31,10,30,200,29,936,28,1349,27,567,32,1371,33,10239,34,6370,35,1053,36,506,31.5
2026-04-18 03:32:19 PM,KXWTAMATCH-26APR19RYBMUC-MUC,31,10,30,200,29,936,28,1014,27,567,32,1371,33,10239,34,6370,35,1053,36,506,31.5
2026-04-18 03:33:38 PM,KXWTAMATCH-26APR19RYBMUC-MUC,31,10,30,200,29,936,28,1025,27,567,32,1371,33,10239,34,6370,35,1053,36,506,31.5
2026-04-18 03:33:38 PM,KXWTAMATCH-26APR19RYBMUC-MUC,31,10,30,200,29,936,28,1025,27,567,32,1439,33,10239,34,6370,35,1053,36,506,31.5
2026-04-18 03:33:38 PM,KXWTAMATCH-26APR19RYBMUC-MUC,31,10,30,200,29,927,28,1025,27,567,32,1439,33,10239,34,6370,35,1053,36,506,31.5
2026-04-18 03:33:38 PM,KXWTAMATCH-26APR19RYBMUC-MUC,31,10,30,200,29,927,28,1025,27,567,32,1439,33,10172,34,6370,35,1053,36,506,31.5
2026-04-18 03:33:39 PM,KXWTAMATCH-26APR19RYBMUC-MUC,31,10,30,200,29,927,28,1025,27,567,32,1371,33,10172,34,6370,35,1053,36,506,31.5
2026-04-18 03:34:25 PM,KXWTAMATCH-26APR19RYBMUC-MUC,30,200,29,927,28,1025,27,567,26,219,32,1371,33,10172,34,6370,35,1053,36,506,31.0
2026-04-18 03:34:25 PM,KXWTAMATCH-26APR19RYBMUC-MUC,30,225,29,927,28,1025,27,567,26,219,32,1371,33,10172,34,6370,35,1053,36,506,31.0
2026-04-18 03:34:25 PM,KXWTAMATCH-26APR19RYBMUC-MUC,30,225,29,946,28,1025,27,567,26,219,32,1371,33,10172,34,6370,35,1053,36,506,31.0
2026-04-18 03:34:25 PM,KXWTAMATCH-26APR19RYBMUC-MUC,30,225,29,946,28,1025,27,567,26,219,32,1371,33,10197,34,6370,35,1053,36,506,31.0
2026-04-18 03:34:25 PM,KXWTAMATCH-26APR19RYBMUC-MUC,30,225,29,946,28,1025,27,567,26,219,32,1371,33,10197,34,6389,35,1053,36,506,31.0
2026-04-18 03:34:25 PM,KXWTAMATCH-26APR19RYBMUC-MUC,30,225,29,968,28,1025,27,567,26,219,32,1371,33,10197,34,6389,35,1053,36,506,31.0
2026-04-18 03:34:25 PM,KXWTAMATCH-26APR19RYBMUC-MUC,30,225,29,968,28,1025,27,567,26,219,32,1371,33,10265,34,6389,35,1053,36,506,31.0
2026-04-18 03:34:25 PM,KXWTAMATCH-26APR19RYBMUC-MUC,30,225,29,968,28,1044,27,567,26,219,32,1371,33,10265,34,6389,35,1053,36,506,31.0
2026-04-18 03:34:25 PM,KXWTAMATCH-26APR19RYBMUC-MUC,30,200,29,968,28,1044,27,567,26,219,32,1371,33,10265,34,6389,35,1053,36,506,31.0
2026-04-18 03:34:25 PM,KXWTAMATCH-26APR19RYBMUC-MUC,30,200,29,968,28,1044,27,567,26,219,32,1371,33,10265,34,6370,35,1053,36,506,31.0
2026-04-18 03:34:25 PM,KXWTAMATCH-26APR19RYBMUC-MUC,30,200,29,968,28,1033,27,567,26,219,32,1371,33,10265,34,6370,35,1053,36,506,31.0
2026-04-18 03:34:26 PM,KXWTAMATCH-26APR19RYBMUC-MUC,30,200,29,968,28,1033,27,567,26,219,32,1396,33,10265,34,6370,35,1053,36,506,31.0
2026-04-18 03:37:28 PM,KXWTAMATCH-26APR19RYBMUC-MUC,30,200,29,968,28,1033,27,567,26,219,32,1395,33,10265,34,6370,35,1053,36,506,31.0,2987,19589,0.132
2026-04-18 03:37:51 PM,KXWTAMATCH-26APR19RYBMUC-MUC,30,200,29,985,28,1033,27,567,26,219,32,1395,33,10265,34,6370,35,1053,36,506,31.0,3004,19589,0.133
2026-04-18 03:41:22 PM,KXWTAMATCH-26APR19RYBMUC-MUC,30,200,29,985,28,1050,27,567,26,219,32,1395,33,10265,34,6370,35,1053,36,506,31.0,3021,19589,0.134
2026-04-18 03:44:54 PM,KXWTAMATCH-26APR19RYBMUC-MUC,30,200,29,985,28,1050,27,567,26,219,32,1383,33,10265,34,6370,35,1053,36,506,31.0,3021,19577,0.134
2026-04-18 03:46:46 PM,KXWTAMATCH-26APR19RYBMUC-MUC,30,200,29,985,28,1050,27,567,26,219,32,1383,33,10265,34,6492,35,1053,36,506,31.0,3021,19699,0.133
2026-04-18 03:47:07 PM,KXWTAMATCH-26APR19RYBMUC-MUC,30,200,29,985,28,1050,27,567,26,219,32,1383,33,10265,34,6370,35,1053,36,506,31.0,3021,19577,0.134
2026-04-18 03:48:41 PM,KXWTAMATCH-26APR19RYBMUC-MUC,30,200,29,968,28,1050,27,567,26,219,32,1383,33,10265,34,6370,35,1053,36,506,31.0,3004,19577,0.133
2026-04-18 03:48:41 PM,KXWTAMATCH-26APR19RYBMUC-MUC,30,200,29,968,28,1033,27,567,26,219,32,1383,33,10265,34,6370,35,1053,36,506,31.0,2987,19577,0.132
2026-04-18 03:50:12 PM,KXWTAMATCH-26APR19RYBMUC-MUC,30,200,29,968,28,1033,27,567,26,219,32,1383,33,10265,34,6370,35,1053,44,181,31.0,2987,19252,0.134
2026-04-18 03:50:12 PM,KXWTAMATCH-26APR19RYBMUC-MUC,30,200,29,968,28,1033,27,567,26,219,32,1383,33,10265,34,5832,35,1053,44,181,31.0,2987,18714,0.138
2026-04-18 03:50:12 PM,KXWTAMATCH-26APR19RYBMUC-MUC,30,200,29,968,28,1033,27,567,26,219,32,1383,33,10969,34,5832,35,1053,44,181,31.0,2987,19418,0.133
2026-04-18 03:50:21 PM,KXWTAMATCH-26APR19RYBMUC-MUC,30,200,29,968,28,1033,27,567,26,219,32,1383,33,10969,34,5904,35,1053,44,181,31.0,2987,19490,0.133
2026-04-18 03:50:21 PM,KXWTAMATCH-26APR19RYBMUC-MUC,30,200,29,968,28,1033,27,567,26,219,32,1383,33,10901,34,5904,35,1053,44,181,31.0,2987,19422,0.133
2026-04-18 03:50:21 PM,KXWTAMATCH-26APR19RYBMUC-MUC,30,200,29,968,28,1033,27,567,26,219,32,1383,33,10901,34,5832,35,1053,44,181,31.0,2987,19350,0.134
2026-04-18 03:50:21 PM,KXWTAMATCH-26APR19RYBMUC-MUC,30,200,29,968,28,1033,27,567,26,219,32,1383,33,10901,34,1032,35,1053,44,181,31.0,2987,14550,0.170
2026-04-18 03:50:21 PM,KXWTAMATCH-26APR19RYBMUC-MUC,30,200,29,968,28,1033,27,567,26,219,32,1383,33,10901,34,1154,35,1053,44,181,31.0,2987,14672,0.169
2026-04-18 03:50:21 PM,KXWTAMATCH-26APR19RYBMUC-MUC,30,200,29,968,28,1033,27,567,26,219,32,10983,33,10901,34,1154,35,1053,44,181,31.0,2987,24272,0.110
2026-04-18 03:50:21 PM,KXWTAMATCH-26APR19RYBMUC-MUC,30,200,29,968,28,1033,27,567,26,219,32,10983,33,7683,34,1154,35,1053,44,181,31.0,2987,21054,0.124
2026-04-18 03:50:22 PM,KXWTAMATCH-26APR19RYBMUC-MUC,30,200,29,968,28,1033,27,567,26,219,32,10983,33,6102,34,1154,35,1053,44,181,31.0,2987,19473,0.133
2026-04-18 03:50:29 PM,KXWTAMATCH-26APR19RYBMUC-MUC,30,200,29,968,28,1033,27,567,26,219,32,10983,33,6174,34,1154,35,1053,44,181,31.0,2987,19545,0.133
2026-04-18 03:50:31 PM,KXWTAMATCH-26APR19RYBMUC-MUC,30,200,29,968,28,1033,27,567,26,219,32,10983,33,6174,34,1032,35,1053,44,181,31.0,2987,19423,0.133
2026-04-18 03:50:39 PM,KXWTAMATCH-26APR19RYBMUC-MUC,30,200,29,968,28,533,27,567,26,219,32,10983,33,6174,34,1032,35,1053,44,181,31.0,2487,19423,0.114
2026-04-18 03:50:42 PM,KXWTAMATCH-26APR19RYBMUC-MUC,30,200,29,968,28,533,27,567,26,219,32,10958,33,6174,34,1032,35,1053,44,181,31.0,2487,19398,0.114
2026-04-18 03:50:42 PM,KXWTAMATCH-26APR19RYBMUC-MUC,30,200,29,968,28,533,27,567,26,219,32,10733,33,6174,34,1032,35,1053,44,181,31.0,2487,19173,0.115
2026-04-18 03:50:42 PM,KXWTAMATCH-26APR19RYBMUC-MUC,30,200,29,968,28,533,27,567,26,219,32,10650,33,6174,34,1032,35,1053,44,181,31.0,2487,19090,0.115
2026-04-18 03:50:42 PM,KXWTAMATCH-26APR19RYBMUC-MUC,30,200,29,968,28,533,27,567,26,219,32,10476,33,6174,34,1032,35,1053,44,181,31.0,2487,18916,0.116
2026-04-18 03:50:42 PM,KXWTAMATCH-26APR19RYBMUC-MUC,30,200,29,968,28,533,27,567,26,219,32,10041,33,6174,34,1032,35,1053,44,181,31.0,2487,18481,0.119
2026-04-18 03:50:42 PM,KXWTAMATCH-26APR19RYBMUC-MUC,30,200,29,968,28,533,27,567,26,219,32,10007,33,6174,34,1032,35,1053,44,181,31.0,2487,18447,0.119
2026-04-18 03:50:42 PM,KXWTAMATCH-26APR19RYBMUC-MUC,30,200,29,968,28,533,27,567,26,219,32,9984,33,6174,34,1032,35,1053,44,181,31.0,2487,18424,0.119
2026-04-18 03:50:42 PM,KXWTAMATCH-26APR19RYBMUC-MUC,30,200,29,968,28,533,27,567,26,219,32,9955,33,6174,34,1032,35,1053,44,181,31.0,2487,18395,0.119
2026-04-18 03:50:42 PM,KXWTAMATCH-26APR19RYBMUC-MUC,30,200,29,968,28,533,27,567,26,219,32,9927,33,6174,34,1032,35,1053,44,181,31.0,2487,18367,0.119
2026-04-18 03:50:42 PM,KXWTAMATCH-26APR19RYBMUC-MUC,30,200,29,968,28,533,27,567,26,219,32,9893,33,6174,34,1032,35,1053,44,181,31.0,2487,18333,0.119
2026-04-18 03:50:42 PM,KXWTAMATCH-26APR19RYBMUC-MUC,30,200,29,968,28,533,27,567,26,219,32,9855,33,6174,34,1032,35,1053,44,181,31.0,2487,18295,0.120
2026-04-18 03:50:42 PM,KXWTAMATCH-26APR19RYBMUC-MUC,30,200,29,968,28,533,27,567,26,219,32,9778,33,6174,34,1032,35,1053,44,181,31.0,2487,18218,0.120
2026-04-18 03:50:42 PM,KXWTAMATCH-26APR19RYBMUC-MUC,30,200,29,968,28,533,27,567,26,219,32,9737,33,6174,34,1032,35,1053,44,181,31.0,2487,18177,0.120
2026-04-18 03:50:42 PM,KXWTAMATCH-26APR19RYBMUC-MUC,30,200,29,968,28,533,27,567,26,219,32,9686,33,6174,34,1032,35,1053,44,181,31.0,2487,18126,0.121
2026-04-18 03:50:42 PM,KXWTAMATCH-26APR19RYBMUC-MUC,30,200,29,968,28,533,27,567,26,219,32,9678,33,6174,34,1032,35,1053,44,181,31.0,2487,18118,0.121
2026-04-18 03:50:42 PM,KXWTAMATCH-26APR19RYBMUC-MUC,30,200,29,968,28,533,27,567,26,219,32,9678,33,6139,34,1032,35,1053,44,181,31.0,2487,18083,0.121
2026-04-18 03:50:42 PM,KXWTAMATCH-26APR19RYBMUC-MUC,30,200,29,968,28,533,27,567,26,219,31,1363,32,9678,33,6139,34,1032,35,1053,30.5,2487,19265,0.114
2026-04-18 03:50:42 PM,KXWTAMATCH-26APR19RYBMUC-MUC,30,200,29,946,28,533,27,567,26,219,31,1363,32,9678,33,6139,34,1032,35,1053,30.5,2465,19265,0.113
2026-04-18 03:50:42 PM,KXWTAMATCH-26APR19RYBMUC-MUC,30,200,29,946,28,564,27,567,26,219,31,1363,32,9678,33,6139,34,1032,35,1053,30.5,2496,19265,0.115
2026-04-18 03:50:42 PM,KXWTAMATCH-26APR19RYBMUC-MUC,30,200,29,946,28,564,27,567,26,219,31,1363,32,9750,33,6139,34,1032,35,1053,30.5,2496,19337,0.114
2026-04-18 03:50:42 PM,KXWTAMATCH-26APR19RYBMUC-MUC,30,200,29,946,28,564,27,567,26,219,31,1363,32,9750,33,6139,34,1154,35,1053,30.5,2496,19459,0.114
2026-04-18 03:50:42 PM,KXWTAMATCH-26APR19RYBMUC-MUC,30,200,29,946,28,564,27,1067,26,219,31,1363,32,9750,33,6139,34,1154,35,1053,30.5,2996,19459,0.133
2026-04-18 03:50:42 PM,KXWTAMATCH-26APR19RYBMUC-MUC,30,200,29,946,28,564,27,1067,26,219,31,1363,32,9750,33,6067,34,1154,35,1053,30.5,2996,19387,0.134
2026-04-18 03:50:43 PM,KXWTAMATCH-26APR19RYBMUC-MUC,30,200,29,946,28,564,27,1067,26,219,31,1363,32,9710,33,6067,34,1154,35,1053,30.5,2996,19347,0.134
2026-04-18 03:50:43 PM,KXWTAMATCH-26APR19RYBMUC-MUC,30,200,29,946,28,564,27,1067,26,219,31,1403,32,9710,33,6067,34,1154,35,1053,30.5,2996,19387,0.134
2026-04-18 03:51:12 PM,KXWTAMATCH-26APR19RYBMUC-MUC,30,200,29,946,28,564,27,1067,26,219,31,1403,32,9709,33,6067,34,1154,35,1053,30.5,2996,19386,0.134
2026-04-18 03:51:12 PM,KXWTAMATCH-26APR19RYBMUC-MUC,30,200,29,946,28,564,27,1067,26,219,31,1403,32,9708,33,6067,34,1154,35,1053,30.5,2996,19385,0.134
2026-04-18 03:51:12 PM,KXWTAMATCH-26APR19RYBMUC-MUC,30,200,29,946,28,564,27,1067,26,219,31,1403,32,9707,33,6067,34,1154,35,1053,30.5,2996,19384,0.134
2026-04-18 03:51:12 PM,KXWTAMATCH-26APR19RYBMUC-MUC,30,200,29,946,28,564,27,1067,26,219,31,1403,32,9706,33,6067,34,1154,35,1053,30.5,2996,19383,0.134
2026-04-18 03:51:12 PM,KXWTAMATCH-26APR19RYBMUC-MUC,30,200,29,946,28,564,27,1067,26,219,31,1403,32,9705,33,6067,34,1154,35,1053,30.5,2996,19382,0.134
2026-04-18 03:51:12 PM,KXWTAMATCH-26APR19RYBMUC-MUC,30,200,29,946,28,564,27,1067,26,219,31,1403,32,9704,33,6067,34,1154,35,1053,30.5,2996,19381,0.134
2026-04-18 03:51:12 PM,KXWTAMATCH-26APR19RYBMUC-MUC,30,200,29,946,28,564,27,1067,26,219,31,1403,32,9703,33,6067,34,1154,35,1053,30.5,2996,19380,0.134
2026-04-18 03:51:12 PM,KXWTAMATCH-26APR19RYBMUC-MUC,30,200,29,946,28,564,27,1067,26,219,31,1403,32,9702,33,6067,34,1154,35,1053,30.5,2996,19379,0.134
2026-04-18 03:51:12 PM,KXWTAMATCH-26APR19RYBMUC-MUC,30,200,29,946,28,564,27,1067,26,219,31,1403,32,9701,33,6067,34,1154,35,1053,30.5,2996,19378,0.134
2026-04-18 03:51:12 PM,KXWTAMATCH-26APR19RYBMUC-MUC,30,200,29,946,28,564,27,1067,26,219,31,1403,32,9700,33,6067,34,1154,35,1053,30.5,2996,19377,0.134
2026-04-18 03:51:12 PM,KXWTAMATCH-26APR19RYBMUC-MUC,30,200,29,946,28,564,27,1067,26,219,31,1403,32,9699,33,6067,34,1154,35,1053,30.5,2996,19376,0.134
2026-04-18 03:51:12 PM,KXWTAMATCH-26APR19RYBMUC-MUC,30,200,29,946,28,564,27,1067,26,219,31,1403,32,9698,33,6067,34,1154,35,1053,30.5,2996,19375,0.134
2026-04-18 03:51:12 PM,KXWTAMATCH-26APR19RYBMUC-MUC,30,200,29,976,28,564,27,1067,26,219,31,1403,32,9698,33,6067,34,1154,35,1053,30.5,3026,19375,0.135
2026-04-18 03:51:12 PM,KXWTAMATCH-26APR19RYBMUC-MUC,30,200,29,976,28,564,27,1067,26,219,31,1403,32,9698,33,6139,34,1154,35,1053,30.5,3026,19447,0.135
2026-04-18 03:51:12 PM,KXWTAMATCH-26APR19RYBMUC-MUC,30,200,29,976,28,564,27,1067,26,219,31,1403,32,9626,33,6139,34,1154,35,1053,30.5,3026,19375,0.135
2026-04-18 03:51:12 PM,KXWTAMATCH-26APR19RYBMUC-MUC,30,200,29,976,28,533,27,1067,26,219,31,1403,32,9626,33,6139,34,1154,35,1053,30.5,2995,19375,0.134
2026-04-18 03:51:12 PM,KXWTAMATCH-26APR19RYBMUC-MUC,30,200,29,976,28,533,27,1067,26,219,31,1403,32,9626,33,6139,34,1032,35,1053,30.5,2995,19253,0.135
2026-04-18 03:51:53 PM,KXWTAMATCH-26APR19RYBMUC-MUC,30,200,29,976,28,564,27,1067,26,219,31,1403,32,9626,33,6139,34,1032,35,1053,30.5,3026,19253,0.136
2026-04-18 03:51:53 PM,KXWTAMATCH-26APR19RYBMUC-MUC,30,200,29,976,28,564,27,1067,26,219,31,1403,32,9698,33,6139,34,1032,35,1053,30.5,3026,19325,0.135
2026-04-18 03:51:53 PM,KXWTAMATCH-26APR19RYBMUC-MUC,30,200,29,946,28,564,27,1067,26,219,31,1403,32,9698,33,6139,34,1032,35,1053,30.5,2996,19325,0.134
2026-04-18 03:51:53 PM,KXWTAMATCH-26APR19RYBMUC-MUC,30,200,29,946,28,564,27,1067,26,219,31,1403,32,9698,33,6067,34,1032,35,1053,30.5,2996,19253,0.135
2026-04-18 03:52:13 PM,KXWTAMATCH-26APR19RYBMUC-MUC,30,200,29,946,28,564,27,1067,26,219,31,1403,32,9698,33,6139,34,1032,35,1053,30.5,2996,19325,0.134
2026-04-18 03:52:13 PM,KXWTAMATCH-26APR19RYBMUC-MUC,30,200,29,946,28,564,27,1067,26,219,31,1403,32,9626,33,6139,34,1032,35,1053,30.5,2996,19253,0.135
2026-04-18 03:52:13 PM,KXWTAMATCH-26APR19RYBMUC-MUC,30,200,29,976,28,564,27,1067,26,219,31,1403,32,9626,33,6139,34,1032,35,1053,30.5,3026,19253,0.136
2026-04-18 03:52:13 PM,KXWTAMATCH-26APR19RYBMUC-MUC,30,200,29,790,28,564,27,1067,26,219,31,1403,32,9626,33,6139,34,1032,35,1053,30.5,2840,19253,0.129
2026-04-18 03:52:31 PM,KXWTAMATCH-26APR19RYBMUC-MUC,30,200,29,790,28,533,27,1067,26,219,31,1403,32,9626,33,6139,34,1032,35,1053,30.5,2809,19253,0.127
2026-04-18 03:52:31 PM,KXWTAMATCH-26APR19RYBMUC-MUC,30,200,29,820,28,533,27,1067,26,219,31,1403,32,9626,33,6139,34,1032,35,1053,30.5,2839,19253,0.129
2026-04-18 03:52:32 PM,KXWTAMATCH-26APR19RYBMUC-MUC,30,200,29,850,28,533,27,1067,26,219,31,1403,32,9626,33,6139,34,1032,35,1053,30.5,2869,19253,0.130
2026-04-18 03:52:32 PM,KXWTAMATCH-26APR19RYBMUC-MUC,30,200,29,820,28,533,27,1067,26,219,31,1403,32,9626,33,6139,34,1032,35,1053,30.5,2839,19253,0.129
2026-04-18 03:52:32 PM,KXWTAMATCH-26APR19RYBMUC-MUC,30,200,29,790,28,533,27,1067,26,219,31,1403,32,9626,33,6139,34,1032,35,1053,30.5,2809,19253,0.127
2026-04-18 03:52:37 PM,KXWTAMATCH-26APR19RYBMUC-MUC,30,200,29,790,28,533,27,1067,26,219,31,1403,32,9698,33,6139,34,1032,35,1053,30.5,2809,19325,0.127
2026-04-18 03:52:37 PM,KXWTAMATCH-26APR19RYBMUC-MUC,30,200,29,760,28,533,27,1067,26,219,31,1403,32,9698,33,6139,34,1032,35,1053,30.5,2779,19325,0.126
2026-04-18 03:52:37 PM,KXWTAMATCH-26APR19RYBMUC-MUC,30,200,29,781,28,533,27,1067,26,219,31,1403,32,9698,33,6139,34,1032,35,1053,30.5,2800,19325,0.127
2026-04-18 03:52:37 PM,KXWTAMATCH-26APR19RYBMUC-MUC,30,200,29,781,28,533,27,1067,26,219,31,1403,32,9698,33,6067,34,1032,35,1053,30.5,2800,19253,0.127
2026-04-18 03:52:49 PM,KXWTAMATCH-26APR19RYBMUC-MUC,30,200,29,781,28,564,27,1067,26,219,31,1403,32,9698,33,6067,34,1032,35,1053,30.5,2831,19253,0.128
2026-04-18 03:52:49 PM,KXWTAMATCH-26APR19RYBMUC-MUC,30,200,29,781,28,564,27,1067,26,219,31,1403,32,9698,33,6139,34,1032,35,1053,30.5,2831,19325,0.128
2026-04-18 03:52:49 PM,KXWTAMATCH-26APR19RYBMUC-MUC,30,200,29,781,28,564,27,1067,26,219,31,1403,32,9626,33,6139,34,1032,35,1053,30.5,2831,19253,0.128
2026-04-18 03:53:50 PM,KXWTAMATCH-26APR19RYBMUC-MUC,30,200,29,781,28,533,27,1067,26,219,31,1403,32,9626,33,6139,34,1032,35,1053,30.5,2800,19253,0.127
2026-04-18 03:53:50 PM,KXWTAMATCH-26APR19RYBMUC-MUC,30,200,29,811,28,533,27,1067,26,219,31,1403,32,9626,33,6139,34,1032,35,1053,30.5,2830,19253,0.128
2026-04-18 03:56:55 PM,KXWTAMATCH-26APR19RYBMUC-MUC,30,200,29,811,28,533,27,1067,26,219,31,1403,32,9626,33,6138,34,1032,35,1053,30.5,2830,19252,0.128
2026-04-18 03:57:40 PM,KXWTAMATCH-26APR19RYBMUC-MUC,30,200,29,811,28,533,27,1067,26,219,31,1403,32,9626,33,6138,34,1032,35,1053,30.5,2830,19252,0.128
2026-04-18 03:58:50 PM,KXWTAMATCH-26APR19RYBMUC-MUC,30,200,29,838,28,533,27,1067,26,219,31,1403,32,9626,33,6138,34,1032,35,1053,30.5,2857,19252,0.129
2026-04-18 03:59:51 PM,KXWTAMATCH-26APR19RYBMUC-MUC,30,200,29,838,28,533,27,1067,26,219,31,1403,32,9626,33,6138,34,1104,35,1053,30.5,2857,19324,0.129
2026-04-18 03:59:51 PM,KXWTAMATCH-26APR19RYBMUC-MUC,30,200,29,838,28,533,27,1067,26,219,31,1403,32,9626,33,6066,34,1104,35,1053,30.5,2857,19252,0.129
2026-04-18 04:00:00 PM,KXWTAMATCH-26APR19RYBMUC-MUC,30,200,29,838,28,533,27,1067,26,219,31,1403,32,9626,33,6138,34,1104,35,1053,30.5,2857,19324,0.129
2026-04-18 04:00:00 PM,KXWTAMATCH-26APR19RYBMUC-MUC,30,200,29,838,28,533,27,1067,26,219,31,1403,32,9626,33,6138,34,1032,35,1053,30.5,2857,19252,0.129
2026-04-18 04:00:15 PM,KXWTAMATCH-26APR19RYBMUC-MUC,30,272,29,838,28,533,27,1067,26,219,31,1403,32,9626,33,6138,34,1032,35,1053,30.5,2929,19252,0.132
2026-04-18 04:00:15 PM,KXWTAMATCH-26APR19RYBMUC-MUC,30,272,29,838,28,533,27,1067,26,219,31,1403,32,9626,33,6138,34,1104,35,1053,30.5,2929,19324,0.132
2026-04-18 04:00:15 PM,KXWTAMATCH-26APR19RYBMUC-MUC,30,272,29,838,28,533,27,1067,26,219,31,1403,32,9626,33,6066,34,1104,35,1053,30.5,2929,19252,0.132
2026-04-18 04:00:16 PM,KXWTAMATCH-26APR19RYBMUC-MUC,30,272,29,811,28,533,27,1067,26,219,31,1403,32,9626,33,6066,34,1104,35,1053,30.5,2902,19252,0.131
2026-04-18 04:00:16 PM,KXWTAMATCH-26APR19RYBMUC-MUC,30,272,29,781,28,533,27,1067,26,219,31,1403,32,9626,33,6066,34,1104,35,1053,30.5,2872,19252,0.130
2026-04-18 04:00:17 PM,KXWTAMATCH-26APR19RYBMUC-MUC,30,200,29,781,28,533,27,1067,26,219,31,1403,32,9626,33,6066,34,1104,35,1053,30.5,2800,19252,0.127
2026-04-18 04:00:42 PM,KXWTAMATCH-26APR19RYBMUC-MUC,30,200,29,853,28,533,27,1067,26,219,31,1403,32,9626,33,6066,34,1104,35,1053,30.5,2872,19252,0.130
2026-04-18 04:00:42 PM,KXWTAMATCH-26APR19RYBMUC-MUC,30,200,29,853,28,533,27,1067,26,219,31,1403,32,9626,33,6138,34,1104,35,1053,30.5,2872,19324,0.129
2026-04-18 04:00:42 PM,KXWTAMATCH-26APR19RYBMUC-MUC,30,200,29,853,28,533,27,1067,26,219,31,1403,32,9626,33,6066,34,1104,35,1053,30.5,2872,19252,0.130
2026-04-18 04:00:42 PM,KXWTAMATCH-26APR19RYBMUC-MUC,30,200,29,853,28,533,27,1067,26,219,31,1403,32,9626,33,6066,34,1032,35,1053,30.5,2872,19180,0.130
2026-04-18 04:01:05 PM,KXWTAMATCH-26APR19RYBMUC-MUC,30,200,29,853,28,533,27,1067,26,219,31,1403,32,9626,33,6138,34,1032,35,1053,30.5,2872,19252,0.130
2026-04-18 04:01:30 PM,KXWTAMATCH-26APR19RYBMUC-MUC,30,272,29,853,28,533,27,1067,26,219,31,1403,32,9626,33,6138,34,1032,35,1053,30.5,2944,19252,0.133
2026-04-18 04:01:30 PM,KXWTAMATCH-26APR19RYBMUC-MUC,30,272,29,853,28,533,27,1067,26,219,31,1403,32,9626,33,6138,34,1104,35,1053,30.5,2944,19324,0.132
2026-04-18 04:01:31 PM,KXWTAMATCH-26APR19RYBMUC-MUC,30,272,29,853,28,533,27,1067,26,219,31,1403,32,9626,33,6066,34,1104,35,1053,30.5,2944,19252,0.133
2026-04-18 04:01:31 PM,KXWTAMATCH-26APR19RYBMUC-MUC,30,272,29,781,28,533,27,1067,26,219,31,1403,32,9626,33,6066,34,1104,35,1053,30.5,2872,19252,0.130
2026-04-18 04:01:33 PM,KXWTAMATCH-26APR19RYBMUC-MUC,30,200,29,781,28,533,27,1067,26,219,31,1403,32,9626,33,6066,34,1104,35,1053,30.5,2800,19252,0.127
2026-04-18 04:01:52 PM,KXWTAMATCH-26APR19RYBMUC-MUC,30,200,29,853,28,533,27,1067,26,219,31,1403,32,9626,33,6066,34,1104,35,1053,30.5,2872,19252,0.130
2026-04-18 04:01:52 PM,KXWTAMATCH-26APR19RYBMUC-MUC,30,200,29,853,28,533,27,1067,26,219,31,1403,32,9626,33,6138,34,1104,35,1053,30.5,2872,19324,0.129
2026-04-18 04:01:52 PM,KXWTAMATCH-26APR19RYBMUC-MUC,30,200,29,853,28,533,27,1067,26,219,31,1403,32,9626,33,6138,34,1104,35,1159,30.5,2872,19430,0.129
2026-04-18 04:01:52 PM,KXWTAMATCH-26APR19RYBMUC-MUC,30,200,29,853,28,533,27,1067,26,219,31,1403,32,9626,33,6138,34,1032,35,1159,30.5,2872,19358,0.129
2026-04-18 04:01:52 PM,KXWTAMATCH-26APR19RYBMUC-MUC,30,200,29,853,28,533,27,1067,26,219,31,1403,32,9626,33,6138,34,1032,35,1053,30.5,2872,19252,0.130
2026-04-18 04:02:31 PM,KXWTAMATCH-26APR19RYBMUC-MUC,30,200,29,853,28,533,27,1067,26,219,31,1403,32,9626,33,6138,34,2276,35,1053,30.5,2872,20496,0.123
2026-04-18 04:02:31 PM,KXWTAMATCH-26APR19RYBMUC-MUC,30,200,29,853,28,533,27,1067,26,219,31,1403,32,9626,33,6066,34,2276,35,1053,30.5,2872,20424,0.123
2026-04-18 04:02:31 PM,KXWTAMATCH-26APR19RYBMUC-MUC,30,200,29,2024,28,533,27,1067,26,219,31,1403,32,9626,33,6066,34,2276,35,1053,30.5,4043,20424,0.165
2026-04-18 04:02:55 PM,KXWTAMATCH-26APR19RYBMUC-MUC,30,200,29,2024,28,533,27,1067,26,219,31,1403,32,9626,33,7310,34,2276,35,1053,30.5,4043,21668,0.157
2026-04-18 04:02:56 PM,KXWTAMATCH-26APR19RYBMUC-MUC,30,200,29,2024,28,533,27,1067,26,219,31,1403,32,9626,33,7310,34,1032,35,1053,30.5,4043,20424,0.165
2026-04-18 04:02:56 PM,KXWTAMATCH-26APR19RYBMUC-MUC,30,200,29,2024,28,533,27,1067,26,219,31,1403,32,9626,33,6066,34,1032,35,1053,30.5,4043,19180,0.174
2026-04-18 04:03:07 PM,KXWTAMATCH-26APR19RYBMUC-MUC,30,200,29,2024,28,533,27,1067,26,219,31,1250,32,9626,33,6066,34,1032,35,1053,30.5,4043,19027,0.175
2026-04-18 04:03:08 PM,KXWTAMATCH-26APR19RYBMUC-MUC,30,200,29,2024,28,533,27,1067,26,219,31,1276,32,9626,33,6066,34,1032,35,1053,30.5,4043,19053,0.175
2026-04-18 04:03:08 PM,KXWTAMATCH-26APR19RYBMUC-MUC,30,200,29,2024,28,533,27,1067,26,219,31,1276,32,9626,33,6066,34,2276,35,1053,30.5,4043,20297,0.166
2026-04-18 04:03:08 PM,KXWTAMATCH-26APR19RYBMUC-MUC,30,1444,29,2024,28,533,27,1067,26,219,31,1276,32,9626,33,6066,34,2276,35,1053,30.5,5287,20297,0.207
2026-04-18 04:03:08 PM,KXWTAMATCH-26APR19RYBMUC-MUC,30,1444,29,853,28,533,27,1067,26,219,31,1276,32,9626,33,6066,34,2276,35,1053,30.5,4116,20297,0.169
2026-04-18 04:03:08 PM,KXWTAMATCH-26APR19RYBMUC-MUC,30,1444,29,781,28,533,27,1067,26,219,31,1276,32,9626,33,6066,34,2276,35,1053,30.5,4044,20297,0.166
2026-04-18 04:04:09 PM,KXWTAMATCH-26APR19RYBMUC-MUC,30,1444,29,2025,28,533,27,1067,26,219,31,1276,32,9626,33,6066,34,2276,35,1053,30.5,5288,20297,0.207
2026-04-18 04:04:09 PM,KXWTAMATCH-26APR19RYBMUC-MUC,30,1444,29,2025,28,533,27,1067,26,219,31,1276,32,9626,33,7310,34,2276,35,1053,30.5,5288,21541,0.197
2026-04-18 04:04:09 PM,KXWTAMATCH-26APR19RYBMUC-MUC,30,200,29,2025,28,533,27,1067,26,219,31,1276,32,9626,33,7310,34,2276,35,1053,30.5,4044,21541,0.158
2026-04-18 04:04:09 PM,KXWTAMATCH-26APR19RYBMUC-MUC,30,200,29,2025,28,533,27,1067,26,219,31,1276,32,9626,33,6066,34,2276,35,1053,30.5,4044,20297,0.166
2026-04-18 04:04:19 PM,KXWTAMATCH-26APR19RYBMUC-MUC,30,200,29,781,28,533,27,1067,26,219,31,1276,32,9626,33,6066,34,2276,35,1053,30.5,2800,20297,0.121
2026-04-18 04:04:49 PM,KXWTAMATCH-26APR19RYBMUC-MUC,30,200,29,2025,28,533,27,1067,26,219,31,1276,32,9626,33,6066,34,2276,35,1053,30.5,4044,20297,0.166
2026-04-18 04:05:02 PM,KXWTAMATCH-26APR19RYBMUC-MUC,30,200,29,781,28,533,27,1067,26,219,31,1276,32,9626,33,6066,34,2276,35,1053,30.5,2800,20297,0.121
2026-04-18 04:05:02 PM,KXWTAMATCH-26APR19RYBMUC-MUC,30,200,29,2025,28,533,27,1067,26,219,31,1276,32,9626,33,6066,34,2276,35,1053,30.5,4044,20297,0.166
2026-04-18 04:05:11 PM,KXWTAMATCH-26APR19RYBMUC-MUC,30,200,29,781,28,533,27,1067,26,219,31,1276,32,9626,33,6066,34,2276,35,1053,30.5,2800,20297,0.121
2026-04-18 04:05:12 PM,KXWTAMATCH-26APR19RYBMUC-MUC,30,1444,29,781,28,533,27,1067,26,219,31,1276,32,9626,33,6066,34,2276,35,1053,30.5,4044,20297,0.166
2026-04-18 04:05:58 PM,KXWTAMATCH-26APR19RYBMUC-MUC,30,200,29,781,28,533,27,1067,26,219,31,1276,32,9626,33,6066,34,2276,35,1053,30.5,2800,20297,0.121
2026-04-18 04:06:58 PM,KXWTAMATCH-26APR19RYBMUC-MUC,30,200,29,2025,28,533,27,1067,26,219,31,1276,32,9626,33,6066,34,2276,35,1053,30.5,4044,20297,0.166
2026-04-18 04:07:19 PM,KXWTAMATCH-26APR19RYBMUC-MUC,30,200,29,2025,28,533,27,1067,26,219,31,1275,32,9626,33,6066,34,2276,35,1053,30.5,4044,20296,0.166
2026-04-18 04:07:44 PM,KXWTAMATCH-26APR19RYBMUC-MUC,30,200,29,781,28,533,27,1067,26,219,31,1275,32,9626,33,6066,34,2276,35,1053,30.5,2800,20296,0.121
2026-04-18 04:07:48 PM,KXWTAMATCH-26APR19RYBMUC-MUC,30,200,29,2025,28,533,27,1067,26,219,31,1275,32,9626,33,6066,34,2276,35,1053,30.5,4044,20296,0.166
2026-04-18 04:07:56 PM,KXWTAMATCH-26APR19RYBMUC-MUC,30,200,29,781,28,533,27,1067,26,219,31,1275,32,9626,33,6066,34,2276,35,1053,30.5,2800,20296,0.121
2026-04-18 04:08:25 PM,KXWTAMATCH-26APR19RYBMUC-MUC,30,200,29,2025,28,533,27,1067,26,219,31,1275,32,9626,33,6066,34,2276,35,1053,30.5,4044,20296,0.166
2026-04-18 04:11:12 PM,KXWTAMATCH-26APR19RYBMUC-MUC,30,200,29,781,28,533,27,1067,26,219,31,1275,32,9626,33,6066,34,2276,35,1053,30.5,2800,20296,0.121
2026-04-18 04:11:57 PM,KXWTAMATCH-26APR19RYBMUC-MUC,30,1444,29,781,28,533,27,1067,26,219,31,1275,32,9626,33,6066,34,2276,35,1053,30.5,4044,20296,0.166
2026-04-18 04:11:57 PM,KXWTAMATCH-26APR19RYBMUC-MUC,30,1444,29,781,28,533,27,1067,26,219,31,1275,32,9626,33,6066,34,2276,35,1177,30.5,4044,20420,0.165
2026-04-18 04:11:58 PM,KXWTAMATCH-26APR19RYBMUC-MUC,30,1444,29,781,28,533,27,1067,26,219,31,1272,32,9626,33,6066,34,2276,35,1177,30.5,4044,20417,0.165
2026-04-18 04:12:51 PM,KXWTAMATCH-26APR19RYBMUC-MUC,30,1444,29,781,28,533,27,1067,26,219,31,1272,32,9626,33,5975,34,2276,35,1177,30.5,4044,20326,0.166
2026-04-18 04:13:25 PM,KXWTAMATCH-26APR19RYBMUC-MUC,30,1444,29,781,28,533,27,567,26,219,31,1272,32,9626,33,5975,34,2276,35,1177,30.5,3544,20326,0.148
2026-04-18 04:13:26 PM,KXWTAMATCH-26APR19RYBMUC-MUC,30,1444,29,781,28,533,27,567,26,219,31,1272,32,26,33,5975,34,2276,35,1177,30.5,3544,10726,0.248
2026-04-18 04:13:26 PM,KXWTAMATCH-26APR19RYBMUC-MUC,30,1444,29,781,28,533,27,567,26,219,31,66,32,26,33,5975,34,2276,35,1177,30.5,3544,9520,0.271
2026-04-18 04:13:26 PM,KXWTAMATCH-26APR19RYBMUC-MUC,30,1444,29,781,28,533,27,567,26,219,31,40,32,26,33,5975,34,2276,35,1177,30.5,3544,9494,0.272
2026-04-18 04:13:26 PM,KXWTAMATCH-26APR19RYBMUC-MUC,30,1444,29,781,28,533,27,567,26,219,31,40,32,1233,33,5975,34,2276,35,1177,30.5,3544,10701,0.249
2026-04-18 04:13:26 PM,KXWTAMATCH-26APR19RYBMUC-MUC,30,1444,29,781,28,533,27,567,26,219,31,40,32,1233,33,6011,34,2276,35,1177,30.5,3544,10737,0.248
2026-04-18 04:13:26 PM,KXWTAMATCH-26APR19RYBMUC-MUC,30,1444,29,781,28,533,27,567,26,219,31,40,32,1233,33,10811,34,2276,35,1177,30.5,3544,15537,0.186
2026-04-18 04:13:26 PM,KXWTAMATCH-26APR19RYBMUC-MUC,30,1444,29,781,28,533,27,567,26,219,31,40,32,1233,33,10811,34,7076,35,1177,30.5,3544,20337,0.148
2026-04-18 04:13:28 PM,KXWTAMATCH-26APR19RYBMUC-MUC,30,1444,29,781,28,1033,27,567,26,219,31,40,32,1233,33,10811,34,7076,35,1177,30.5,4044,20337,0.166
2026-04-18 04:17:22 PM,KXWTAMATCH-26APR19RYBMUC-MUC,30,1444,29,820,28,1033,27,567,26,219,31,40,32,1233,33,10811,34,7076,35,1177,30.5,4083,20337,0.167
2026-04-18 04:21:44 PM,KXWTAMATCH-26APR19RYBMUC-MUC,30,1444,29,2062,28,1033,27,567,26,219,31,40,32,1233,33,10811,34,7076,35,1177,30.5,5325,20337,0.208
2026-04-18 04:21:44 PM,KXWTAMATCH-26APR19RYBMUC-MUC,30,200,29,2062,28,1033,27,567,26,219,31,40,32,1233,33,10811,34,7076,35,1177,30.5,4081,20337,0.167
2026-04-18 04:22:01 PM,KXWTAMATCH-26APR19RYBMUC-MUC,30,1442,29,2062,28,1033,27,567,26,219,31,40,32,1233,33,10811,34,7076,35,1177,30.5,5323,20337,0.207
2026-04-18 04:22:11 PM,KXWTAMATCH-26APR19RYBMUC-MUC,30,1442,29,820,28,1033,27,567,26,219,31,40,32,1233,33,10811,34,7076,35,1177,30.5,4081,20337,0.167
2026-04-18 04:27:40 PM,KXWTAMATCH-26APR19RYBMUC-MUC,30,1442,29,2062,28,1033,27,567,26,219,31,40,32,1233,33,10811,34,7076,35,1177,30.5,5323,20337,0.207
2026-04-18 04:27:40 PM,KXWTAMATCH-26APR19RYBMUC-MUC,30,1442,29,2062,28,1033,27,567,26,219,31,40,32,1233,33,12053,34,7076,35,1177,30.5,5323,21579,0.198
2026-04-18 04:27:40 PM,KXWTAMATCH-26APR19RYBMUC-MUC,30,200,29,2062,28,1033,27,567,26,219,31,40,32,1233,33,12053,34,7076,35,1177,30.5,4081,21579,0.159
2026-04-18 04:27:41 PM,KXWTAMATCH-26APR19RYBMUC-MUC,30,200,29,2062,28,1033,27,567,26,219,31,40,32,1233,33,12053,34,5832,35,1177,30.5,4081,20335,0.167
2026-04-18 04:27:41 PM,KXWTAMATCH-26APR19RYBMUC-MUC,30,200,29,2062,28,1033,27,567,26,219,31,40,32,1233,33,10811,34,5832,35,1177,30.5,4081,19093,0.176
2026-04-18 04:27:57 PM,KXWTAMATCH-26APR19RYBMUC-MUC,30,200,29,2062,28,1033,27,567,26,219,31,40,32,1233,33,10811,34,7074,35,1177,30.5,4081,20335,0.167
2026-04-18 04:27:58 PM,KXWTAMATCH-26APR19RYBMUC-MUC,30,1442,29,2062,28,1033,27,567,26,219,31,40,32,1233,33,10811,34,7074,35,1177,30.5,5323,20335,0.207
2026-04-18 04:27:58 PM,KXWTAMATCH-26APR19RYBMUC-MUC,30,1442,29,820,28,1033,27,567,26,219,31,40,32,1233,33,10811,34,7074,35,1177,30.5,4081,20335,0.167
2026-04-18 04:29:45 PM,KXWTAMATCH-26APR19RYBMUC-MUC,30,1420,29,820,28,1033,27,567,26,219,31,40,32,1233,33,10811,34,7074,35,1177,30.5,4059,20335,0.166
2026-04-18 04:31:16 PM,KXWTAMATCH-26APR19RYBMUC-MUC,30,1420,29,820,28,1033,27,567,26,219,31,1,32,1233,33,10811,34,7074,35,1177,30.5,4059,20296,0.167
2026-04-18 04:32:37 PM,KXWTAMATCH-26APR19RYBMUC-MUC,30,1420,29,2062,28,1033,27,567,26,219,31,1,32,1233,33,10811,34,7074,35,1177,30.5,5301,20296,0.207
2026-04-18 04:32:37 PM,KXWTAMATCH-26APR19RYBMUC-MUC,30,178,29,2062,28,1033,27,567,26,219,31,1,32,1233,33,10811,34,7074,35,1177,30.5,4059,20296,0.167
2026-04-18 04:32:37 PM,KXWTAMATCH-26APR19RYBMUC-MUC,30,178,29,2090,28,1033,27,567,26,219,31,1,32,1233,33,10811,34,7074,35,1177,30.5,4087,20296,0.168
2026-04-18 04:43:31 PM,KXWTAMATCH-26APR19RYBMUC-MUC,30,178,29,2090,28,1033,27,567,26,219,32,1233,33,10811,34,7074,35,1177,44,181,31.0,4087,20476,0.166
2026-04-18 04:43:48 PM,KXWTAMATCH-26APR19RYBMUC-MUC,30,178,29,2090,28,1033,27,567,26,219,32,1232,33,10811,34,7074,35,1177,44,181,31.0,4087,20475,0.166
2026-04-18 04:43:48 PM,KXWTAMATCH-26APR19RYBMUC-MUC,30,178,29,2090,28,1033,27,567,26,219,32,1207,33,10811,34,7074,35,1177,44,181,31.0,4087,20450,0.167
2026-04-18 04:43:48 PM,KXWTAMATCH-26APR19RYBMUC-MUC,30,178,29,2090,28,1033,27,567,26,219,32,1086,33,10811,34,7074,35,1177,44,181,31.0,4087,20329,0.167
2026-04-18 04:43:48 PM,KXWTAMATCH-26APR19RYBMUC-MUC,30,178,29,2090,28,1014,27,567,26,219,32,1086,33,10811,34,7074,35,1177,44,181,31.0,4068,20329,0.167
2026-04-18 04:43:48 PM,KXWTAMATCH-26APR19RYBMUC-MUC,30,197,29,2090,28,1014,27,567,26,219,32,1086,33,10811,34,7074,35,1177,44,181,31.0,4087,20329,0.167
2026-04-18 04:43:48 PM,KXWTAMATCH-26APR19RYBMUC-MUC,30,197,29,2090,28,1014,27,567,26,219,32,1103,33,10811,34,7074,35,1177,44,181,31.0,4087,20346,0.167
2026-04-18 04:43:48 PM,KXWTAMATCH-26APR19RYBMUC-MUC,30,197,29,2090,28,1014,27,567,26,219,32,1128,33,10811,34,7074,35,1177,44,181,31.0,4087,20371,0.167
2026-04-18 04:44:29 PM,KXWTAMATCH-26APR19RYBMUC-MUC,30,197,29,2090,28,1014,27,567,26,219,32,1168,33,10811,34,7074,35,1177,44,181,31.0,4087,20411,0.167
2026-04-18 04:47:36 PM,KXWTAMATCH-26APR19RYBMUC-MUC,30,196,29,2090,28,1014,27,567,26,219,32,1168,33,10811,34,7074,35,1177,44,181,31.0,4086,20411,0.167
2026-04-18 04:53:48 PM,KXWTAMATCH-26APR19RYBMUC-MUC,30,196,29,848,28,1014,27,567,26,219,32,1168,33,10811,34,7074,35,1177,44,181,31.0,2844,20411,0.122
