ts_et,ticker,bid_1,bid_1_sz,bid_2,bid_2_sz,bid_3,bid_3_sz,bid_4,bid_4_sz,bid_5,bid_5_sz,ask_1,ask_1_sz,ask_2,ask_2_sz,ask_3,ask_3_sz,ask_4,ask_4_sz,ask_5,ask_5_sz,mid
2026-04-18 11:58:57 AM,KXWTAMATCH-26APR19KOSPOD-KOS,8,200,6,416,5,494,4,323,3,540,93,200,94,315,95,325,96,343,97,82,50.5
2026-04-18 12:00:18 PM,KXWTAMATCH-26APR19KOSPOD-KOS,8,250,6,416,5,494,4,323,3,540,93,200,94,315,95,325,96,343,97,82,50.5
2026-04-18 12:05:09 PM,KXWTAMATCH-26APR19KOSPOD-KOS,8,250,6,416,5,494,4,323,3,540,93,190,94,315,95,325,96,343,97,82,50.5
2026-04-18 12:06:23 PM,KXWTAMATCH-26APR19KOSPOD-KOS,8,200,6,416,5,494,4,323,3,540,93,190,94,315,95,325,96,343,97,82,50.5
2026-04-18 12:06:36 PM,KXWTAMATCH-26APR19KOSPOD-KOS,15,50,8,200,6,416,5,494,4,323,93,190,94,315,95,325,96,343,97,82,54.0
2026-04-18 12:07:22 PM,KXWTAMATCH-26APR19KOSPOD-KOS,15,50,8,200,6,416,5,494,4,323,92,1000,93,190,94,315,95,325,96,343,53.5
2026-04-18 12:07:22 PM,KXWTAMATCH-26APR19KOSPOD-KOS,15,56,8,200,6,416,5,494,4,323,92,1000,93,190,94,315,95,325,96,343,53.5
2026-04-18 12:07:35 PM,KXWTAMATCH-26APR19KOSPOD-KOS,15,50,8,200,6,416,5,494,4,323,92,1000,93,190,94,315,95,325,96,343,53.5
2026-04-18 12:08:26 PM,KXWTAMATCH-26APR19KOSPOD-KOS,16,25,15,50,8,200,6,416,5,494,92,1000,93,190,94,315,95,325,96,343,54.0
2026-04-18 12:08:26 PM,KXWTAMATCH-26APR19KOSPOD-KOS,16,25,15,50,9,43,8,200,6,416,92,1000,93,190,94,315,95,325,96,343,54.0
2026-04-18 12:08:27 PM,KXWTAMATCH-26APR19KOSPOD-KOS,16,25,15,50,9,43,8,200,6,416,92,1007,93,190,94,315,95,325,96,343,54.0
2026-04-18 12:08:27 PM,KXWTAMATCH-26APR19KOSPOD-KOS,16,25,15,50,9,43,8,200,6,416,92,1007,93,205,94,315,95,325,96,343,54.0
2026-04-18 12:09:20 PM,KXWTAMATCH-26APR19KOSPOD-KOS,16,25,15,50,9,43,8,200,6,416,92,1006,93,205,94,315,95,325,96,343,54.0
2026-04-18 12:13:15 PM,KXWTAMATCH-26APR19KOSPOD-KOS,45,250,16,25,15,50,9,43,8,200,92,1006,93,205,94,315,95,325,96,343,68.5
2026-04-18 12:13:15 PM,KXWTAMATCH-26APR19KOSPOD-KOS,46,25,45,250,16,25,15,50,9,43,92,1006,93,205,94,315,95,325,96,343,69.0
2026-04-18 12:13:15 PM,KXWTAMATCH-26APR19KOSPOD-KOS,46,25,45,250,16,43,15,50,9,43,92,1006,93,205,94,315,95,325,96,343,69.0
2026-04-18 12:13:15 PM,KXWTAMATCH-26APR19KOSPOD-KOS,46,25,45,250,16,43,15,50,9,43,92,1006,93,212,94,315,95,325,96,343,69.0
2026-04-18 12:13:15 PM,KXWTAMATCH-26APR19KOSPOD-KOS,46,25,45,250,16,43,15,50,8,200,92,1006,93,212,94,315,95,325,96,343,69.0
2026-04-18 12:13:15 PM,KXWTAMATCH-26APR19KOSPOD-KOS,46,25,45,250,16,43,15,50,8,200,92,1006,93,212,94,330,95,325,96,343,69.0
2026-04-18 12:13:15 PM,KXWTAMATCH-26APR19KOSPOD-KOS,46,25,45,250,16,43,15,50,8,200,92,999,93,212,94,330,95,325,96,343,69.0
2026-04-18 12:13:35 PM,KXWTAMATCH-26APR19KOSPOD-KOS,46,25,45,250,16,43,8,200,6,416,92,999,93,212,94,330,95,325,96,343,69.0
2026-04-18 12:13:35 PM,KXWTAMATCH-26APR19KOSPOD-KOS,46,25,45,250,16,18,8,200,6,416,92,999,93,212,94,330,95,325,96,343,69.0
2026-04-18 12:13:35 PM,KXWTAMATCH-26APR19KOSPOD-KOS,46,25,45,250,8,200,6,416,5,495,92,999,93,212,94,330,95,325,96,343,69.0
2026-04-18 12:13:35 PM,KXWTAMATCH-26APR19KOSPOD-KOS,46,25,45,250,9,43,8,200,6,416,92,999,93,212,94,330,95,325,96,343,69.0
2026-04-18 12:13:48 PM,KXWTAMATCH-26APR19KOSPOD-KOS,46,75,45,250,9,43,8,200,6,416,92,999,93,212,94,330,95,325,96,343,69.0
2026-04-18 12:13:48 PM,KXWTAMATCH-26APR19KOSPOD-KOS,46,75,45,250,8,200,6,416,5,495,92,999,93,212,94,330,95,325,96,343,69.0
2026-04-18 12:13:48 PM,KXWTAMATCH-26APR19KOSPOD-KOS,47,25,46,75,45,250,8,200,6,416,92,999,93,212,94,330,95,325,96,343,69.5
2026-04-18 12:13:48 PM,KXWTAMATCH-26APR19KOSPOD-KOS,47,25,46,93,45,250,8,200,6,416,92,999,93,212,94,330,95,325,96,343,69.5
2026-04-18 12:14:28 PM,KXWTAMATCH-26APR19KOSPOD-KOS,47,25,46,93,45,250,8,200,6,416,92,976,93,212,94,330,95,325,96,343,69.5
2026-04-18 12:15:03 PM,KXWTAMATCH-26APR19KOSPOD-KOS,47,25,46,93,45,250,8,200,6,416,92,1000,93,212,94,330,95,325,96,343,69.5
2026-04-18 12:16:24 PM,KXWTAMATCH-26APR19KOSPOD-KOS,47,25,46,93,45,250,17,10,8,200,92,1000,93,212,94,330,95,325,96,343,69.5
2026-04-18 12:16:24 PM,KXWTAMATCH-26APR19KOSPOD-KOS,47,25,46,93,45,250,17,10,8,200,91,10,92,1000,93,212,94,330,95,325,69.0
2026-04-18 12:16:25 PM,KXWTAMATCH-26APR19KOSPOD-KOS,47,25,46,93,45,250,17,10,8,200,91,10,92,1000,93,212,94,315,95,325,69.0
2026-04-18 12:16:25 PM,KXWTAMATCH-26APR19KOSPOD-KOS,47,25,46,93,45,250,17,10,8,200,91,10,92,1022,93,212,94,315,95,325,69.0
2026-04-18 12:18:13 PM,KXWTAMATCH-26APR19KOSPOD-KOS,48,10,47,25,46,93,45,250,17,10,91,10,92,1022,93,212,94,315,95,325,69.5
2026-04-18 12:18:13 PM,KXWTAMATCH-26APR19KOSPOD-KOS,48,10,47,25,46,68,45,250,17,10,91,10,92,1022,93,212,94,315,95,325,69.5
2026-04-18 12:18:13 PM,KXWTAMATCH-26APR19KOSPOD-KOS,48,10,47,25,46,50,45,250,17,10,91,10,92,1022,93,212,94,315,95,325,69.5
2026-04-18 12:18:14 PM,KXWTAMATCH-26APR19KOSPOD-KOS,49,22,48,10,47,25,46,50,45,250,91,10,92,1022,93,212,94,315,95,325,70.0
2026-04-18 12:18:15 PM,KXWTAMATCH-26APR19KOSPOD-KOS,50,20,49,22,48,10,47,25,46,50,91,10,92,1022,93,212,94,315,95,325,70.5
2026-04-18 12:18:15 PM,KXWTAMATCH-26APR19KOSPOD-KOS,50,20,49,22,48,10,47,25,46,50,90,20,91,10,92,1022,93,212,94,315,70.0
2026-04-18 12:18:15 PM,KXWTAMATCH-26APR19KOSPOD-KOS,50,20,49,22,48,10,46,50,45,250,90,20,91,10,92,1022,93,212,94,315,70.0
2026-04-18 12:18:15 PM,KXWTAMATCH-26APR19KOSPOD-KOS,50,20,49,22,48,25,46,50,45,250,90,20,91,10,92,1022,93,212,94,315,70.0
2026-04-18 12:18:15 PM,KXWTAMATCH-26APR19KOSPOD-KOS,50,20,49,22,48,25,46,50,45,250,90,20,91,10,92,1022,93,197,94,315,70.0
2026-04-18 12:18:15 PM,KXWTAMATCH-26APR19KOSPOD-KOS,50,20,49,22,48,25,46,50,45,250,90,20,91,10,92,1022,93,190,94,315,70.0
2026-04-18 12:18:15 PM,KXWTAMATCH-26APR19KOSPOD-KOS,50,20,49,22,48,25,46,50,45,250,90,20,91,32,92,1022,93,190,94,315,70.0
2026-04-18 12:18:27 PM,KXWTAMATCH-26APR19KOSPOD-KOS,49,22,48,25,46,50,45,250,17,10,90,20,91,32,92,1022,93,190,94,315,69.5
2026-04-18 12:18:27 PM,KXWTAMATCH-26APR19KOSPOD-KOS,49,22,48,25,46,50,45,250,17,10,91,32,92,1022,93,190,94,315,95,325,70.0
2026-04-18 12:18:27 PM,KXWTAMATCH-26APR19KOSPOD-KOS,49,22,48,10,46,50,45,250,17,10,91,32,92,1022,93,190,94,315,95,325,70.0
2026-04-18 12:18:27 PM,KXWTAMATCH-26APR19KOSPOD-KOS,49,22,48,10,47,30,46,50,45,250,91,32,92,1022,93,190,94,315,95,325,70.0
2026-04-18 12:18:27 PM,KXWTAMATCH-26APR19KOSPOD-KOS,49,22,48,10,47,30,46,50,45,250,91,32,92,1022,93,205,94,315,95,325,70.0
2026-04-18 12:18:27 PM,KXWTAMATCH-26APR19KOSPOD-KOS,49,22,48,10,47,30,46,50,45,250,91,10,92,1022,93,205,94,315,95,325,70.0
2026-04-18 12:18:28 PM,KXWTAMATCH-26APR19KOSPOD-KOS,49,22,48,10,47,43,46,50,45,250,91,10,92,1022,93,205,94,315,95,325,70.0
2026-04-18 12:18:28 PM,KXWTAMATCH-26APR19KOSPOD-KOS,50,20,49,22,48,10,47,43,46,50,91,10,92,1022,93,205,94,315,95,325,70.5
2026-04-18 12:18:28 PM,KXWTAMATCH-26APR19KOSPOD-KOS,50,20,49,22,48,10,47,43,46,50,90,20,91,10,92,1022,93,205,94,315,70.0
2026-04-18 12:18:28 PM,KXWTAMATCH-26APR19KOSPOD-KOS,50,20,49,22,48,10,47,13,46,50,90,20,91,10,92,1022,93,205,94,315,70.0
2026-04-18 12:18:28 PM,KXWTAMATCH-26APR19KOSPOD-KOS,50,20,49,22,48,10,46,50,45,250,90,20,91,10,92,1022,93,205,94,315,70.0
2026-04-18 12:18:28 PM,KXWTAMATCH-26APR19KOSPOD-KOS,50,20,49,22,48,10,46,50,45,250,90,20,91,10,92,1022,93,190,94,315,70.0
2026-04-18 12:18:28 PM,KXWTAMATCH-26APR19KOSPOD-KOS,50,42,49,22,48,10,46,50,45,250,90,20,91,10,92,1022,93,190,94,315,70.0
2026-04-18 12:18:28 PM,KXWTAMATCH-26APR19KOSPOD-KOS,50,42,49,22,48,10,46,50,45,250,90,20,91,32,92,1022,93,190,94,315,70.0
2026-04-18 12:18:39 PM,KXWTAMATCH-26APR19KOSPOD-KOS,50,20,49,22,48,10,46,50,45,250,90,20,91,32,92,1022,93,190,94,315,70.0
2026-04-18 12:18:39 PM,KXWTAMATCH-26APR19KOSPOD-KOS,50,20,49,22,48,25,46,50,45,250,90,20,91,32,92,1022,93,190,94,315,70.0
2026-04-18 12:18:39 PM,KXWTAMATCH-26APR19KOSPOD-KOS,49,22,48,25,46,50,45,250,17,10,90,20,91,32,92,1022,93,190,94,315,69.5
2026-04-18 12:18:39 PM,KXWTAMATCH-26APR19KOSPOD-KOS,49,22,48,25,46,50,45,250,17,10,91,32,92,1022,93,190,94,315,95,325,70.0
2026-04-18 12:18:39 PM,KXWTAMATCH-26APR19KOSPOD-KOS,49,22,48,10,46,50,45,250,17,10,91,32,92,1022,93,190,94,315,95,325,70.0
2026-04-18 12:18:39 PM,KXWTAMATCH-26APR19KOSPOD-KOS,49,22,48,10,47,30,46,50,45,250,91,32,92,1022,93,190,94,315,95,325,70.0
2026-04-18 12:18:40 PM,KXWTAMATCH-26APR19KOSPOD-KOS,49,22,48,10,47,30,46,50,45,250,91,32,92,1022,93,205,94,315,95,325,70.0
2026-04-18 12:18:40 PM,KXWTAMATCH-26APR19KOSPOD-KOS,49,22,48,10,47,30,46,50,45,250,91,10,92,1022,93,205,94,315,95,325,70.0
2026-04-18 12:18:40 PM,KXWTAMATCH-26APR19KOSPOD-KOS,49,22,48,10,47,30,46,50,45,250,90,20,91,10,92,1022,93,205,94,315,69.5
2026-04-18 12:18:40 PM,KXWTAMATCH-26APR19KOSPOD-KOS,50,20,49,22,48,10,47,30,46,50,90,20,91,10,92,1022,93,205,94,315,70.0
2026-04-18 12:18:40 PM,KXWTAMATCH-26APR19KOSPOD-KOS,50,20,49,22,48,10,46,50,45,250,90,20,91,10,92,1022,93,205,94,315,70.0
2026-04-18 12:18:40 PM,KXWTAMATCH-26APR19KOSPOD-KOS,50,20,49,22,48,25,46,50,45,250,90,20,91,10,92,1022,93,205,94,315,70.0
2026-04-18 12:18:41 PM,KXWTAMATCH-26APR19KOSPOD-KOS,50,20,49,22,48,25,46,50,45,250,90,20,91,32,92,1022,93,205,94,315,70.0
2026-04-18 12:18:41 PM,KXWTAMATCH-26APR19KOSPOD-KOS,50,20,49,22,48,25,46,50,45,250,90,20,91,32,92,1022,93,190,94,315,70.0
2026-04-18 12:18:42 PM,KXWTAMATCH-26APR19KOSPOD-KOS,50,20,49,22,48,10,46,50,45,250,90,20,91,32,92,1022,93,190,94,315,70.0
2026-04-18 12:18:42 PM,KXWTAMATCH-26APR19KOSPOD-KOS,50,42,49,22,48,10,46,50,45,250,90,20,91,32,92,1022,93,190,94,315,70.0
2026-04-18 12:18:53 PM,KXWTAMATCH-26APR19KOSPOD-KOS,50,22,49,22,48,10,46,50,45,250,90,20,91,32,92,1022,93,190,94,315,70.0
2026-04-18 12:18:53 PM,KXWTAMATCH-26APR19KOSPOD-KOS,50,22,49,22,48,10,46,50,45,250,91,32,92,1022,93,190,94,315,95,325,70.5
2026-04-18 12:18:53 PM,KXWTAMATCH-26APR19KOSPOD-KOS,49,22,48,10,46,50,45,250,17,10,91,32,92,1022,93,190,94,315,95,325,70.0
2026-04-18 12:18:53 PM,KXWTAMATCH-26APR19KOSPOD-KOS,49,22,48,10,47,43,46,50,45,250,91,32,92,1022,93,190,94,315,95,325,70.0
2026-04-18 12:18:53 PM,KXWTAMATCH-26APR19KOSPOD-KOS,49,22,48,10,47,43,46,50,45,250,91,32,92,1022,93,205,94,315,95,325,70.0
2026-04-18 12:18:53 PM,KXWTAMATCH-26APR19KOSPOD-KOS,49,22,48,10,47,43,46,50,45,250,91,10,92,1022,93,205,94,315,95,325,70.0
2026-04-18 12:18:54 PM,KXWTAMATCH-26APR19KOSPOD-KOS,49,22,48,10,47,43,46,50,45,250,90,20,91,10,92,1022,93,205,94,315,69.5
2026-04-18 12:18:54 PM,KXWTAMATCH-26APR19KOSPOD-KOS,50,20,49,22,48,10,47,43,46,50,90,20,91,10,92,1022,93,205,94,315,70.0
2026-04-18 12:18:54 PM,KXWTAMATCH-26APR19KOSPOD-KOS,50,20,49,22,48,10,46,50,45,250,90,20,91,10,92,1022,93,205,94,315,70.0
2026-04-18 12:18:54 PM,KXWTAMATCH-26APR19KOSPOD-KOS,50,20,49,22,48,25,46,50,45,250,90,20,91,10,92,1022,93,205,94,315,70.0
2026-04-18 12:18:54 PM,KXWTAMATCH-26APR19KOSPOD-KOS,50,20,49,22,48,25,46,50,45,250,90,20,91,32,92,1022,93,205,94,315,70.0
2026-04-18 12:18:54 PM,KXWTAMATCH-26APR19KOSPOD-KOS,50,20,49,22,48,25,46,50,45,250,90,20,91,32,92,1022,93,190,94,315,70.0
2026-04-18 12:18:55 PM,KXWTAMATCH-26APR19KOSPOD-KOS,50,20,49,22,48,10,46,50,45,250,90,20,91,32,92,1022,93,190,94,315,70.0
2026-04-18 12:18:55 PM,KXWTAMATCH-26APR19KOSPOD-KOS,50,42,49,22,48,10,46,50,45,250,90,20,91,32,92,1022,93,190,94,315,70.0
2026-04-18 12:19:06 PM,KXWTAMATCH-26APR19KOSPOD-KOS,50,22,49,22,48,10,46,50,45,250,90,20,91,32,92,1022,93,190,94,315,70.0
2026-04-18 12:19:06 PM,KXWTAMATCH-26APR19KOSPOD-KOS,50,22,49,22,48,10,46,50,45,250,91,32,92,1022,93,190,94,315,95,325,70.5
2026-04-18 12:19:06 PM,KXWTAMATCH-26APR19KOSPOD-KOS,49,22,48,10,46,50,45,250,17,10,91,32,92,1022,93,190,94,315,95,325,70.0
2026-04-18 12:19:06 PM,KXWTAMATCH-26APR19KOSPOD-KOS,49,22,48,10,47,43,46,50,45,250,91,32,92,1022,93,190,94,315,95,325,70.0
2026-04-18 12:19:06 PM,KXWTAMATCH-26APR19KOSPOD-KOS,49,22,48,10,47,43,46,50,45,250,91,10,92,1022,93,190,94,315,95,325,70.0
2026-04-18 12:19:06 PM,KXWTAMATCH-26APR19KOSPOD-KOS,49,22,48,10,47,43,46,50,45,250,91,10,92,1022,93,205,94,315,95,325,70.0
2026-04-18 12:19:07 PM,KXWTAMATCH-26APR19KOSPOD-KOS,49,22,48,10,47,43,46,50,45,250,90,20,91,10,92,1022,93,205,94,315,69.5
2026-04-18 12:19:07 PM,KXWTAMATCH-26APR19KOSPOD-KOS,50,20,49,22,48,10,47,43,46,50,90,20,91,10,92,1022,93,205,94,315,70.0
2026-04-18 12:19:07 PM,KXWTAMATCH-26APR19KOSPOD-KOS,50,20,49,22,48,10,46,50,45,250,90,20,91,10,92,1022,93,205,94,315,70.0
2026-04-18 12:19:07 PM,KXWTAMATCH-26APR19KOSPOD-KOS,50,20,49,22,48,25,46,50,45,250,90,20,91,10,92,1022,93,205,94,315,70.0
2026-04-18 12:19:08 PM,KXWTAMATCH-26APR19KOSPOD-KOS,50,20,49,22,48,25,46,50,45,250,90,20,91,10,92,1022,93,190,94,315,70.0
2026-04-18 12:19:08 PM,KXWTAMATCH-26APR19KOSPOD-KOS,50,20,49,22,48,25,46,50,45,250,90,20,91,32,92,1022,93,190,94,315,70.0
2026-04-18 12:19:08 PM,KXWTAMATCH-26APR19KOSPOD-KOS,50,42,49,22,48,25,46,50,45,250,90,20,91,32,92,1022,93,190,94,315,70.0
2026-04-18 12:19:08 PM,KXWTAMATCH-26APR19KOSPOD-KOS,50,42,49,22,48,10,46,50,45,250,90,20,91,32,92,1022,93,190,94,315,70.0
2026-04-18 12:19:19 PM,KXWTAMATCH-26APR19KOSPOD-KOS,50,22,49,22,48,10,46,50,45,250,90,20,91,32,92,1022,93,190,94,315,70.0
2026-04-18 12:19:19 PM,KXWTAMATCH-26APR19KOSPOD-KOS,49,22,48,10,46,50,45,250,17,10,90,20,91,32,92,1022,93,190,94,315,69.5
2026-04-18 12:19:19 PM,KXWTAMATCH-26APR19KOSPOD-KOS,49,22,48,10,47,43,46,50,45,250,90,20,91,32,92,1022,93,190,94,315,69.5
2026-04-18 12:19:19 PM,KXWTAMATCH-26APR19KOSPOD-KOS,49,22,48,10,47,43,46,50,45,250,91,32,92,1022,93,190,94,315,95,325,70.0
2026-04-18 12:19:19 PM,KXWTAMATCH-26APR19KOSPOD-KOS,49,22,48,10,47,43,46,50,45,250,91,10,92,1022,93,190,94,315,95,325,70.0
2026-04-18 12:19:19 PM,KXWTAMATCH-26APR19KOSPOD-KOS,49,22,48,10,47,43,46,50,45,250,91,10,92,1022,93,205,94,315,95,325,70.0
2026-04-18 12:19:20 PM,KXWTAMATCH-26APR19KOSPOD-KOS,50,20,49,22,48,10,47,43,46,50,91,10,92,1022,93,205,94,315,95,325,70.5
2026-04-18 12:19:20 PM,KXWTAMATCH-26APR19KOSPOD-KOS,50,20,49,22,48,10,47,43,46,50,90,20,91,10,92,1022,93,205,94,315,70.0
2026-04-18 12:19:20 PM,KXWTAMATCH-26APR19KOSPOD-KOS,50,20,49,22,48,25,47,43,46,50,90,20,91,10,92,1022,93,205,94,315,70.0
2026-04-18 12:19:20 PM,KXWTAMATCH-26APR19KOSPOD-KOS,50,20,49,22,48,25,46,50,45,250,90,20,91,10,92,1022,93,205,94,315,70.0
2026-04-18 12:19:20 PM,KXWTAMATCH-26APR19KOSPOD-KOS,50,20,49,22,48,10,46,50,45,250,90,20,91,10,92,1022,93,205,94,315,70.0
2026-04-18 12:19:20 PM,KXWTAMATCH-26APR19KOSPOD-KOS,50,20,49,22,48,10,46,50,45,250,90,20,91,10,92,1022,93,190,94,315,70.0
2026-04-18 12:19:20 PM,KXWTAMATCH-26APR19KOSPOD-KOS,50,42,49,22,48,10,46,50,45,250,90,20,91,10,92,1022,93,190,94,315,70.0
2026-04-18 12:19:20 PM,KXWTAMATCH-26APR19KOSPOD-KOS,50,42,49,22,48,10,46,50,45,250,90,20,91,32,92,1022,93,190,94,315,70.0
2026-04-18 12:19:30 PM,KXWTAMATCH-26APR19KOSPOD-KOS,50,22,49,22,48,10,46,50,45,250,90,20,91,32,92,1022,93,190,94,315,70.0
2026-04-18 12:19:30 PM,KXWTAMATCH-26APR19KOSPOD-KOS,50,22,49,22,48,10,46,50,45,250,91,32,92,1022,93,190,94,315,95,325,70.5
2026-04-18 12:19:30 PM,KXWTAMATCH-26APR19KOSPOD-KOS,49,22,48,10,46,50,45,250,17,10,91,32,92,1022,93,190,94,315,95,325,70.0
2026-04-18 12:19:30 PM,KXWTAMATCH-26APR19KOSPOD-KOS,49,22,48,10,47,43,46,50,45,250,91,32,92,1022,93,190,94,315,95,325,70.0
2026-04-18 12:19:31 PM,KXWTAMATCH-26APR19KOSPOD-KOS,49,22,48,10,47,43,46,50,45,250,91,10,92,1022,93,190,94,315,95,325,70.0
2026-04-18 12:19:31 PM,KXWTAMATCH-26APR19KOSPOD-KOS,49,22,48,10,47,43,46,50,45,250,91,10,92,1022,93,205,94,315,95,325,70.0
2026-04-18 12:19:31 PM,KXWTAMATCH-26APR19KOSPOD-KOS,50,20,49,22,48,10,47,43,46,50,91,10,92,1022,93,205,94,315,95,325,70.5
2026-04-18 12:19:31 PM,KXWTAMATCH-26APR19KOSPOD-KOS,50,20,49,22,48,10,47,43,46,50,90,20,91,10,92,1022,93,205,94,315,70.0
2026-04-18 12:19:31 PM,KXWTAMATCH-26APR19KOSPOD-KOS,50,42,49,22,48,10,47,43,46,50,90,20,91,10,92,1022,93,205,94,315,70.0
2026-04-18 12:19:31 PM,KXWTAMATCH-26APR19KOSPOD-KOS,50,42,49,22,48,10,47,43,46,50,90,20,91,32,92,1022,93,205,94,315,70.0
2026-04-18 12:19:31 PM,KXWTAMATCH-26APR19KOSPOD-KOS,50,42,49,22,48,10,46,50,45,250,90,20,91,32,92,1022,93,205,94,315,70.0
2026-04-18 12:19:31 PM,KXWTAMATCH-26APR19KOSPOD-KOS,50,42,49,22,48,10,46,50,45,250,90,20,91,32,92,1022,93,190,94,315,70.0
2026-04-18 12:19:32 PM,KXWTAMATCH-26APR19KOSPOD-KOS,50,20,49,22,48,10,46,50,45,250,90,20,91,32,92,1022,93,190,94,315,70.0
2026-04-18 12:19:32 PM,KXWTAMATCH-26APR19KOSPOD-KOS,51,22,50,20,49,22,48,10,46,50,90,20,91,32,92,1022,93,190,94,315,70.5
2026-04-18 12:19:32 PM,KXWTAMATCH-26APR19KOSPOD-KOS,51,22,50,20,49,31,48,10,46,50,90,20,91,32,92,1022,93,190,94,315,70.5
2026-04-18 12:19:42 PM,KXWTAMATCH-26APR19KOSPOD-KOS,51,22,49,31,48,10,46,50,45,250,90,20,91,32,92,1022,93,190,94,315,70.5
2026-04-18 12:19:42 PM,KXWTAMATCH-26APR19KOSPOD-KOS,51,22,49,31,48,10,46,50,45,250,91,32,92,1022,93,190,94,315,95,325,71.0
2026-04-18 12:19:42 PM,KXWTAMATCH-26APR19KOSPOD-KOS,49,31,48,10,46,50,45,250,17,10,91,32,92,1022,93,190,94,315,95,325,70.0
2026-04-18 12:19:42 PM,KXWTAMATCH-26APR19KOSPOD-KOS,49,31,48,10,47,43,46,50,45,250,91,32,92,1022,93,190,94,315,95,325,70.0
2026-04-18 12:19:43 PM,KXWTAMATCH-26APR19KOSPOD-KOS,49,31,48,10,47,43,46,50,45,250,91,10,92,1022,93,190,94,315,95,325,70.0
2026-04-18 12:19:43 PM,KXWTAMATCH-26APR19KOSPOD-KOS,50,20,49,31,48,10,47,43,46,50,91,10,92,1022,93,190,94,315,95,325,70.5
2026-04-18 12:19:43 PM,KXWTAMATCH-26APR19KOSPOD-KOS,50,20,49,31,48,10,47,43,46,50,90,20,91,10,92,1022,93,190,94,315,70.0
2026-04-18 12:19:43 PM,KXWTAMATCH-26APR19KOSPOD-KOS,51,22,50,20,49,31,48,10,47,43,90,20,91,10,92,1022,93,190,94,315,70.5
2026-04-18 12:19:43 PM,KXWTAMATCH-26APR19KOSPOD-KOS,51,22,50,20,49,31,48,10,46,50,90,20,91,10,92,1022,93,190,94,315,70.5
2026-04-18 12:19:44 PM,KXWTAMATCH-26APR19KOSPOD-KOS,51,22,50,20,49,43,48,10,46,50,90,20,91,10,92,1022,93,190,94,315,70.5
2026-04-18 12:19:44 PM,KXWTAMATCH-26APR19KOSPOD-KOS,51,22,50,20,49,43,48,10,46,50,90,20,91,32,92,1022,93,190,94,315,70.5
2026-04-18 12:19:54 PM,KXWTAMATCH-26APR19KOSPOD-KOS,51,22,49,43,48,10,46,50,45,250,90,20,91,32,92,1022,93,190,94,315,70.5
2026-04-18 12:19:54 PM,KXWTAMATCH-26APR19KOSPOD-KOS,51,22,49,43,48,10,46,50,45,250,91,32,92,1022,93,190,94,315,95,325,71.0
2026-04-18 12:19:54 PM,KXWTAMATCH-26APR19KOSPOD-KOS,49,43,48,10,46,50,45,250,17,10,91,32,92,1022,93,190,94,315,95,325,70.0
2026-04-18 12:19:54 PM,KXWTAMATCH-26APR19KOSPOD-KOS,49,21,48,10,46,50,45,250,17,10,91,32,92,1022,93,190,94,315,95,325,70.0
2026-04-18 12:19:54 PM,KXWTAMATCH-26APR19KOSPOD-KOS,49,21,48,10,47,43,46,50,45,250,91,32,92,1022,93,190,94,315,95,325,70.0
2026-04-18 12:19:54 PM,KXWTAMATCH-26APR19KOSPOD-KOS,49,21,48,10,47,43,46,50,45,250,91,32,92,1022,93,206,94,315,95,325,70.0
2026-04-18 12:19:54 PM,KXWTAMATCH-26APR19KOSPOD-KOS,49,21,48,10,47,43,46,50,45,250,91,10,92,1022,93,206,94,315,95,325,70.0
2026-04-18 12:19:55 PM,KXWTAMATCH-26APR19KOSPOD-KOS,50,20,49,21,48,10,47,43,46,50,91,10,92,1022,93,206,94,315,95,325,70.5
2026-04-18 12:19:55 PM,KXWTAMATCH-26APR19KOSPOD-KOS,50,20,49,21,48,10,47,43,46,50,90,20,91,10,92,1022,93,206,94,315,70.0
2026-04-18 12:19:55 PM,KXWTAMATCH-26APR19KOSPOD-KOS,50,20,49,21,48,10,46,50,45,250,90,20,91,10,92,1022,93,206,94,315,70.0
2026-04-18 12:19:55 PM,KXWTAMATCH-26APR19KOSPOD-KOS,51,22,50,20,49,21,48,10,46,50,90,20,91,10,92,1022,93,206,94,315,70.5
2026-04-18 12:19:55 PM,KXWTAMATCH-26APR19KOSPOD-KOS,51,22,50,20,49,31,48,10,46,50,90,20,91,10,92,1022,93,206,94,315,70.5
2026-04-18 12:19:56 PM,KXWTAMATCH-26APR19KOSPOD-KOS,51,22,50,20,49,31,48,10,46,50,90,20,91,32,92,1022,93,206,94,315,70.5
2026-04-18 12:19:56 PM,KXWTAMATCH-26APR19KOSPOD-KOS,51,22,50,20,49,31,48,10,46,50,90,20,91,32,92,1022,93,190,94,315,70.5
2026-04-18 12:19:56 PM,KXWTAMATCH-26APR19KOSPOD-KOS,51,22,50,20,49,43,48,10,46,50,90,20,91,32,92,1022,93,190,94,315,70.5
2026-04-18 12:20:06 PM,KXWTAMATCH-26APR19KOSPOD-KOS,51,22,49,43,48,10,46,50,45,250,90,20,91,32,92,1022,93,190,94,315,70.5
2026-04-18 12:20:06 PM,KXWTAMATCH-26APR19KOSPOD-KOS,51,22,49,43,48,10,47,43,46,50,90,20,91,32,92,1022,93,190,94,315,70.5
2026-04-18 12:20:06 PM,KXWTAMATCH-26APR19KOSPOD-KOS,49,43,48,10,47,43,46,50,45,250,90,20,91,32,92,1022,93,190,94,315,69.5
2026-04-18 12:20:06 PM,KXWTAMATCH-26APR19KOSPOD-KOS,49,34,48,10,47,43,46,50,45,250,90,20,91,32,92,1022,93,190,94,315,69.5
2026-04-18 12:20:06 PM,KXWTAMATCH-26APR19KOSPOD-KOS,49,34,48,10,47,43,46,50,45,250,91,32,92,1022,93,190,94,315,95,326,70.0
2026-04-18 12:20:07 PM,KXWTAMATCH-26APR19KOSPOD-KOS,50,20,49,34,48,10,47,43,46,50,91,32,92,1022,93,190,94,315,95,326,70.5
2026-04-18 12:20:07 PM,KXWTAMATCH-26APR19KOSPOD-KOS,50,20,49,34,48,10,47,43,46,50,90,20,91,32,92,1022,93,190,94,315,70.0
2026-04-18 12:20:07 PM,KXWTAMATCH-26APR19KOSPOD-KOS,50,20,49,34,48,10,46,50,45,250,90,20,91,32,92,1022,93,190,94,315,70.0
2026-04-18 12:20:07 PM,KXWTAMATCH-26APR19KOSPOD-KOS,51,25,50,20,49,34,48,10,46,50,90,20,91,32,92,1022,93,190,94,315,70.5
2026-04-18 12:20:18 PM,KXWTAMATCH-26APR19KOSPOD-KOS,51,25,49,34,48,10,46,50,45,250,90,20,91,32,92,1022,93,190,94,315,70.5
2026-04-18 12:20:18 PM,KXWTAMATCH-26APR19KOSPOD-KOS,51,25,49,34,48,10,46,50,45,250,91,32,92,1022,93,190,94,315,95,326,71.0
2026-04-18 12:20:18 PM,KXWTAMATCH-26APR19KOSPOD-KOS,49,34,48,10,46,50,45,250,17,10,91,32,92,1022,93,190,94,315,95,326,70.0
2026-04-18 12:20:18 PM,KXWTAMATCH-26APR19KOSPOD-KOS,49,34,48,10,47,43,46,50,45,250,91,32,92,1022,93,190,94,315,95,326,70.0
2026-04-18 12:20:19 PM,KXWTAMATCH-26APR19KOSPOD-KOS,50,20,49,34,48,10,47,43,46,50,91,32,92,1022,93,190,94,315,95,326,70.5
2026-04-18 12:20:19 PM,KXWTAMATCH-26APR19KOSPOD-KOS,50,20,49,34,48,10,47,43,46,50,90,20,91,32,92,1022,93,190,94,315,70.0
2026-04-18 12:20:19 PM,KXWTAMATCH-26APR19KOSPOD-KOS,50,20,49,34,48,10,46,50,45,250,90,20,91,32,92,1022,93,190,94,315,70.0
2026-04-18 12:20:19 PM,KXWTAMATCH-26APR19KOSPOD-KOS,51,25,50,20,49,34,48,10,46,50,90,20,91,32,92,1022,93,190,94,315,70.5
2026-04-18 12:20:30 PM,KXWTAMATCH-26APR19KOSPOD-KOS,51,25,49,34,48,10,46,50,45,250,90,20,91,32,92,1022,93,190,94,315,70.5
2026-04-18 12:20:30 PM,KXWTAMATCH-26APR19KOSPOD-KOS,51,25,49,34,48,10,46,50,45,250,91,32,92,1022,93,190,94,315,95,326,71.0
2026-04-18 12:20:30 PM,KXWTAMATCH-26APR19KOSPOD-KOS,51,25,49,34,48,10,47,43,46,50,91,32,92,1022,93,190,94,315,95,326,71.0
2026-04-18 12:20:30 PM,KXWTAMATCH-26APR19KOSPOD-KOS,49,34,48,10,47,43,46,50,45,250,91,32,92,1022,93,190,94,315,95,326,70.0
2026-04-18 12:20:32 PM,KXWTAMATCH-26APR19KOSPOD-KOS,49,34,48,10,47,43,46,50,45,250,91,10,92,1022,93,190,94,315,95,326,70.0
2026-04-18 12:20:33 PM,KXWTAMATCH-26APR19KOSPOD-KOS,49,34,48,10,47,43,46,50,45,250,90,20,91,10,92,1022,93,190,94,315,69.5
2026-04-18 12:20:33 PM,KXWTAMATCH-26APR19KOSPOD-KOS,50,20,49,34,48,10,47,43,46,50,90,20,91,10,92,1022,93,190,94,315,70.0
2026-04-18 12:20:33 PM,KXWTAMATCH-26APR19KOSPOD-KOS,50,20,49,34,48,10,46,50,45,250,90,20,91,10,92,1022,93,190,94,315,70.0
2026-04-18 12:20:34 PM,KXWTAMATCH-26APR19KOSPOD-KOS,51,25,50,20,49,34,48,10,46,50,90,20,91,10,92,1022,93,190,94,315,70.5
2026-04-18 12:20:34 PM,KXWTAMATCH-26APR19KOSPOD-KOS,51,25,50,20,49,34,48,10,46,50,90,20,91,32,92,1022,93,190,94,315,70.5
2026-04-18 12:20:45 PM,KXWTAMATCH-26APR19KOSPOD-KOS,51,25,49,34,48,10,46,50,45,250,90,20,91,32,92,1022,93,190,94,315,70.5
2026-04-18 12:20:45 PM,KXWTAMATCH-26APR19KOSPOD-KOS,49,34,48,10,46,50,45,250,17,10,90,20,91,32,92,1022,93,190,94,315,69.5
2026-04-18 12:20:45 PM,KXWTAMATCH-26APR19KOSPOD-KOS,49,34,48,10,47,43,46,50,45,250,90,20,91,32,92,1022,93,190,94,315,69.5
2026-04-18 12:20:45 PM,KXWTAMATCH-26APR19KOSPOD-KOS,49,34,48,10,47,43,46,50,45,250,91,32,92,1022,93,190,94,315,95,326,70.0
2026-04-18 12:20:45 PM,KXWTAMATCH-26APR19KOSPOD-KOS,49,34,48,10,47,43,46,50,45,250,91,10,92,1022,93,190,94,315,95,326,70.0
2026-04-18 12:20:45 PM,KXWTAMATCH-26APR19KOSPOD-KOS,49,34,48,10,47,43,46,50,45,250,91,10,92,1022,93,205,94,315,95,326,70.0
2026-04-18 12:20:46 PM,KXWTAMATCH-26APR19KOSPOD-KOS,49,34,48,10,47,43,46,50,45,250,91,17,92,1022,93,205,94,315,95,326,70.0
2026-04-18 12:20:46 PM,KXWTAMATCH-26APR19KOSPOD-KOS,49,34,48,10,47,43,46,50,45,250,91,17,92,1022,93,190,94,315,95,326,70.0
2026-04-18 12:20:46 PM,KXWTAMATCH-26APR19KOSPOD-KOS,50,20,49,34,48,10,47,43,46,50,91,17,92,1022,93,190,94,315,95,326,70.5
2026-04-18 12:20:46 PM,KXWTAMATCH-26APR19KOSPOD-KOS,50,20,49,34,48,10,47,43,46,50,90,20,91,17,92,1022,93,190,94,315,70.0
2026-04-18 12:20:46 PM,KXWTAMATCH-26APR19KOSPOD-KOS,51,25,50,20,49,34,48,10,47,43,90,20,91,17,92,1022,93,190,94,315,70.5
2026-04-18 12:20:46 PM,KXWTAMATCH-26APR19KOSPOD-KOS,51,25,50,20,49,34,48,10,47,43,90,20,91,33,92,1022,93,190,94,315,70.5
2026-04-18 12:20:46 PM,KXWTAMATCH-26APR19KOSPOD-KOS,51,25,50,20,49,34,48,10,46,50,90,20,91,33,92,1022,93,190,94,315,70.5
2026-04-18 12:20:57 PM,KXWTAMATCH-26APR19KOSPOD-KOS,51,25,49,34,48,10,46,50,45,250,90,20,91,33,92,1022,93,190,94,315,70.5
2026-04-18 12:20:57 PM,KXWTAMATCH-26APR19KOSPOD-KOS,51,25,49,34,48,10,46,50,45,250,91,33,92,1022,93,190,94,315,95,326,71.0
2026-04-18 12:20:57 PM,KXWTAMATCH-26APR19KOSPOD-KOS,49,34,48,10,46,50,45,250,17,10,91,33,92,1022,93,190,94,315,95,326,70.0
2026-04-18 12:20:57 PM,KXWTAMATCH-26APR19KOSPOD-KOS,49,34,48,10,47,43,46,50,45,250,91,33,92,1022,93,190,94,315,95,326,70.0
2026-04-18 12:20:58 PM,KXWTAMATCH-26APR19KOSPOD-KOS,49,34,48,10,47,43,46,50,45,250,91,26,92,1022,93,190,94,315,95,326,70.0
2026-04-18 12:20:58 PM,KXWTAMATCH-26APR19KOSPOD-KOS,49,34,48,10,47,43,46,50,45,250,91,10,92,1022,93,190,94,315,95,326,70.0
2026-04-18 12:20:58 PM,KXWTAMATCH-26APR19KOSPOD-KOS,49,34,48,10,47,43,46,50,45,250,91,10,92,1022,93,205,94,315,95,326,70.0
2026-04-18 12:20:58 PM,KXWTAMATCH-26APR19KOSPOD-KOS,49,34,48,10,47,43,46,50,45,250,91,17,92,1022,93,205,94,315,95,326,70.0
2026-04-18 12:20:58 PM,KXWTAMATCH-26APR19KOSPOD-KOS,49,34,48,10,47,43,46,50,45,250,91,17,92,1022,93,190,94,315,95,326,70.0
2026-04-18 12:20:58 PM,KXWTAMATCH-26APR19KOSPOD-KOS,50,20,49,34,48,10,47,43,46,50,91,17,92,1022,93,190,94,315,95,326,70.5
2026-04-18 12:20:58 PM,KXWTAMATCH-26APR19KOSPOD-KOS,50,20,49,34,48,10,47,43,46,50,90,20,91,17,92,1022,93,190,94,315,70.0
2026-04-18 12:20:59 PM,KXWTAMATCH-26APR19KOSPOD-KOS,51,25,50,20,49,34,48,10,47,43,90,20,91,17,92,1022,93,190,94,315,70.5
2026-04-18 12:20:59 PM,KXWTAMATCH-26APR19KOSPOD-KOS,51,25,50,20,49,34,48,10,47,43,90,20,91,33,92,1022,93,190,94,315,70.5
2026-04-18 12:20:59 PM,KXWTAMATCH-26APR19KOSPOD-KOS,51,25,50,20,49,34,48,10,46,50,90,20,91,33,92,1022,93,190,94,315,70.5
2026-04-18 12:21:07 PM,KXWTAMATCH-26APR19KOSPOD-KOS,51,25,50,20,49,34,48,10,45,250,90,20,91,33,92,1022,93,190,94,315,70.5
2026-04-18 12:21:10 PM,KXWTAMATCH-26APR19KOSPOD-KOS,51,25,49,34,48,10,45,250,17,10,90,20,91,33,92,1022,93,190,94,315,70.5
2026-04-18 12:21:10 PM,KXWTAMATCH-26APR19KOSPOD-KOS,51,25,49,34,48,10,46,43,45,250,90,20,91,33,92,1022,93,190,94,315,70.5
2026-04-18 12:21:10 PM,KXWTAMATCH-26APR19KOSPOD-KOS,49,34,48,10,46,43,45,250,17,10,90,20,91,33,92,1022,93,190,94,315,69.5
2026-04-18 12:21:10 PM,KXWTAMATCH-26APR19KOSPOD-KOS,49,34,48,10,46,43,45,250,17,10,91,33,92,1022,93,190,94,315,95,326,70.0
2026-04-18 12:21:10 PM,KXWTAMATCH-26APR19KOSPOD-KOS,49,34,48,10,46,43,45,250,18,942,91,33,92,1022,93,190,94,315,95,326,70.0
2026-04-18 12:21:10 PM,KXWTAMATCH-26APR19KOSPOD-KOS,49,34,48,10,46,43,45,250,18,942,91,26,92,1022,93,190,94,315,95,326,70.0
2026-04-18 12:21:10 PM,KXWTAMATCH-26APR19KOSPOD-KOS,49,34,48,10,46,43,45,250,18,942,91,10,92,1022,93,190,94,315,95,326,70.0
2026-04-18 12:21:10 PM,KXWTAMATCH-26APR19KOSPOD-KOS,49,34,48,10,46,43,45,250,18,942,91,10,92,1022,93,205,94,315,95,326,70.0
2026-04-18 12:21:11 PM,KXWTAMATCH-26APR19KOSPOD-KOS,49,34,48,10,46,43,45,250,18,942,91,17,92,1022,93,205,94,315,95,326,70.0
2026-04-18 12:21:11 PM,KXWTAMATCH-26APR19KOSPOD-KOS,49,34,48,10,46,43,45,250,18,942,91,17,92,1022,93,190,94,315,95,326,70.0
2026-04-18 12:21:11 PM,KXWTAMATCH-26APR19KOSPOD-KOS,49,34,48,10,46,43,45,250,18,942,91,10,92,1022,93,190,94,315,95,326,70.0
2026-04-18 12:21:11 PM,KXWTAMATCH-26APR19KOSPOD-KOS,49,34,48,10,46,43,45,250,18,942,91,10,92,1022,93,205,94,315,95,326,70.0
2026-04-18 12:21:12 PM,KXWTAMATCH-26APR19KOSPOD-KOS,49,34,48,10,46,43,45,250,18,942,91,10,92,1022,93,190,94,315,95,326,70.0
2026-04-18 12:21:12 PM,KXWTAMATCH-26APR19KOSPOD-KOS,49,34,48,10,46,43,45,250,18,942,91,17,92,1022,93,190,94,315,95,326,70.0
2026-04-18 12:21:12 PM,KXWTAMATCH-26APR19KOSPOD-KOS,50,20,49,34,48,10,46,43,45,250,91,17,92,1022,93,190,94,315,95,326,70.5
2026-04-18 12:21:12 PM,KXWTAMATCH-26APR19KOSPOD-KOS,50,20,49,34,48,10,46,43,45,250,90,20,91,17,92,1022,93,190,94,315,70.0
2026-04-18 12:21:12 PM,KXWTAMATCH-26APR19KOSPOD-KOS,51,22,50,20,49,34,48,10,46,43,90,20,91,17,92,1022,93,190,94,315,70.5
2026-04-18 12:21:12 PM,KXWTAMATCH-26APR19KOSPOD-KOS,51,22,50,20,49,34,48,10,46,43,90,20,91,32,92,1022,93,190,94,315,70.5
2026-04-18 12:21:12 PM,KXWTAMATCH-26APR19KOSPOD-KOS,51,22,50,20,49,34,48,10,45,250,90,20,91,32,92,1022,93,190,94,315,70.5
2026-04-18 12:21:23 PM,KXWTAMATCH-26APR19KOSPOD-KOS,51,22,49,34,48,10,45,250,18,942,90,20,91,32,92,1022,93,190,94,315,70.5
2026-04-18 12:21:23 PM,KXWTAMATCH-26APR19KOSPOD-KOS,49,34,48,10,45,250,18,942,17,10,90,20,91,32,92,1022,93,190,94,315,69.5
2026-04-18 12:21:23 PM,KXWTAMATCH-26APR19KOSPOD-KOS,49,34,48,10,45,250,18,942,17,10,91,32,92,1022,93,190,94,315,95,326,70.0
2026-04-18 12:21:23 PM,KXWTAMATCH-26APR19KOSPOD-KOS,49,34,48,10,46,43,45,250,18,942,91,32,92,1022,93,190,94,315,95,326,70.0
2026-04-18 12:21:23 PM,KXWTAMATCH-26APR19KOSPOD-KOS,51,50,49,34,48,10,46,43,45,250,91,32,92,1022,93,190,94,315,95,326,71.0
2026-04-18 12:21:24 PM,KXWTAMATCH-26APR19KOSPOD-KOS,51,50,49,34,48,10,45,250,18,942,91,32,92,1022,93,190,94,315,95,326,71.0
2026-04-18 12:21:24 PM,KXWTAMATCH-26APR19KOSPOD-KOS,52,25,51,50,49,34,48,10,45,250,91,32,92,1022,93,190,94,315,95,326,71.5
2026-04-18 12:21:24 PM,KXWTAMATCH-26APR19KOSPOD-KOS,52,25,51,50,49,34,48,10,45,250,91,25,92,1022,93,190,94,315,95,326,71.5
2026-04-18 12:21:24 PM,KXWTAMATCH-26APR19KOSPOD-KOS,52,25,51,50,49,34,48,10,45,250,91,25,92,1022,93,205,94,315,95,326,71.5
2026-04-18 12:21:24 PM,KXWTAMATCH-26APR19KOSPOD-KOS,52,25,51,50,49,34,48,10,45,250,91,10,92,1022,93,205,94,315,95,326,71.5
2026-04-18 12:21:25 PM,KXWTAMATCH-26APR19KOSPOD-KOS,52,25,51,50,49,34,48,10,45,250,90,20,91,10,92,1022,93,205,94,315,71.0
2026-04-18 12:21:25 PM,KXWTAMATCH-26APR19KOSPOD-KOS,53,20,52,25,51,50,49,34,48,10,90,20,91,10,92,1022,93,205,94,315,71.5
2026-04-18 12:21:25 PM,KXWTAMATCH-26APR19KOSPOD-KOS,53,20,52,25,51,50,49,22,48,10,90,20,91,10,92,1022,93,205,94,315,71.5
2026-04-18 12:21:25 PM,KXWTAMATCH-26APR19KOSPOD-KOS,53,20,52,25,51,50,49,12,48,10,90,20,91,10,92,1022,93,205,94,315,71.5
2026-04-18 12:21:25 PM,KXWTAMATCH-26APR19KOSPOD-KOS,53,43,52,25,51,50,49,12,48,10,90,20,91,10,92,1022,93,205,94,315,71.5
2026-04-18 12:21:25 PM,KXWTAMATCH-26APR19KOSPOD-KOS,53,43,52,25,51,50,48,10,45,250,90,20,91,10,92,1022,93,205,94,315,71.5
2026-04-18 12:21:25 PM,KXWTAMATCH-26APR19KOSPOD-KOS,53,43,51,50,48,10,45,250,18,942,90,20,91,10,92,1022,93,205,94,315,71.5
2026-04-18 12:21:25 PM,KXWTAMATCH-26APR19KOSPOD-KOS,53,43,51,50,48,10,45,250,18,942,90,20,91,10,92,1022,93,190,94,315,71.5
2026-04-18 12:21:26 PM,KXWTAMATCH-26APR19KOSPOD-KOS,53,20,51,50,48,10,45,250,18,942,90,20,91,10,92,1022,93,190,94,315,71.5
2026-04-18 12:21:26 PM,KXWTAMATCH-26APR19KOSPOD-KOS,54,23,53,20,51,50,48,10,45,250,90,20,91,10,92,1022,93,190,94,315,72.0
2026-04-18 12:21:26 PM,KXWTAMATCH-26APR19KOSPOD-KOS,54,23,53,20,52,31,51,50,48,10,90,20,91,10,92,1022,93,190,94,315,72.0
2026-04-18 12:21:26 PM,KXWTAMATCH-26APR19KOSPOD-KOS,54,23,53,20,52,31,51,50,48,10,90,20,91,33,92,1022,93,190,94,315,72.0
2026-04-18 12:21:30 PM,KXWTAMATCH-26APR19KOSPOD-KOS,79,500,54,23,53,20,52,31,51,50,90,20,91,33,92,1022,93,190,94,315,84.5
2026-04-18 12:21:30 PM,KXWTAMATCH-26APR19KOSPOD-KOS,79,500,54,23,53,20,51,50,48,10,90,20,91,33,92,1022,93,190,94,315,84.5
2026-04-18 12:21:30 PM,KXWTAMATCH-26APR19KOSPOD-KOS,79,500,54,23,53,20,51,50,48,10,90,20,91,33,92,1000,93,190,94,315,84.5
2026-04-18 12:21:30 PM,KXWTAMATCH-26APR19KOSPOD-KOS,79,500,55,7,54,23,53,20,51,50,90,20,91,33,92,1000,93,190,94,315,84.5
2026-04-18 12:21:30 PM,KXWTAMATCH-26APR19KOSPOD-KOS,79,500,55,7,54,23,53,20,51,50,90,27,91,33,92,1000,93,190,94,315,84.5
2026-04-18 12:21:30 PM,KXWTAMATCH-26APR19KOSPOD-KOS,79,509,55,7,54,23,53,20,51,50,90,27,91,33,92,1000,93,190,94,315,84.5
2026-04-18 12:21:30 PM,KXWTAMATCH-26APR19KOSPOD-KOS,79,509,54,23,53,20,51,50,48,10,90,27,91,33,92,1000,93,190,94,315,84.5
2026-04-18 12:21:30 PM,KXWTAMATCH-26APR19KOSPOD-KOS,79,509,54,23,53,20,51,50,48,10,90,27,91,10,92,1000,93,190,94,315,84.5
2026-04-18 12:21:30 PM,KXWTAMATCH-26APR19KOSPOD-KOS,79,509,54,43,53,20,51,50,48,10,90,27,91,10,92,1000,93,190,94,315,84.5
2026-04-18 12:21:31 PM,KXWTAMATCH-26APR19KOSPOD-KOS,79,509,56,43,54,43,53,20,51,50,90,27,91,10,92,1000,93,190,94,315,84.5
2026-04-18 12:21:31 PM,KXWTAMATCH-26APR19KOSPOD-KOS,79,509,56,43,54,43,53,20,51,50,89,9,90,27,91,10,92,1000,93,190,84.0
2026-04-18 12:21:31 PM,KXWTAMATCH-26APR19KOSPOD-KOS,79,509,56,43,54,43,53,20,51,50,89,9,90,40,91,10,92,1000,93,190,84.0
2026-04-18 12:21:31 PM,KXWTAMATCH-26APR19KOSPOD-KOS,79,509,54,43,53,20,51,50,48,10,89,9,90,40,91,10,92,1000,93,190,84.0
2026-04-18 12:21:37 PM,KXWTAMATCH-26APR19KOSPOD-KOS,79,509,54,43,51,50,48,10,45,250,89,9,90,40,91,10,92,1000,93,190,84.0
2026-04-18 12:21:37 PM,KXWTAMATCH-26APR19KOSPOD-KOS,79,509,54,43,51,50,48,10,45,250,89,9,90,20,91,10,92,1000,93,190,84.0
2026-04-18 12:21:37 PM,KXWTAMATCH-26APR19KOSPOD-KOS,79,509,54,43,52,43,51,50,48,10,89,9,90,20,91,10,92,1000,93,190,84.0
2026-04-18 12:21:37 PM,KXWTAMATCH-26APR19KOSPOD-KOS,79,509,54,20,52,43,51,50,48,10,89,9,90,20,91,10,92,1000,93,190,84.0
2026-04-18 12:21:37 PM,KXWTAMATCH-26APR19KOSPOD-KOS,79,509,52,43,51,50,48,10,45,250,89,9,90,20,91,10,92,1000,93,190,84.0
2026-04-18 12:21:37 PM,KXWTAMATCH-26APR19KOSPOD-KOS,79,509,52,43,51,50,48,10,45,250,89,9,90,20,91,34,92,1000,93,190,84.0
2026-04-18 12:21:37 PM,KXWTAMATCH-26APR19KOSPOD-KOS,79,509,52,43,51,50,48,10,45,250,90,20,91,34,92,1000,93,190,94,315,84.5
2026-04-18 12:22:02 PM,KXWTAMATCH-26APR19KOSPOD-KOS,79,509,52,43,51,50,48,10,45,250,90,20,91,134,92,1000,93,190,94,315,84.5
2026-04-18 12:22:02 PM,KXWTAMATCH-26APR19KOSPOD-KOS,79,509,52,43,51,50,48,10,45,250,89,100,90,20,91,134,92,1000,93,190,84.0
2026-04-18 12:22:02 PM,KXWTAMATCH-26APR19KOSPOD-KOS,79,509,52,43,51,50,48,10,45,250,89,100,90,20,91,110,92,1000,93,190,84.0
2026-04-18 12:22:02 PM,KXWTAMATCH-26APR19KOSPOD-KOS,79,509,52,43,51,50,48,10,45,250,89,109,90,20,91,110,92,1000,93,190,84.0
2026-04-18 12:22:02 PM,KXWTAMATCH-26APR19KOSPOD-KOS,79,509,52,43,51,50,48,10,45,250,89,209,90,20,91,110,92,1000,93,190,84.0
2026-04-18 12:22:02 PM,KXWTAMATCH-26APR19KOSPOD-KOS,79,509,52,43,51,50,48,10,45,250,89,309,90,20,91,110,92,1000,93,190,84.0
2026-04-18 12:22:04 PM,KXWTAMATCH-26APR19KOSPOD-KOS,79,509,52,43,51,50,45,250,18,942,89,309,90,20,91,110,92,1000,93,190,84.0
2026-04-18 12:22:24 PM,KXWTAMATCH-26APR19KOSPOD-KOS,79,509,52,43,51,50,45,250,18,942,89,300,90,20,91,110,92,1000,93,190,84.0
2026-04-18 12:22:36 PM,KXWTAMATCH-26APR19KOSPOD-KOS,79,509,52,43,51,50,45,250,18,942,89,309,90,20,91,110,92,1000,93,190,84.0
2026-04-18 12:22:37 PM,KXWTAMATCH-26APR19KOSPOD-KOS,79,509,52,43,51,50,45,250,18,942,89,300,90,20,91,110,92,1000,93,190,84.0
2026-04-18 12:22:37 PM,KXWTAMATCH-26APR19KOSPOD-KOS,79,509,52,43,51,50,45,250,18,942,88,9,89,300,90,20,91,110,92,1000,83.5
2026-04-18 12:22:37 PM,KXWTAMATCH-26APR19KOSPOD-KOS,79,509,52,43,51,50,45,250,18,942,88,9,89,300,90,39,91,110,92,1000,83.5
2026-04-18 12:25:28 PM,KXWTAMATCH-26APR19KOSPOD-KOS,79,509,61,10,52,43,51,50,45,250,88,9,89,300,90,39,91,110,92,1000,83.5
2026-04-18 12:25:28 PM,KXWTAMATCH-26APR19KOSPOD-KOS,79,509,61,10,51,50,45,250,18,942,88,9,89,300,90,39,91,110,92,1000,83.5
2026-04-18 12:25:28 PM,KXWTAMATCH-26APR19KOSPOD-KOS,79,509,71,7,61,10,51,50,45,250,88,9,89,300,90,39,91,110,92,1000,83.5
2026-04-18 12:25:28 PM,KXWTAMATCH-26APR19KOSPOD-KOS,79,509,76,7,71,7,61,10,51,50,88,9,89,300,90,39,91,110,92,1000,83.5
2026-04-18 12:25:28 PM,KXWTAMATCH-26APR19KOSPOD-KOS,79,509,76,7,71,7,66,8,61,10,88,9,89,300,90,39,91,110,92,1000,83.5
2026-04-18 12:25:29 PM,KXWTAMATCH-26APR19KOSPOD-KOS,79,509,77,39,76,7,71,7,66,8,88,9,89,300,90,39,91,110,92,1000,83.5
2026-04-18 12:26:17 PM,KXWTAMATCH-26APR19KOSPOD-KOS,79,509,77,39,76,7,71,7,66,8,88,25,89,300,90,39,91,110,92,1000,83.5
2026-04-18 12:26:29 PM,KXWTAMATCH-26APR19KOSPOD-KOS,79,509,77,39,76,7,71,7,66,8,88,16,89,300,90,39,91,110,92,1000,83.5
2026-04-18 12:26:29 PM,KXWTAMATCH-26APR19KOSPOD-KOS,79,509,77,39,76,7,71,7,66,8,89,300,90,39,91,110,92,1000,93,190,84.0
2026-04-18 12:26:29 PM,KXWTAMATCH-26APR19KOSPOD-KOS,79,509,77,39,76,7,71,7,66,8,89,300,90,32,91,110,92,1000,93,190,84.0
2026-04-18 12:26:29 PM,KXWTAMATCH-26APR19KOSPOD-KOS,79,509,77,39,76,7,71,7,66,8,89,300,90,19,91,110,92,1000,93,190,84.0
2026-04-18 12:26:29 PM,KXWTAMATCH-26APR19KOSPOD-KOS,79,509,77,39,76,7,71,7,66,8,88,9,89,300,90,19,91,110,92,1000,83.5
2026-04-18 12:26:29 PM,KXWTAMATCH-26APR19KOSPOD-KOS,79,509,77,39,76,7,71,7,66,8,88,9,89,320,90,19,91,110,92,1000,83.5
2026-04-18 12:26:29 PM,KXWTAMATCH-26APR19KOSPOD-KOS,79,509,77,39,76,7,71,7,66,8,88,9,89,320,91,110,92,1000,93,190,83.5
2026-04-18 12:26:30 PM,KXWTAMATCH-26APR19KOSPOD-KOS,79,509,77,39,76,7,71,7,66,8,88,9,89,320,90,39,91,110,92,1000,83.5
2026-04-18 12:26:30 PM,KXWTAMATCH-26APR19KOSPOD-KOS,79,509,77,39,76,7,71,7,66,8,88,9,89,300,90,39,91,110,92,1000,83.5
2026-04-18 12:26:30 PM,KXWTAMATCH-26APR19KOSPOD-KOS,79,509,77,39,76,7,71,7,66,8,88,25,89,300,90,39,91,110,92,1000,83.5
2026-04-18 12:26:42 PM,KXWTAMATCH-26APR19KOSPOD-KOS,79,509,77,39,76,7,71,7,66,8,88,16,89,300,90,39,91,110,92,1000,83.5
2026-04-18 12:26:42 PM,KXWTAMATCH-26APR19KOSPOD-KOS,79,509,77,39,76,7,71,7,66,8,89,300,90,39,91,110,92,1000,93,190,84.0
2026-04-18 12:26:42 PM,KXWTAMATCH-26APR19KOSPOD-KOS,79,509,77,39,76,7,71,7,66,8,89,300,91,110,92,1000,93,190,94,315,84.0
2026-04-18 12:26:42 PM,KXWTAMATCH-26APR19KOSPOD-KOS,79,509,77,39,76,7,71,7,66,8,88,9,89,300,91,110,92,1000,93,190,83.5
2026-04-18 12:26:42 PM,KXWTAMATCH-26APR19KOSPOD-KOS,79,509,77,39,76,7,71,7,66,8,88,9,89,300,90,39,91,110,92,1000,83.5
2026-04-18 12:27:22 PM,KXWTAMATCH-26APR19KOSPOD-KOS,79,509,77,39,76,7,71,7,66,8,88,25,89,300,90,39,91,110,92,1000,83.5
2026-04-18 12:27:30 PM,KXWTAMATCH-26APR19KOSPOD-KOS,79,509,77,39,76,7,71,7,66,8,88,16,89,300,90,39,91,110,92,1000,83.5
2026-04-18 12:27:30 PM,KXWTAMATCH-26APR19KOSPOD-KOS,79,509,77,39,76,7,71,7,66,8,89,300,90,39,91,110,92,1000,93,190,84.0
2026-04-18 12:27:30 PM,KXWTAMATCH-26APR19KOSPOD-KOS,79,509,77,39,76,7,71,7,66,8,88,9,89,300,90,39,91,110,92,1000,83.5
2026-04-18 12:27:30 PM,KXWTAMATCH-26APR19KOSPOD-KOS,79,509,77,39,76,7,71,7,66,8,88,9,89,320,90,39,91,110,92,1000,83.5
2026-04-18 12:27:30 PM,KXWTAMATCH-26APR19KOSPOD-KOS,79,509,77,39,76,7,71,7,66,8,88,9,89,320,91,110,92,1000,93,190,83.5
2026-04-18 12:27:31 PM,KXWTAMATCH-26APR19KOSPOD-KOS,79,509,77,39,76,7,71,7,66,8,88,9,89,300,91,110,92,1000,93,190,83.5
2026-04-18 12:27:31 PM,KXWTAMATCH-26APR19KOSPOD-KOS,79,509,77,39,76,7,71,7,66,8,88,25,89,300,91,110,92,1000,93,190,83.5
2026-04-18 12:27:38 PM,KXWTAMATCH-26APR19KOSPOD-KOS,79,509,77,39,76,7,71,7,66,8,88,25,89,300,90,42,91,110,92,1000,83.5
2026-04-18 12:28:53 PM,KXWTAMATCH-26APR19KOSPOD-KOS,80,101,79,509,77,39,76,7,71,7,88,25,89,300,90,42,91,110,92,1000,84.0
2026-04-18 12:28:53 PM,KXWTAMATCH-26APR19KOSPOD-KOS,80,101,79,509,76,7,71,7,66,8,88,25,89,300,90,42,91,110,92,1000,84.0
2026-04-18 12:28:53 PM,KXWTAMATCH-26APR19KOSPOD-KOS,80,110,79,509,76,7,71,7,66,8,88,25,89,300,90,42,91,110,92,1000,84.0
2026-04-18 12:28:53 PM,KXWTAMATCH-26APR19KOSPOD-KOS,80,110,79,520,76,7,71,7,66,8,88,25,89,300,90,42,91,110,92,1000,84.0
2026-04-18 12:28:54 PM,KXWTAMATCH-26APR19KOSPOD-KOS,81,9,80,110,79,520,76,7,71,7,88,25,89,300,90,42,91,110,92,1000,84.5
2026-04-18 12:28:54 PM,KXWTAMATCH-26APR19KOSPOD-KOS,81,9,80,110,79,511,76,7,71,7,88,25,89,300,90,42,91,110,92,1000,84.5
2026-04-18 12:28:54 PM,KXWTAMATCH-26APR19KOSPOD-KOS,81,9,80,121,79,511,76,7,71,7,88,25,89,300,90,42,91,110,92,1000,84.5
2026-04-18 12:28:54 PM,KXWTAMATCH-26APR19KOSPOD-KOS,81,9,80,121,79,500,76,7,71,7,88,25,89,300,90,42,91,110,92,1000,84.5
2026-04-18 12:30:04 PM,KXWTAMATCH-26APR19KOSPOD-KOS,81,9,80,121,76,7,71,7,66,8,88,25,89,300,90,42,91,110,92,1000,84.5
2026-04-18 12:30:04 PM,KXWTAMATCH-26APR19KOSPOD-KOS,81,9,80,112,76,7,71,7,66,8,88,25,89,300,90,42,91,110,92,1000,84.5
2026-04-18 12:30:04 PM,KXWTAMATCH-26APR19KOSPOD-KOS,81,9,80,101,76,7,71,7,66,8,88,25,89,300,90,42,91,110,92,1000,84.5
2026-04-18 12:30:04 PM,KXWTAMATCH-26APR19KOSPOD-KOS,81,9,80,101,77,43,76,7,71,7,88,25,89,300,90,42,91,110,92,1000,84.5
2026-04-18 12:30:05 PM,KXWTAMATCH-26APR19KOSPOD-KOS,81,9,80,601,77,43,76,7,71,7,88,25,89,300,90,42,91,110,92,1000,84.5
2026-04-18 12:30:38 PM,KXWTAMATCH-26APR19KOSPOD-KOS,81,14,80,601,77,43,76,7,71,7,88,25,89,300,90,42,91,110,92,1000,84.5
2026-04-18 12:30:38 PM,KXWTAMATCH-26APR19KOSPOD-KOS,81,14,80,601,76,7,71,7,66,8,88,25,89,300,90,42,91,110,92,1000,84.5
2026-04-18 12:30:38 PM,KXWTAMATCH-26APR19KOSPOD-KOS,81,14,80,620,76,7,71,7,66,8,88,25,89,300,90,42,91,110,92,1000,84.5
2026-04-18 12:31:18 PM,KXWTAMATCH-26APR19KOSPOD-KOS,81,5,80,620,76,7,71,7,66,8,88,25,89,300,90,42,91,110,92,1000,84.5
2026-04-18 12:31:18 PM,KXWTAMATCH-26APR19KOSPOD-KOS,80,620,76,7,71,7,66,8,65,250,88,25,89,300,90,42,91,110,92,1000,84.0
2026-04-18 12:31:19 PM,KXWTAMATCH-26APR19KOSPOD-KOS,80,601,76,7,71,7,66,8,65,250,88,25,89,300,90,42,91,110,92,1000,84.0
2026-04-18 12:31:19 PM,KXWTAMATCH-26APR19KOSPOD-KOS,80,601,76,7,71,7,66,8,65,250,88,16,89,300,90,42,91,110,92,1000,84.0
2026-04-18 12:31:19 PM,KXWTAMATCH-26APR19KOSPOD-KOS,80,601,76,7,71,7,66,8,65,250,89,300,90,42,91,110,92,1000,93,190,84.5
2026-04-18 12:31:19 PM,KXWTAMATCH-26APR19KOSPOD-KOS,80,601,76,7,71,7,68,8,66,8,89,300,90,42,91,110,92,1000,93,190,84.5
2026-04-18 12:31:19 PM,KXWTAMATCH-26APR19KOSPOD-KOS,80,601,76,7,71,7,68,8,67,17,89,300,90,42,91,110,92,1000,93,190,84.5
2026-04-18 12:31:19 PM,KXWTAMATCH-26APR19KOSPOD-KOS,80,571,76,7,71,7,68,8,67,17,89,300,90,42,91,110,92,1000,93,190,84.5
2026-04-18 12:31:19 PM,KXWTAMATCH-26APR19KOSPOD-KOS,80,570,76,7,71,7,68,8,67,17,89,300,90,42,91,110,92,1000,93,190,84.5
2026-04-18 12:31:19 PM,KXWTAMATCH-26APR19KOSPOD-KOS,80,569,76,7,71,7,68,8,67,17,89,300,90,42,91,110,92,1000,93,190,84.5
2026-04-18 12:31:19 PM,KXWTAMATCH-26APR19KOSPOD-KOS,80,569,76,7,71,7,68,8,67,17,88,43,89,300,90,42,91,110,92,1000,84.0
2026-04-18 12:31:19 PM,KXWTAMATCH-26APR19KOSPOD-KOS,80,569,76,7,71,7,68,8,67,17,88,131,89,300,90,42,91,110,92,1000,84.0
2026-04-18 12:31:19 PM,KXWTAMATCH-26APR19KOSPOD-KOS,80,569,79,25,76,7,71,7,68,8,88,131,89,300,90,42,91,110,92,1000,84.0
2026-04-18 12:31:19 PM,KXWTAMATCH-26APR19KOSPOD-KOS,80,569,79,25,77,38,76,7,71,7,88,131,89,300,90,42,91,110,92,1000,84.0
2026-04-18 12:31:19 PM,KXWTAMATCH-26APR19KOSPOD-KOS,80,569,79,25,77,38,76,7,71,7,87,9,88,131,89,300,90,42,91,110,83.5
2026-04-18 12:31:19 PM,KXWTAMATCH-26APR19KOSPOD-KOS,80,569,79,25,77,38,76,7,71,7,87,9,88,131,89,300,91,110,92,1000,83.5
2026-04-18 12:31:19 PM,KXWTAMATCH-26APR19KOSPOD-KOS,80,569,79,25,77,38,76,7,71,7,87,9,88,150,89,300,91,110,92,1000,83.5
2026-04-18 12:31:19 PM,KXWTAMATCH-26APR19KOSPOD-KOS,80,569,79,25,77,38,76,7,71,7,87,9,89,300,91,110,92,1000,93,190,83.5
2026-04-18 12:31:20 PM,KXWTAMATCH-26APR19KOSPOD-KOS,80,569,79,25,77,38,76,7,71,7,87,9,88,25,89,300,91,110,92,1000,83.5
2026-04-18 12:31:20 PM,KXWTAMATCH-26APR19KOSPOD-KOS,80,569,79,25,77,38,76,7,71,7,88,25,89,300,91,110,92,1000,93,190,84.0
2026-04-18 12:31:20 PM,KXWTAMATCH-26APR19KOSPOD-KOS,80,569,79,25,77,38,76,7,71,7,88,25,89,300,90,43,91,110,92,1000,84.0
2026-04-18 12:32:01 PM,KXWTAMATCH-26APR19KOSPOD-KOS,80,569,79,25,77,38,76,7,71,7,87,42,88,25,89,300,90,43,91,110,83.5
2026-04-18 12:32:01 PM,KXWTAMATCH-26APR19KOSPOD-KOS,80,569,79,25,77,38,76,7,71,7,87,126,88,25,89,300,90,43,91,110,83.5
2026-04-18 12:32:01 PM,KXWTAMATCH-26APR19KOSPOD-KOS,80,569,79,25,77,38,76,7,71,7,87,126,88,25,89,300,91,110,92,1000,83.5
2026-04-18 12:32:01 PM,KXWTAMATCH-26APR19KOSPOD-KOS,80,569,79,25,77,38,76,7,71,7,86,9,87,126,88,25,89,300,91,110,83.0
2026-04-18 12:32:01 PM,KXWTAMATCH-26APR19KOSPOD-KOS,80,569,79,25,77,38,76,7,71,7,86,9,87,126,88,43,89,300,91,110,83.0
2026-04-18 12:32:01 PM,KXWTAMATCH-26APR19KOSPOD-KOS,80,569,79,25,77,38,76,7,71,7,86,9,88,43,89,300,91,110,92,1000,83.0
2026-04-18 12:32:02 PM,KXWTAMATCH-26APR19KOSPOD-KOS,80,569,79,25,77,38,76,7,71,7,86,9,88,43,89,300,90,43,91,110,83.0
2026-04-18 12:32:02 PM,KXWTAMATCH-26APR19KOSPOD-KOS,80,569,79,25,77,38,76,7,71,7,88,43,89,300,90,43,91,110,92,1000,84.0
2026-04-18 12:32:02 PM,KXWTAMATCH-26APR19KOSPOD-KOS,80,569,79,25,77,38,76,7,71,7,88,18,89,300,90,43,91,110,92,1000,84.0
2026-04-18 12:32:02 PM,KXWTAMATCH-26APR19KOSPOD-KOS,80,569,79,25,77,38,76,7,71,7,87,75,88,18,89,300,90,43,91,110,83.5
2026-04-18 12:32:02 PM,KXWTAMATCH-26APR19KOSPOD-KOS,80,569,79,25,77,38,76,7,71,7,87,143,88,18,89,300,90,43,91,110,83.5
2026-04-18 12:32:02 PM,KXWTAMATCH-26APR19KOSPOD-KOS,80,569,79,25,77,38,76,7,71,7,86,9,87,143,88,18,89,300,90,43,83.0
2026-04-18 12:32:02 PM,KXWTAMATCH-26APR19KOSPOD-KOS,80,569,79,25,77,38,76,7,71,7,86,9,87,143,88,18,89,300,91,110,83.0
2026-04-18 12:32:02 PM,KXWTAMATCH-26APR19KOSPOD-KOS,80,569,79,25,77,38,76,7,71,7,86,9,87,143,88,43,89,300,91,110,83.0
2026-04-18 12:32:02 PM,KXWTAMATCH-26APR19KOSPOD-KOS,80,569,79,25,77,38,76,7,71,7,86,9,88,43,89,300,91,110,92,1000,83.0
2026-04-18 12:32:02 PM,KXWTAMATCH-26APR19KOSPOD-KOS,80,569,79,25,77,38,76,7,71,7,85,41,86,9,88,43,89,300,91,110,82.5
2026-04-18 12:32:03 PM,KXWTAMATCH-26APR19KOSPOD-KOS,80,569,79,25,77,38,76,7,71,7,84,25,85,41,86,9,88,43,89,300,82.0
2026-04-18 12:32:03 PM,KXWTAMATCH-26APR19KOSPOD-KOS,80,569,79,25,77,38,76,7,71,7,84,25,85,41,88,43,89,300,91,110,82.0
2026-04-18 12:32:03 PM,KXWTAMATCH-26APR19KOSPOD-KOS,80,569,79,25,77,38,76,7,71,7,84,25,88,43,89,300,91,110,92,1000,82.0
2026-04-18 12:32:03 PM,KXWTAMATCH-26APR19KOSPOD-KOS,80,569,79,25,77,38,76,7,71,7,84,25,88,43,89,300,90,9,91,110,82.0
2026-04-18 12:32:03 PM,KXWTAMATCH-26APR19KOSPOD-KOS,80,569,79,25,77,38,76,7,71,7,88,43,89,300,90,9,91,110,92,1000,84.0
2026-04-18 12:32:03 PM,KXWTAMATCH-26APR19KOSPOD-KOS,80,569,79,25,77,38,76,7,71,7,88,25,89,300,90,9,91,110,92,1000,84.0
2026-04-18 12:32:03 PM,KXWTAMATCH-26APR19KOSPOD-KOS,80,569,79,25,77,38,76,7,71,7,87,75,88,25,89,300,90,9,91,110,83.5
2026-04-18 12:32:03 PM,KXWTAMATCH-26APR19KOSPOD-KOS,80,569,79,25,77,38,76,7,71,7,87,143,88,25,89,300,90,9,91,110,83.5
2026-04-18 12:32:03 PM,KXWTAMATCH-26APR19KOSPOD-KOS,80,569,79,25,77,38,76,7,71,7,88,25,89,300,90,9,91,110,92,1000,84.0
2026-04-18 12:32:03 PM,KXWTAMATCH-26APR19KOSPOD-KOS,80,569,79,25,77,38,76,7,71,7,86,75,88,25,89,300,90,9,91,110,83.0
2026-04-18 12:32:04 PM,KXWTAMATCH-26APR19KOSPOD-KOS,80,569,79,25,77,38,76,7,71,7,85,25,86,75,88,25,89,300,90,9,82.5
2026-04-18 12:32:04 PM,KXWTAMATCH-26APR19KOSPOD-KOS,80,569,79,25,77,38,76,7,71,7,85,25,86,75,88,43,89,300,90,9,82.5
2026-04-18 12:32:04 PM,KXWTAMATCH-26APR19KOSPOD-KOS,80,569,79,25,77,38,76,7,71,7,85,25,86,75,88,43,89,300,91,110,82.5
2026-04-18 12:32:04 PM,KXWTAMATCH-26APR19KOSPOD-KOS,80,569,79,25,77,38,76,7,71,7,85,25,88,43,89,300,91,110,92,1000,82.5
2026-04-18 12:32:04 PM,KXWTAMATCH-26APR19KOSPOD-KOS,80,569,79,25,77,38,76,7,71,7,85,25,88,43,89,300,90,9,91,110,82.5
2026-04-18 12:32:04 PM,KXWTAMATCH-26APR19KOSPOD-KOS,80,569,79,25,77,38,76,7,71,7,88,43,89,300,90,9,91,110,92,1000,84.0
2026-04-18 12:32:04 PM,KXWTAMATCH-26APR19KOSPOD-KOS,80,569,79,25,77,38,76,7,71,7,88,18,89,300,90,9,91,110,92,1000,84.0
2026-04-18 12:32:04 PM,KXWTAMATCH-26APR19KOSPOD-KOS,80,569,79,25,77,38,76,7,71,7,87,75,88,18,89,300,90,9,91,110,83.5
2026-04-18 12:32:04 PM,KXWTAMATCH-26APR19KOSPOD-KOS,80,569,79,25,77,38,76,7,71,7,87,143,88,18,89,300,90,9,91,110,83.5
2026-04-18 12:32:05 PM,KXWTAMATCH-26APR19KOSPOD-KOS,80,569,79,25,77,38,76,7,71,7,86,25,87,143,88,18,89,300,90,9,83.0
2026-04-18 12:32:05 PM,KXWTAMATCH-26APR19KOSPOD-KOS,80,569,79,25,77,38,76,7,71,7,86,25,87,143,88,43,89,300,90,9,83.0
2026-04-18 12:32:05 PM,KXWTAMATCH-26APR19KOSPOD-KOS,80,569,79,25,77,38,76,7,71,7,86,25,87,143,88,43,89,300,91,110,83.0
2026-04-18 12:32:05 PM,KXWTAMATCH-26APR19KOSPOD-KOS,80,569,79,25,77,38,76,7,71,7,86,25,88,43,89,300,91,110,92,1000,83.0
2026-04-18 12:32:05 PM,KXWTAMATCH-26APR19KOSPOD-KOS,80,569,79,25,77,38,76,7,71,7,85,41,86,25,88,43,89,300,91,110,82.5
2026-04-18 12:32:05 PM,KXWTAMATCH-26APR19KOSPOD-KOS,80,569,79,25,77,38,76,7,71,7,85,41,88,43,89,300,91,110,92,1000,82.5
2026-04-18 12:32:05 PM,KXWTAMATCH-26APR19KOSPOD-KOS,80,569,79,25,77,38,76,7,71,7,84,9,85,41,88,43,89,300,91,110,82.0
2026-04-18 12:32:05 PM,KXWTAMATCH-26APR19KOSPOD-KOS,80,569,79,25,77,38,76,7,71,7,84,9,88,43,89,300,91,110,92,1000,82.0
2026-04-18 12:32:05 PM,KXWTAMATCH-26APR19KOSPOD-KOS,80,569,79,25,77,38,76,7,71,7,88,43,89,300,91,110,92,1000,93,190,84.0
2026-04-18 12:32:05 PM,KXWTAMATCH-26APR19KOSPOD-KOS,80,569,79,25,77,38,76,7,71,7,88,43,89,300,90,43,91,110,92,1000,84.0
2026-04-18 12:32:05 PM,KXWTAMATCH-26APR19KOSPOD-KOS,80,569,79,25,77,38,76,7,71,7,88,25,89,300,90,43,91,110,92,1000,84.0
2026-04-18 12:32:06 PM,KXWTAMATCH-26APR19KOSPOD-KOS,80,569,79,25,77,38,76,7,71,7,87,75,88,25,89,300,90,43,91,110,83.5
2026-04-18 12:32:06 PM,KXWTAMATCH-26APR19KOSPOD-KOS,80,569,79,25,77,38,76,7,71,7,87,143,88,25,89,300,90,43,91,110,83.5
2026-04-18 12:32:06 PM,KXWTAMATCH-26APR19KOSPOD-KOS,80,569,79,25,77,38,76,7,71,7,87,143,88,25,89,300,91,110,92,1000,83.5
2026-04-18 12:32:06 PM,KXWTAMATCH-26APR19KOSPOD-KOS,80,569,79,25,77,38,76,7,71,7,86,9,87,143,88,25,89,300,91,110,83.0
2026-04-18 12:32:06 PM,KXWTAMATCH-26APR19KOSPOD-KOS,80,569,79,25,77,38,76,7,71,7,86,9,88,25,89,300,91,110,92,1000,83.0
2026-04-18 12:32:06 PM,KXWTAMATCH-26APR19KOSPOD-KOS,80,569,79,25,77,38,76,7,71,7,85,41,86,9,88,25,89,300,91,110,82.5
2026-04-18 12:32:07 PM,KXWTAMATCH-26APR19KOSPOD-KOS,80,569,79,25,77,38,76,7,71,7,85,41,88,25,89,300,91,110,92,1000,82.5
2026-04-18 12:32:07 PM,KXWTAMATCH-26APR19KOSPOD-KOS,80,569,79,25,77,38,76,7,71,7,84,25,85,41,88,25,89,300,91,110,82.0
2026-04-18 12:32:07 PM,KXWTAMATCH-26APR19KOSPOD-KOS,80,569,79,25,77,38,76,7,71,7,84,25,85,41,88,43,89,300,91,110,82.0
2026-04-18 12:32:07 PM,KXWTAMATCH-26APR19KOSPOD-KOS,80,569,79,25,77,38,76,7,71,7,84,25,88,43,89,300,91,110,92,1000,82.0
2026-04-18 12:32:07 PM,KXWTAMATCH-26APR19KOSPOD-KOS,80,569,79,25,77,38,76,7,71,7,84,25,88,43,89,300,90,9,91,110,82.0
2026-04-18 12:32:07 PM,KXWTAMATCH-26APR19KOSPOD-KOS,80,569,79,25,77,38,76,7,71,7,88,43,89,300,90,9,91,110,92,1000,84.0
2026-04-18 12:32:07 PM,KXWTAMATCH-26APR19KOSPOD-KOS,80,569,79,25,77,38,76,7,71,7,88,18,89,300,90,9,91,110,92,1000,84.0
2026-04-18 12:32:07 PM,KXWTAMATCH-26APR19KOSPOD-KOS,80,569,79,25,77,38,76,7,71,7,87,75,88,18,89,300,90,9,91,110,83.5
2026-04-18 12:32:07 PM,KXWTAMATCH-26APR19KOSPOD-KOS,80,569,79,25,77,38,76,7,71,7,87,143,88,18,89,300,90,9,91,110,83.5
2026-04-18 12:32:07 PM,KXWTAMATCH-26APR19KOSPOD-KOS,80,601,79,25,77,38,76,7,71,7,87,143,88,18,89,300,90,9,91,110,83.5
2026-04-18 12:32:07 PM,KXWTAMATCH-26APR19KOSPOD-KOS,80,601,79,25,77,38,76,7,71,7,87,157,88,18,89,300,90,9,91,110,83.5
2026-04-18 12:32:07 PM,KXWTAMATCH-26APR19KOSPOD-KOS,80,601,79,25,77,38,76,7,71,7,88,18,89,300,90,9,91,110,92,1000,84.0
2026-04-18 12:32:07 PM,KXWTAMATCH-26APR19KOSPOD-KOS,80,601,79,25,77,38,76,7,71,7,86,82,88,18,89,300,90,9,91,110,83.0
2026-04-18 12:32:08 PM,KXWTAMATCH-26APR19KOSPOD-KOS,80,626,79,25,77,38,76,7,71,7,86,82,88,18,89,300,90,9,91,110,83.0
2026-04-18 12:32:08 PM,KXWTAMATCH-26APR19KOSPOD-KOS,80,626,77,38,76,7,71,7,66,8,86,82,88,18,89,300,90,9,91,110,83.0
2026-04-18 12:32:08 PM,KXWTAMATCH-26APR19KOSPOD-KOS,80,626,77,38,76,7,71,7,66,8,85,25,86,82,88,18,89,300,90,9,82.5
2026-04-18 12:32:08 PM,KXWTAMATCH-26APR19KOSPOD-KOS,80,626,77,38,76,7,71,7,66,8,85,25,86,82,88,43,89,300,90,9,82.5
2026-04-18 12:32:08 PM,KXWTAMATCH-26APR19KOSPOD-KOS,80,626,77,38,76,7,71,7,66,8,85,25,86,82,88,43,89,300,91,110,82.5
2026-04-18 12:32:08 PM,KXWTAMATCH-26APR19KOSPOD-KOS,80,626,77,38,76,7,71,7,66,8,85,25,88,43,89,300,91,110,92,1000,82.5
2026-04-18 12:32:08 PM,KXWTAMATCH-26APR19KOSPOD-KOS,80,626,77,38,76,7,71,7,66,8,88,43,89,300,91,110,92,1000,93,190,84.0
2026-04-18 12:32:08 PM,KXWTAMATCH-26APR19KOSPOD-KOS,80,626,77,38,76,7,71,7,66,8,88,43,89,300,90,9,91,110,92,1000,84.0
2026-04-18 12:32:08 PM,KXWTAMATCH-26APR19KOSPOD-KOS,80,626,77,38,76,7,71,7,66,8,88,25,89,300,90,9,91,110,92,1000,84.0
2026-04-18 12:32:08 PM,KXWTAMATCH-26APR19KOSPOD-KOS,80,626,77,38,76,7,71,7,66,8,87,82,88,25,89,300,90,9,91,110,83.5
2026-04-18 12:32:08 PM,KXWTAMATCH-26APR19KOSPOD-KOS,80,626,77,38,76,7,71,7,66,8,87,157,88,25,89,300,90,9,91,110,83.5
2026-04-18 12:32:09 PM,KXWTAMATCH-26APR19KOSPOD-KOS,80,626,77,38,76,7,71,7,66,8,86,25,87,157,88,25,89,300,90,9,83.0
2026-04-18 12:32:09 PM,KXWTAMATCH-26APR19KOSPOD-KOS,80,626,77,38,76,7,71,7,66,8,86,25,87,157,88,25,89,300,91,110,83.0
2026-04-18 12:32:09 PM,KXWTAMATCH-26APR19KOSPOD-KOS,80,626,77,38,76,7,71,7,66,8,86,25,87,157,88,43,89,300,91,110,83.0
2026-04-18 12:32:09 PM,KXWTAMATCH-26APR19KOSPOD-KOS,80,626,77,38,76,7,71,7,66,8,86,25,88,43,89,300,91,110,92,1000,83.0
2026-04-18 12:32:09 PM,KXWTAMATCH-26APR19KOSPOD-KOS,80,626,77,38,76,7,71,7,66,8,86,25,88,43,89,300,90,9,91,110,83.0
2026-04-18 12:32:09 PM,KXWTAMATCH-26APR19KOSPOD-KOS,80,626,77,38,76,7,71,7,66,8,88,43,89,300,90,9,91,110,92,1000,84.0
2026-04-18 12:32:09 PM,KXWTAMATCH-26APR19KOSPOD-KOS,80,626,77,38,76,7,71,7,66,8,88,18,89,300,90,9,91,110,92,1000,84.0
2026-04-18 12:32:09 PM,KXWTAMATCH-26APR19KOSPOD-KOS,80,626,77,38,76,7,71,7,66,8,87,82,88,18,89,300,90,9,91,110,83.5
2026-04-18 12:32:09 PM,KXWTAMATCH-26APR19KOSPOD-KOS,80,626,77,38,76,7,71,7,66,8,87,157,88,18,89,300,90,9,91,110,83.5
2026-04-18 12:32:10 PM,KXWTAMATCH-26APR19KOSPOD-KOS,80,626,77,38,76,7,71,7,66,8,86,25,87,157,88,18,89,300,90,9,83.0
2026-04-18 12:32:10 PM,KXWTAMATCH-26APR19KOSPOD-KOS,80,626,77,38,76,7,71,7,66,8,86,25,87,157,88,43,89,300,90,9,83.0
2026-04-18 12:32:10 PM,KXWTAMATCH-26APR19KOSPOD-KOS,80,626,77,38,76,7,71,7,66,8,86,25,87,157,88,43,89,300,91,110,83.0
2026-04-18 12:32:10 PM,KXWTAMATCH-26APR19KOSPOD-KOS,80,626,77,38,76,7,71,7,66,8,86,25,88,43,89,300,91,110,92,1000,83.0
2026-04-18 12:32:10 PM,KXWTAMATCH-26APR19KOSPOD-KOS,80,626,77,38,76,7,71,7,66,8,86,25,88,43,89,300,90,9,91,110,83.0
2026-04-18 12:32:10 PM,KXWTAMATCH-26APR19KOSPOD-KOS,80,626,77,38,76,7,71,7,66,8,88,43,89,300,90,9,91,110,92,1000,84.0
2026-04-18 12:32:10 PM,KXWTAMATCH-26APR19KOSPOD-KOS,80,626,77,38,76,7,71,7,66,8,88,25,89,300,90,9,91,110,92,1000,84.0
2026-04-18 12:32:10 PM,KXWTAMATCH-26APR19KOSPOD-KOS,80,626,77,38,76,7,71,7,66,8,87,82,88,25,89,300,90,9,91,110,83.5
2026-04-18 12:32:10 PM,KXWTAMATCH-26APR19KOSPOD-KOS,80,626,77,38,76,7,71,7,66,8,87,157,88,25,89,300,90,9,91,110,83.5
2026-04-18 12:32:11 PM,KXWTAMATCH-26APR19KOSPOD-KOS,80,626,77,38,76,7,71,7,66,8,86,25,87,157,88,25,89,300,90,9,83.0
2026-04-18 12:32:11 PM,KXWTAMATCH-26APR19KOSPOD-KOS,80,626,77,38,76,7,71,7,66,8,86,25,87,157,88,43,89,300,90,9,83.0
2026-04-18 12:32:11 PM,KXWTAMATCH-26APR19KOSPOD-KOS,80,626,77,38,76,7,71,7,66,8,86,25,87,157,88,43,89,300,91,110,83.0
2026-04-18 12:32:11 PM,KXWTAMATCH-26APR19KOSPOD-KOS,80,626,77,38,76,7,71,7,66,8,86,25,88,43,89,300,91,110,92,1000,83.0
2026-04-18 12:32:11 PM,KXWTAMATCH-26APR19KOSPOD-KOS,80,626,77,38,76,7,71,7,66,8,86,25,88,43,89,300,90,9,91,110,83.0
2026-04-18 12:32:11 PM,KXWTAMATCH-26APR19KOSPOD-KOS,80,626,77,38,76,7,71,7,66,8,88,43,89,300,90,9,91,110,92,1000,84.0
2026-04-18 12:32:11 PM,KXWTAMATCH-26APR19KOSPOD-KOS,80,626,77,38,76,7,71,7,66,8,88,18,89,300,90,9,91,110,92,1000,84.0
2026-04-18 12:32:11 PM,KXWTAMATCH-26APR19KOSPOD-KOS,80,626,77,38,76,7,71,7,66,8,87,82,88,18,89,300,90,9,91,110,83.5
2026-04-18 12:32:11 PM,KXWTAMATCH-26APR19KOSPOD-KOS,80,626,77,38,76,7,71,7,66,8,87,157,88,18,89,300,90,9,91,110,83.5
2026-04-18 12:32:12 PM,KXWTAMATCH-26APR19KOSPOD-KOS,80,626,77,38,76,7,71,7,66,8,87,157,88,18,89,300,91,110,92,1000,83.5
2026-04-18 12:32:12 PM,KXWTAMATCH-26APR19KOSPOD-KOS,80,626,77,38,76,7,71,7,66,8,86,25,87,157,88,18,89,300,91,110,83.0
2026-04-18 12:32:12 PM,KXWTAMATCH-26APR19KOSPOD-KOS,80,626,77,38,76,7,71,7,66,8,86,25,87,157,88,43,89,300,91,110,83.0
2026-04-18 12:32:12 PM,KXWTAMATCH-26APR19KOSPOD-KOS,80,626,77,38,76,7,71,7,66,8,86,25,88,43,89,300,91,110,92,1000,83.0
2026-04-18 12:32:12 PM,KXWTAMATCH-26APR19KOSPOD-KOS,80,626,77,38,76,7,71,7,66,8,86,25,88,43,89,300,90,9,91,110,83.0
2026-04-18 12:32:12 PM,KXWTAMATCH-26APR19KOSPOD-KOS,80,626,77,38,76,7,71,7,66,8,88,43,89,300,90,9,91,110,92,1000,84.0
2026-04-18 12:32:12 PM,KXWTAMATCH-26APR19KOSPOD-KOS,80,626,77,38,76,7,71,7,66,8,88,25,89,300,90,9,91,110,92,1000,84.0
2026-04-18 12:32:12 PM,KXWTAMATCH-26APR19KOSPOD-KOS,80,626,77,38,76,7,71,7,66,8,87,82,88,25,89,300,90,9,91,110,83.5
2026-04-18 12:32:12 PM,KXWTAMATCH-26APR19KOSPOD-KOS,80,626,77,38,76,7,71,7,66,8,87,145,88,25,89,300,90,9,91,110,83.5
2026-04-18 12:32:12 PM,KXWTAMATCH-26APR19KOSPOD-KOS,80,626,77,38,76,7,71,7,66,8,88,25,89,300,90,9,91,110,92,1000,84.0
2026-04-18 12:32:12 PM,KXWTAMATCH-26APR19KOSPOD-KOS,80,626,77,38,76,7,71,7,66,8,86,25,88,25,89,300,90,9,91,110,83.0
2026-04-18 12:32:12 PM,KXWTAMATCH-26APR19KOSPOD-KOS,80,626,77,38,76,7,71,7,66,8,88,25,89,300,90,9,91,110,92,1000,84.0
2026-04-18 12:32:13 PM,KXWTAMATCH-26APR19KOSPOD-KOS,80,626,77,38,76,7,71,7,66,8,88,25,89,300,90,43,91,110,92,1000,84.0
2026-04-18 12:32:27 PM,KXWTAMATCH-26APR19KOSPOD-KOS,80,626,77,38,76,7,71,7,66,8,88,20,89,300,90,43,91,110,92,1000,84.0
2026-04-18 12:32:27 PM,KXWTAMATCH-26APR19KOSPOD-KOS,81,5,80,626,77,38,76,7,71,7,88,20,89,300,90,43,91,110,92,1000,84.5
2026-04-18 12:32:27 PM,KXWTAMATCH-26APR19KOSPOD-KOS,81,5,80,601,77,38,76,7,71,7,88,20,89,300,90,43,91,110,92,1000,84.5
2026-04-18 12:32:28 PM,KXWTAMATCH-26APR19KOSPOD-KOS,80,601,77,38,76,7,71,7,66,8,88,20,89,300,90,43,91,110,92,1000,84.0
2026-04-18 12:32:28 PM,KXWTAMATCH-26APR19KOSPOD-KOS,80,606,77,38,76,7,71,7,66,8,88,20,89,300,90,43,91,110,92,1000,84.0
2026-04-18 12:32:28 PM,KXWTAMATCH-26APR19KOSPOD-KOS,80,601,77,38,76,7,71,7,66,8,88,20,89,300,90,43,91,110,92,1000,84.0
2026-04-18 12:32:28 PM,KXWTAMATCH-26APR19KOSPOD-KOS,81,5,80,601,77,38,76,7,71,7,88,20,89,300,90,43,91,110,92,1000,84.5
2026-04-18 12:32:29 PM,KXWTAMATCH-26APR19KOSPOD-KOS,80,601,77,38,76,7,71,7,66,8,88,20,89,300,90,43,91,110,92,1000,84.0
2026-04-18 12:32:29 PM,KXWTAMATCH-26APR19KOSPOD-KOS,80,606,77,38,76,7,71,7,66,8,88,20,89,300,90,43,91,110,92,1000,84.0
2026-04-18 12:32:29 PM,KXWTAMATCH-26APR19KOSPOD-KOS,81,8,80,606,77,38,76,7,71,7,88,20,89,300,90,43,91,110,92,1000,84.5
2026-04-18 12:32:29 PM,KXWTAMATCH-26APR19KOSPOD-KOS,81,8,80,601,77,38,76,7,71,7,88,20,89,300,90,43,91,110,92,1000,84.5
2026-04-18 12:32:30 PM,KXWTAMATCH-26APR19KOSPOD-KOS,80,601,77,38,76,7,71,7,66,8,88,20,89,300,90,43,91,110,92,1000,84.0
2026-04-18 12:32:30 PM,KXWTAMATCH-26APR19KOSPOD-KOS,80,606,77,38,76,7,71,7,66,8,88,20,89,300,90,43,91,110,92,1000,84.0
2026-04-18 12:32:30 PM,KXWTAMATCH-26APR19KOSPOD-KOS,81,8,80,606,77,38,76,7,71,7,88,20,89,300,90,43,91,110,92,1000,84.5
2026-04-18 12:32:30 PM,KXWTAMATCH-26APR19KOSPOD-KOS,81,8,80,601,77,38,76,7,71,7,88,20,89,300,90,43,91,110,92,1000,84.5
2026-04-18 12:32:31 PM,KXWTAMATCH-26APR19KOSPOD-KOS,81,8,80,606,77,38,76,7,71,7,88,20,89,300,90,43,91,110,92,1000,84.5
2026-04-18 12:32:31 PM,KXWTAMATCH-26APR19KOSPOD-KOS,80,606,77,38,76,7,71,7,66,8,88,20,89,300,90,43,91,110,92,1000,84.0
2026-04-18 12:32:31 PM,KXWTAMATCH-26APR19KOSPOD-KOS,81,8,80,606,77,38,76,7,71,7,88,20,89,300,90,43,91,110,92,1000,84.5
2026-04-18 12:32:31 PM,KXWTAMATCH-26APR19KOSPOD-KOS,81,8,80,601,77,38,76,7,71,7,88,20,89,300,90,43,91,110,92,1000,84.5
2026-04-18 12:32:32 PM,KXWTAMATCH-26APR19KOSPOD-KOS,80,601,77,38,76,7,71,7,66,8,88,20,89,300,90,43,91,110,92,1000,84.0
2026-04-18 12:32:32 PM,KXWTAMATCH-26APR19KOSPOD-KOS,80,606,77,38,76,7,71,7,66,8,88,20,89,300,90,43,91,110,92,1000,84.0
2026-04-18 12:32:32 PM,KXWTAMATCH-26APR19KOSPOD-KOS,80,601,77,38,76,7,71,7,66,8,88,20,89,300,90,43,91,110,92,1000,84.0
2026-04-18 12:32:32 PM,KXWTAMATCH-26APR19KOSPOD-KOS,81,8,80,601,77,38,76,7,71,7,88,20,89,300,90,43,91,110,92,1000,84.5
2026-04-18 12:32:33 PM,KXWTAMATCH-26APR19KOSPOD-KOS,81,8,80,606,77,38,76,7,71,7,88,20,89,300,90,43,91,110,92,1000,84.5
2026-04-18 12:32:33 PM,KXWTAMATCH-26APR19KOSPOD-KOS,80,606,77,38,76,7,71,7,66,8,88,20,89,300,90,43,91,110,92,1000,84.0
2026-04-18 12:32:33 PM,KXWTAMATCH-26APR19KOSPOD-KOS,80,601,77,38,76,7,71,7,66,8,88,20,89,300,90,43,91,110,92,1000,84.0
2026-04-18 12:32:33 PM,KXWTAMATCH-26APR19KOSPOD-KOS,81,8,80,601,77,38,76,7,71,7,88,20,89,300,90,43,91,110,92,1000,84.5
2026-04-18 12:32:34 PM,KXWTAMATCH-26APR19KOSPOD-KOS,80,601,77,38,76,7,71,7,66,8,88,20,89,300,90,43,91,110,92,1000,84.0
2026-04-18 12:32:34 PM,KXWTAMATCH-26APR19KOSPOD-KOS,80,606,77,38,76,7,71,7,66,8,88,20,89,300,90,43,91,110,92,1000,84.0
2026-04-18 12:32:34 PM,KXWTAMATCH-26APR19KOSPOD-KOS,80,601,77,38,76,7,71,7,66,8,88,20,89,300,90,43,91,110,92,1000,84.0
2026-04-18 12:32:34 PM,KXWTAMATCH-26APR19KOSPOD-KOS,81,8,80,601,77,38,76,7,71,7,88,20,89,300,90,43,91,110,92,1000,84.5
2026-04-18 12:32:35 PM,KXWTAMATCH-26APR19KOSPOD-KOS,81,8,80,606,77,38,76,7,71,7,88,20,89,300,90,43,91,110,92,1000,84.5
2026-04-18 12:32:35 PM,KXWTAMATCH-26APR19KOSPOD-KOS,80,606,77,38,76,7,71,7,66,8,88,20,89,300,90,43,91,110,92,1000,84.0
2026-04-18 12:32:35 PM,KXWTAMATCH-26APR19KOSPOD-KOS,81,8,80,606,77,38,76,7,71,7,88,20,89,300,90,43,91,110,92,1000,84.5
2026-04-18 12:32:35 PM,KXWTAMATCH-26APR19KOSPOD-KOS,81,8,80,601,77,38,76,7,71,7,88,20,89,300,90,43,91,110,92,1000,84.5
2026-04-18 12:32:36 PM,KXWTAMATCH-26APR19KOSPOD-KOS,81,8,80,606,77,38,76,7,71,7,88,20,89,300,90,43,91,110,92,1000,84.5
2026-04-18 12:32:36 PM,KXWTAMATCH-26APR19KOSPOD-KOS,80,606,77,38,76,7,71,7,66,8,88,20,89,300,90,43,91,110,92,1000,84.0
2026-04-18 12:32:36 PM,KXWTAMATCH-26APR19KOSPOD-KOS,80,601,77,38,76,7,71,7,66,8,88,20,89,300,90,43,91,110,92,1000,84.0
2026-04-18 12:32:36 PM,KXWTAMATCH-26APR19KOSPOD-KOS,81,8,80,601,77,38,76,7,71,7,88,20,89,300,90,43,91,110,92,1000,84.5
2026-04-18 12:32:37 PM,KXWTAMATCH-26APR19KOSPOD-KOS,80,601,77,38,76,7,71,7,66,8,88,20,89,300,90,43,91,110,92,1000,84.0
2026-04-18 12:32:37 PM,KXWTAMATCH-26APR19KOSPOD-KOS,80,606,77,38,76,7,71,7,66,8,88,20,89,300,90,43,91,110,92,1000,84.0
2026-04-18 12:32:37 PM,KXWTAMATCH-26APR19KOSPOD-KOS,81,8,80,606,77,38,76,7,71,7,88,20,89,300,90,43,91,110,92,1000,84.5
2026-04-18 12:32:37 PM,KXWTAMATCH-26APR19KOSPOD-KOS,81,8,80,601,77,38,76,7,71,7,88,20,89,300,90,43,91,110,92,1000,84.5
2026-04-18 12:32:38 PM,KXWTAMATCH-26APR19KOSPOD-KOS,80,601,77,38,76,7,71,7,66,8,88,20,89,300,90,43,91,110,92,1000,84.0
2026-04-18 12:32:38 PM,KXWTAMATCH-26APR19KOSPOD-KOS,80,606,77,38,76,7,71,7,66,8,88,20,89,300,90,43,91,110,92,1000,84.0
2026-04-18 12:32:38 PM,KXWTAMATCH-26APR19KOSPOD-KOS,80,601,77,38,76,7,71,7,66,8,88,20,89,300,90,43,91,110,92,1000,84.0
2026-04-18 12:32:38 PM,KXWTAMATCH-26APR19KOSPOD-KOS,81,8,80,601,77,38,76,7,71,7,88,20,89,300,90,43,91,110,92,1000,84.5
2026-04-18 12:32:39 PM,KXWTAMATCH-26APR19KOSPOD-KOS,81,8,80,606,77,38,76,7,71,7,88,20,89,300,90,43,91,110,92,1000,84.5
2026-04-18 12:32:39 PM,KXWTAMATCH-26APR19KOSPOD-KOS,80,606,77,38,76,7,71,7,66,8,88,20,89,300,90,43,91,110,92,1000,84.0
2026-04-18 12:32:39 PM,KXWTAMATCH-26APR19KOSPOD-KOS,80,601,77,38,76,7,71,7,66,8,88,20,89,300,90,43,91,110,92,1000,84.0
2026-04-18 12:32:39 PM,KXWTAMATCH-26APR19KOSPOD-KOS,81,8,80,601,77,38,76,7,71,7,88,20,89,300,90,43,91,110,92,1000,84.5
2026-04-18 12:32:40 PM,KXWTAMATCH-26APR19KOSPOD-KOS,80,601,77,38,76,7,71,7,66,8,88,20,89,300,90,43,91,110,92,1000,84.0
2026-04-18 12:32:40 PM,KXWTAMATCH-26APR19KOSPOD-KOS,80,606,77,38,76,7,71,7,66,8,88,20,89,300,90,43,91,110,92,1000,84.0
2026-04-18 12:32:40 PM,KXWTAMATCH-26APR19KOSPOD-KOS,81,8,80,606,77,38,76,7,71,7,88,20,89,300,90,43,91,110,92,1000,84.5
2026-04-18 12:32:40 PM,KXWTAMATCH-26APR19KOSPOD-KOS,81,8,80,601,77,38,76,7,71,7,88,20,89,300,90,43,91,110,92,1000,84.5
2026-04-18 12:32:41 PM,KXWTAMATCH-26APR19KOSPOD-KOS,80,601,77,38,76,7,71,7,66,8,88,20,89,300,90,43,91,110,92,1000,84.0
2026-04-18 12:32:41 PM,KXWTAMATCH-26APR19KOSPOD-KOS,80,606,77,38,76,7,71,7,66,8,88,20,89,300,90,43,91,110,92,1000,84.0
2026-04-18 12:32:41 PM,KXWTAMATCH-26APR19KOSPOD-KOS,81,8,80,606,77,38,76,7,71,7,88,20,89,300,90,43,91,110,92,1000,84.5
2026-04-18 12:32:41 PM,KXWTAMATCH-26APR19KOSPOD-KOS,81,8,80,601,77,38,76,7,71,7,88,20,89,300,90,43,91,110,92,1000,84.5
2026-04-18 12:32:42 PM,KXWTAMATCH-26APR19KOSPOD-KOS,81,8,80,606,77,38,76,7,71,7,88,20,89,300,90,43,91,110,92,1000,84.5
2026-04-18 12:32:42 PM,KXWTAMATCH-26APR19KOSPOD-KOS,80,606,77,38,76,7,71,7,66,8,88,20,89,300,90,43,91,110,92,1000,84.0
2026-04-18 12:32:42 PM,KXWTAMATCH-26APR19KOSPOD-KOS,81,8,80,606,77,38,76,7,71,7,88,20,89,300,90,43,91,110,92,1000,84.5
2026-04-18 12:32:42 PM,KXWTAMATCH-26APR19KOSPOD-KOS,81,8,80,601,77,38,76,7,71,7,88,20,89,300,90,43,91,110,92,1000,84.5
2026-04-18 12:32:43 PM,KXWTAMATCH-26APR19KOSPOD-KOS,80,601,77,38,76,7,71,7,66,8,88,20,89,300,90,43,91,110,92,1000,84.0
2026-04-18 12:32:43 PM,KXWTAMATCH-26APR19KOSPOD-KOS,80,606,77,38,76,7,71,7,66,8,88,20,89,300,90,43,91,110,92,1000,84.0
2026-04-18 12:32:43 PM,KXWTAMATCH-26APR19KOSPOD-KOS,81,8,80,606,77,38,76,7,71,7,88,20,89,300,90,43,91,110,92,1000,84.5
2026-04-18 12:32:43 PM,KXWTAMATCH-26APR19KOSPOD-KOS,81,8,80,601,77,38,76,7,71,7,88,20,89,300,90,43,91,110,92,1000,84.5
2026-04-18 12:32:44 PM,KXWTAMATCH-26APR19KOSPOD-KOS,80,601,77,38,76,7,71,7,66,8,88,20,89,300,90,43,91,110,92,1000,84.0
2026-04-18 12:32:44 PM,KXWTAMATCH-26APR19KOSPOD-KOS,80,606,77,38,76,7,71,7,66,8,88,20,89,300,90,43,91,110,92,1000,84.0
2026-04-18 12:32:44 PM,KXWTAMATCH-26APR19KOSPOD-KOS,80,601,77,38,76,7,71,7,66,8,88,20,89,300,90,43,91,110,92,1000,84.0
2026-04-18 12:32:44 PM,KXWTAMATCH-26APR19KOSPOD-KOS,81,8,80,601,77,38,76,7,71,7,88,20,89,300,90,43,91,110,92,1000,84.5
2026-04-18 12:32:45 PM,KXWTAMATCH-26APR19KOSPOD-KOS,81,8,80,606,77,38,76,7,71,7,88,20,89,300,90,43,91,110,92,1000,84.5
2026-04-18 12:32:45 PM,KXWTAMATCH-26APR19KOSPOD-KOS,80,606,77,38,76,7,71,7,66,8,88,20,89,300,90,43,91,110,92,1000,84.0
2026-04-18 12:32:45 PM,KXWTAMATCH-26APR19KOSPOD-KOS,81,8,80,606,77,38,76,7,71,7,88,20,89,300,90,43,91,110,92,1000,84.5
2026-04-18 12:32:45 PM,KXWTAMATCH-26APR19KOSPOD-KOS,81,8,80,601,77,38,76,7,71,7,88,20,89,300,90,43,91,110,92,1000,84.5
2026-04-18 12:32:46 PM,KXWTAMATCH-26APR19KOSPOD-KOS,80,601,77,38,76,7,71,7,66,8,88,20,89,300,90,43,91,110,92,1000,84.0
2026-04-18 12:32:46 PM,KXWTAMATCH-26APR19KOSPOD-KOS,80,606,77,38,76,7,71,7,66,8,88,20,89,300,90,43,91,110,92,1000,84.0
2026-04-18 12:32:46 PM,KXWTAMATCH-26APR19KOSPOD-KOS,81,8,80,606,77,38,76,7,71,7,88,20,89,300,90,43,91,110,92,1000,84.5
2026-04-18 12:32:46 PM,KXWTAMATCH-26APR19KOSPOD-KOS,81,8,80,601,77,38,76,7,71,7,88,20,89,300,90,43,91,110,92,1000,84.5
2026-04-18 12:32:47 PM,KXWTAMATCH-26APR19KOSPOD-KOS,80,601,77,38,76,7,71,7,66,8,88,20,89,300,90,43,91,110,92,1000,84.0
2026-04-18 12:32:47 PM,KXWTAMATCH-26APR19KOSPOD-KOS,80,606,77,38,76,7,71,7,66,8,88,20,89,300,90,43,91,110,92,1000,84.0
2026-04-18 12:32:47 PM,KXWTAMATCH-26APR19KOSPOD-KOS,80,601,77,38,76,7,71,7,66,8,88,20,89,300,90,43,91,110,92,1000,84.0
2026-04-18 12:32:47 PM,KXWTAMATCH-26APR19KOSPOD-KOS,81,8,80,601,77,38,76,7,71,7,88,20,89,300,90,43,91,110,92,1000,84.5
2026-04-18 12:32:48 PM,KXWTAMATCH-26APR19KOSPOD-KOS,81,8,80,606,77,38,76,7,71,7,88,20,89,300,90,43,91,110,92,1000,84.5
2026-04-18 12:32:48 PM,KXWTAMATCH-26APR19KOSPOD-KOS,80,606,77,38,76,7,71,7,66,8,88,20,89,300,90,43,91,110,92,1000,84.0
2026-04-18 12:32:48 PM,KXWTAMATCH-26APR19KOSPOD-KOS,80,601,77,38,76,7,71,7,66,8,88,20,89,300,90,43,91,110,92,1000,84.0
2026-04-18 12:32:48 PM,KXWTAMATCH-26APR19KOSPOD-KOS,81,8,80,601,77,38,76,7,71,7,88,20,89,300,90,43,91,110,92,1000,84.5
2026-04-18 12:32:49 PM,KXWTAMATCH-26APR19KOSPOD-KOS,80,601,77,38,76,7,71,7,66,8,88,20,89,300,90,43,91,110,92,1000,84.0
2026-04-18 12:32:49 PM,KXWTAMATCH-26APR19KOSPOD-KOS,80,606,77,38,76,7,71,7,66,8,88,20,89,300,90,43,91,110,92,1000,84.0
2026-04-18 12:32:49 PM,KXWTAMATCH-26APR19KOSPOD-KOS,81,8,80,606,77,38,76,7,71,7,88,20,89,300,90,43,91,110,92,1000,84.5
2026-04-18 12:32:49 PM,KXWTAMATCH-26APR19KOSPOD-KOS,81,8,80,601,77,38,76,7,71,7,88,20,89,300,90,43,91,110,92,1000,84.5
2026-04-18 12:32:50 PM,KXWTAMATCH-26APR19KOSPOD-KOS,80,601,77,38,76,7,71,7,66,8,88,20,89,300,90,43,91,110,92,1000,84.0
2026-04-18 12:32:50 PM,KXWTAMATCH-26APR19KOSPOD-KOS,80,606,77,38,76,7,71,7,66,8,88,20,89,300,90,43,91,110,92,1000,84.0
2026-04-18 12:32:50 PM,KXWTAMATCH-26APR19KOSPOD-KOS,81,8,80,606,77,38,76,7,71,7,88,20,89,300,90,43,91,110,92,1000,84.5
2026-04-18 12:32:50 PM,KXWTAMATCH-26APR19KOSPOD-KOS,81,8,80,601,77,38,76,7,71,7,88,20,89,300,90,43,91,110,92,1000,84.5
2026-04-18 12:32:51 PM,KXWTAMATCH-26APR19KOSPOD-KOS,81,8,80,606,77,38,76,7,71,7,88,20,89,300,90,43,91,110,92,1000,84.5
2026-04-18 12:32:51 PM,KXWTAMATCH-26APR19KOSPOD-KOS,80,606,77,38,76,7,71,7,66,8,88,20,89,300,90,43,91,110,92,1000,84.0
2026-04-18 12:32:51 PM,KXWTAMATCH-26APR19KOSPOD-KOS,80,601,77,38,76,7,71,7,66,8,88,20,89,300,90,43,91,110,92,1000,84.0
2026-04-18 12:32:51 PM,KXWTAMATCH-26APR19KOSPOD-KOS,81,8,80,601,77,38,76,7,71,7,88,20,89,300,90,43,91,110,92,1000,84.5
2026-04-18 12:32:52 PM,KXWTAMATCH-26APR19KOSPOD-KOS,80,601,77,38,76,7,71,7,66,8,88,20,89,300,90,43,91,110,92,1000,84.0
2026-04-18 12:32:52 PM,KXWTAMATCH-26APR19KOSPOD-KOS,80,606,77,38,76,7,71,7,66,8,88,20,89,300,90,43,91,110,92,1000,84.0
2026-04-18 12:32:52 PM,KXWTAMATCH-26APR19KOSPOD-KOS,81,8,80,606,77,38,76,7,71,7,88,20,89,300,90,43,91,110,92,1000,84.5
2026-04-18 12:32:52 PM,KXWTAMATCH-26APR19KOSPOD-KOS,81,8,80,601,77,38,76,7,71,7,88,20,89,300,90,43,91,110,92,1000,84.5
2026-04-18 12:32:53 PM,KXWTAMATCH-26APR19KOSPOD-KOS,81,8,80,606,77,38,76,7,71,7,88,20,89,300,90,43,91,110,92,1000,84.5
2026-04-18 12:32:53 PM,KXWTAMATCH-26APR19KOSPOD-KOS,80,606,77,38,76,7,71,7,66,8,88,20,89,300,90,43,91,110,92,1000,84.0
2026-04-18 12:32:53 PM,KXWTAMATCH-26APR19KOSPOD-KOS,80,601,77,38,76,7,71,7,66,8,88,20,89,300,90,43,91,110,92,1000,84.0
2026-04-18 12:32:53 PM,KXWTAMATCH-26APR19KOSPOD-KOS,81,5,80,601,77,38,76,7,71,7,88,20,89,300,90,43,91,110,92,1000,84.5
2026-04-18 12:32:54 PM,KXWTAMATCH-26APR19KOSPOD-KOS,80,601,77,38,76,7,71,7,66,8,88,20,89,300,90,43,91,110,92,1000,84.0
2026-04-18 12:32:54 PM,KXWTAMATCH-26APR19KOSPOD-KOS,80,606,77,38,76,7,71,7,66,8,88,20,89,300,90,43,91,110,92,1000,84.0
2026-04-18 12:32:54 PM,KXWTAMATCH-26APR19KOSPOD-KOS,81,8,80,606,77,38,76,7,71,7,88,20,89,300,90,43,91,110,92,1000,84.5
2026-04-18 12:32:54 PM,KXWTAMATCH-26APR19KOSPOD-KOS,81,8,80,601,77,38,76,7,71,7,88,20,89,300,90,43,91,110,92,1000,84.5
2026-04-18 12:32:55 PM,KXWTAMATCH-26APR19KOSPOD-KOS,80,601,77,38,76,7,71,7,66,8,88,20,89,300,90,43,91,110,92,1000,84.0
2026-04-18 12:32:55 PM,KXWTAMATCH-26APR19KOSPOD-KOS,80,606,77,38,76,7,71,7,66,8,88,20,89,300,90,43,91,110,92,1000,84.0
2026-04-18 12:32:55 PM,KXWTAMATCH-26APR19KOSPOD-KOS,81,8,80,606,77,38,76,7,71,7,88,20,89,300,90,43,91,110,92,1000,84.5
2026-04-18 12:32:55 PM,KXWTAMATCH-26APR19KOSPOD-KOS,81,8,80,601,77,38,76,7,71,7,88,20,89,300,90,43,91,110,92,1000,84.5
2026-04-18 12:32:56 PM,KXWTAMATCH-26APR19KOSPOD-KOS,81,8,80,606,77,38,76,7,71,7,88,20,89,300,90,43,91,110,92,1000,84.5
2026-04-18 12:32:56 PM,KXWTAMATCH-26APR19KOSPOD-KOS,80,606,77,38,76,7,71,7,66,8,88,20,89,300,90,43,91,110,92,1000,84.0
2026-04-18 12:32:56 PM,KXWTAMATCH-26APR19KOSPOD-KOS,80,601,77,38,76,7,71,7,66,8,88,20,89,300,90,43,91,110,92,1000,84.0
2026-04-18 12:32:56 PM,KXWTAMATCH-26APR19KOSPOD-KOS,81,8,80,601,77,38,76,7,71,7,88,20,89,300,90,43,91,110,92,1000,84.5
2026-04-18 12:32:57 PM,KXWTAMATCH-26APR19KOSPOD-KOS,80,601,77,38,76,7,71,7,66,8,88,20,89,300,90,43,91,110,92,1000,84.0
2026-04-18 12:32:57 PM,KXWTAMATCH-26APR19KOSPOD-KOS,80,606,77,38,76,7,71,7,66,8,88,20,89,300,90,43,91,110,92,1000,84.0
2026-04-18 12:32:57 PM,KXWTAMATCH-26APR19KOSPOD-KOS,81,8,80,606,77,38,76,7,71,7,88,20,89,300,90,43,91,110,92,1000,84.5
2026-04-18 12:32:57 PM,KXWTAMATCH-26APR19KOSPOD-KOS,81,8,80,601,77,38,76,7,71,7,88,20,89,300,90,43,91,110,92,1000,84.5
2026-04-18 12:32:58 PM,KXWTAMATCH-26APR19KOSPOD-KOS,81,8,80,606,77,38,76,7,71,7,88,20,89,300,90,43,91,110,92,1000,84.5
2026-04-18 12:32:58 PM,KXWTAMATCH-26APR19KOSPOD-KOS,80,606,77,38,76,7,71,7,66,8,88,20,89,300,90,43,91,110,92,1000,84.0
2026-04-18 12:32:58 PM,KXWTAMATCH-26APR19KOSPOD-KOS,80,601,77,38,76,7,71,7,66,8,88,20,89,300,90,43,91,110,92,1000,84.0
2026-04-18 12:32:58 PM,KXWTAMATCH-26APR19KOSPOD-KOS,81,8,80,601,77,38,76,7,71,7,88,20,89,300,90,43,91,110,92,1000,84.5
2026-04-18 12:32:59 PM,KXWTAMATCH-26APR19KOSPOD-KOS,80,601,77,38,76,7,71,7,66,8,88,20,89,300,90,43,91,110,92,1000,84.0
2026-04-18 12:32:59 PM,KXWTAMATCH-26APR19KOSPOD-KOS,80,606,77,38,76,7,71,7,66,8,88,20,89,300,90,43,91,110,92,1000,84.0
2026-04-18 12:32:59 PM,KXWTAMATCH-26APR19KOSPOD-KOS,81,8,80,606,77,38,76,7,71,7,88,20,89,300,90,43,91,110,92,1000,84.5
2026-04-18 12:32:59 PM,KXWTAMATCH-26APR19KOSPOD-KOS,81,8,80,601,77,38,76,7,71,7,88,20,89,300,90,43,91,110,92,1000,84.5
2026-04-18 12:33:00 PM,KXWTAMATCH-26APR19KOSPOD-KOS,81,8,80,606,77,38,76,7,71,7,88,20,89,300,90,43,91,110,92,1000,84.5
2026-04-18 12:33:00 PM,KXWTAMATCH-26APR19KOSPOD-KOS,80,606,77,38,76,7,71,7,66,8,88,20,89,300,90,43,91,110,92,1000,84.0
2026-04-18 12:33:00 PM,KXWTAMATCH-26APR19KOSPOD-KOS,81,8,80,606,77,38,76,7,71,7,88,20,89,300,90,43,91,110,92,1000,84.5
2026-04-18 12:33:00 PM,KXWTAMATCH-26APR19KOSPOD-KOS,81,8,80,601,77,38,76,7,71,7,88,20,89,300,90,43,91,110,92,1000,84.5
2026-04-18 12:33:01 PM,KXWTAMATCH-26APR19KOSPOD-KOS,81,8,80,606,77,38,76,7,71,7,88,20,89,300,90,43,91,110,92,1000,84.5
2026-04-18 12:33:01 PM,KXWTAMATCH-26APR19KOSPOD-KOS,80,606,77,38,76,7,71,7,66,8,88,20,89,300,90,43,91,110,92,1000,84.0
2026-04-18 12:33:01 PM,KXWTAMATCH-26APR19KOSPOD-KOS,80,601,77,38,76,7,71,7,66,8,88,20,89,300,90,43,91,110,92,1000,84.0
2026-04-18 12:33:01 PM,KXWTAMATCH-26APR19KOSPOD-KOS,81,8,80,601,77,38,76,7,71,7,88,20,89,300,90,43,91,110,92,1000,84.5
2026-04-18 12:33:02 PM,KXWTAMATCH-26APR19KOSPOD-KOS,80,601,77,38,76,7,71,7,66,8,88,20,89,300,90,43,91,110,92,1000,84.0
2026-04-18 12:33:02 PM,KXWTAMATCH-26APR19KOSPOD-KOS,80,606,77,38,76,7,71,7,66,8,88,20,89,300,90,43,91,110,92,1000,84.0
2026-04-18 12:33:02 PM,KXWTAMATCH-26APR19KOSPOD-KOS,81,8,80,606,77,38,76,7,71,7,88,20,89,300,90,43,91,110,92,1000,84.5
2026-04-18 12:33:02 PM,KXWTAMATCH-26APR19KOSPOD-KOS,81,8,80,601,77,38,76,7,71,7,88,20,89,300,90,43,91,110,92,1000,84.5
2026-04-18 12:33:03 PM,KXWTAMATCH-26APR19KOSPOD-KOS,80,601,77,38,76,7,71,7,66,8,88,20,89,300,90,43,91,110,92,1000,84.0
2026-04-18 12:33:03 PM,KXWTAMATCH-26APR19KOSPOD-KOS,80,606,77,38,76,7,71,7,66,8,88,20,89,300,90,43,91,110,92,1000,84.0
2026-04-18 12:33:03 PM,KXWTAMATCH-26APR19KOSPOD-KOS,81,8,80,606,77,38,76,7,71,7,88,20,89,300,90,43,91,110,92,1000,84.5
2026-04-18 12:33:03 PM,KXWTAMATCH-26APR19KOSPOD-KOS,81,8,80,601,77,38,76,7,71,7,88,20,89,300,90,43,91,110,92,1000,84.5
2026-04-18 12:33:04 PM,KXWTAMATCH-26APR19KOSPOD-KOS,81,8,80,606,77,38,76,7,71,7,88,20,89,300,90,43,91,110,92,1000,84.5
2026-04-18 12:33:04 PM,KXWTAMATCH-26APR19KOSPOD-KOS,80,606,77,38,76,7,71,7,66,8,88,20,89,300,90,43,91,110,92,1000,84.0
2026-04-18 12:33:04 PM,KXWTAMATCH-26APR19KOSPOD-KOS,80,601,77,38,76,7,71,7,66,8,88,20,89,300,90,43,91,110,92,1000,84.0
2026-04-18 12:33:04 PM,KXWTAMATCH-26APR19KOSPOD-KOS,81,8,80,601,77,38,76,7,71,7,88,20,89,300,90,43,91,110,92,1000,84.5
2026-04-18 12:33:05 PM,KXWTAMATCH-26APR19KOSPOD-KOS,80,601,77,38,76,7,71,7,66,8,88,20,89,300,90,43,91,110,92,1000,84.0
2026-04-18 12:33:05 PM,KXWTAMATCH-26APR19KOSPOD-KOS,80,606,77,38,76,7,71,7,66,8,88,20,89,300,90,43,91,110,92,1000,84.0
2026-04-18 12:33:05 PM,KXWTAMATCH-26APR19KOSPOD-KOS,80,601,77,38,76,7,71,7,66,8,88,20,89,300,90,43,91,110,92,1000,84.0
2026-04-18 12:33:05 PM,KXWTAMATCH-26APR19KOSPOD-KOS,81,8,80,601,77,38,76,7,71,7,88,20,89,300,90,43,91,110,92,1000,84.5
2026-04-18 12:33:06 PM,KXWTAMATCH-26APR19KOSPOD-KOS,80,601,77,38,76,7,71,7,66,8,88,20,89,300,90,43,91,110,92,1000,84.0
2026-04-18 12:33:06 PM,KXWTAMATCH-26APR19KOSPOD-KOS,80,606,77,38,76,7,71,7,66,8,88,20,89,300,90,43,91,110,92,1000,84.0
2026-04-18 12:33:06 PM,KXWTAMATCH-26APR19KOSPOD-KOS,81,8,80,606,77,38,76,7,71,7,88,20,89,300,90,43,91,110,92,1000,84.5
2026-04-18 12:33:06 PM,KXWTAMATCH-26APR19KOSPOD-KOS,81,8,80,601,77,38,76,7,71,7,88,20,89,300,90,43,91,110,92,1000,84.5
2026-04-18 12:33:07 PM,KXWTAMATCH-26APR19KOSPOD-KOS,81,8,80,606,77,38,76,7,71,7,88,20,89,300,90,43,91,110,92,1000,84.5
2026-04-18 12:33:07 PM,KXWTAMATCH-26APR19KOSPOD-KOS,80,606,77,38,76,7,71,7,66,8,88,20,89,300,90,43,91,110,92,1000,84.0
2026-04-18 12:33:07 PM,KXWTAMATCH-26APR19KOSPOD-KOS,81,8,80,606,77,38,76,7,71,7,88,20,89,300,90,43,91,110,92,1000,84.5
2026-04-18 12:33:07 PM,KXWTAMATCH-26APR19KOSPOD-KOS,81,8,80,601,77,38,76,7,71,7,88,20,89,300,90,43,91,110,92,1000,84.5
2026-04-18 12:33:08 PM,KXWTAMATCH-26APR19KOSPOD-KOS,80,601,77,38,76,7,71,7,66,8,88,20,89,300,90,43,91,110,92,1000,84.0
2026-04-18 12:33:08 PM,KXWTAMATCH-26APR19KOSPOD-KOS,80,606,77,38,76,7,71,7,66,8,88,20,89,300,90,43,91,110,92,1000,84.0
2026-04-18 12:33:08 PM,KXWTAMATCH-26APR19KOSPOD-KOS,80,601,77,38,76,7,71,7,66,8,88,20,89,300,90,43,91,110,92,1000,84.0
2026-04-18 12:33:08 PM,KXWTAMATCH-26APR19KOSPOD-KOS,81,8,80,601,77,38,76,7,71,7,88,20,89,300,90,43,91,110,92,1000,84.5
2026-04-18 12:33:09 PM,KXWTAMATCH-26APR19KOSPOD-KOS,81,8,80,606,77,38,76,7,71,7,88,20,89,300,90,43,91,110,92,1000,84.5
2026-04-18 12:33:09 PM,KXWTAMATCH-26APR19KOSPOD-KOS,80,606,77,38,76,7,71,7,66,8,88,20,89,300,90,43,91,110,92,1000,84.0
2026-04-18 12:33:09 PM,KXWTAMATCH-26APR19KOSPOD-KOS,80,601,77,38,76,7,71,7,66,8,88,20,89,300,90,43,91,110,92,1000,84.0
2026-04-18 12:33:09 PM,KXWTAMATCH-26APR19KOSPOD-KOS,81,8,80,601,77,38,76,7,71,7,88,20,89,300,90,43,91,110,92,1000,84.5
2026-04-18 12:33:10 PM,KXWTAMATCH-26APR19KOSPOD-KOS,80,601,77,38,76,7,71,7,66,8,88,20,89,300,90,43,91,110,92,1000,84.0
2026-04-18 12:33:10 PM,KXWTAMATCH-26APR19KOSPOD-KOS,80,606,77,38,76,7,71,7,66,8,88,20,89,300,90,43,91,110,92,1000,84.0
2026-04-18 12:33:10 PM,KXWTAMATCH-26APR19KOSPOD-KOS,81,8,80,606,77,38,76,7,71,7,88,20,89,300,90,43,91,110,92,1000,84.5
2026-04-18 12:33:10 PM,KXWTAMATCH-26APR19KOSPOD-KOS,81,8,80,601,77,38,76,7,71,7,88,20,89,300,90,43,91,110,92,1000,84.5
2026-04-18 12:33:11 PM,KXWTAMATCH-26APR19KOSPOD-KOS,80,601,77,38,76,7,71,7,66,8,88,20,89,300,90,43,91,110,92,1000,84.0
2026-04-18 12:33:11 PM,KXWTAMATCH-26APR19KOSPOD-KOS,80,606,77,38,76,7,71,7,66,8,88,20,89,300,90,43,91,110,92,1000,84.0
2026-04-18 12:33:11 PM,KXWTAMATCH-26APR19KOSPOD-KOS,81,8,80,606,77,38,76,7,71,7,88,20,89,300,90,43,91,110,92,1000,84.5
2026-04-18 12:33:12 PM,KXWTAMATCH-26APR19KOSPOD-KOS,81,8,80,601,77,38,76,7,71,7,88,20,89,300,90,43,91,110,92,1000,84.5
2026-04-18 12:33:12 PM,KXWTAMATCH-26APR19KOSPOD-KOS,81,8,80,606,77,38,76,7,71,7,88,20,89,300,90,43,91,110,92,1000,84.5
2026-04-18 12:33:12 PM,KXWTAMATCH-26APR19KOSPOD-KOS,80,606,77,38,76,7,71,7,66,8,88,20,89,300,90,43,91,110,92,1000,84.0
2026-04-18 12:33:13 PM,KXWTAMATCH-26APR19KOSPOD-KOS,80,601,77,38,76,7,71,7,66,8,88,20,89,300,90,43,91,110,92,1000,84.0
2026-04-18 12:33:13 PM,KXWTAMATCH-26APR19KOSPOD-KOS,81,8,80,601,77,38,76,7,71,7,88,20,89,300,90,43,91,110,92,1000,84.5
2026-04-18 12:33:13 PM,KXWTAMATCH-26APR19KOSPOD-KOS,81,8,80,606,77,38,76,7,71,7,88,20,89,300,90,43,91,110,92,1000,84.5
2026-04-18 12:33:13 PM,KXWTAMATCH-26APR19KOSPOD-KOS,80,606,77,38,76,7,71,7,66,8,88,20,89,300,90,43,91,110,92,1000,84.0
2026-04-18 12:33:13 PM,KXWTAMATCH-26APR19KOSPOD-KOS,80,601,77,38,76,7,71,7,66,8,88,20,89,300,90,43,91,110,92,1000,84.0
2026-04-18 12:33:14 PM,KXWTAMATCH-26APR19KOSPOD-KOS,81,8,80,601,77,38,76,7,71,7,88,20,89,300,90,43,91,110,92,1000,84.5
2026-04-18 12:33:14 PM,KXWTAMATCH-26APR19KOSPOD-KOS,81,8,80,606,77,38,76,7,71,7,88,20,89,300,90,43,91,110,92,1000,84.5
2026-04-18 12:33:14 PM,KXWTAMATCH-26APR19KOSPOD-KOS,80,606,77,38,76,7,71,7,66,8,88,20,89,300,90,43,91,110,92,1000,84.0
2026-04-18 12:33:14 PM,KXWTAMATCH-26APR19KOSPOD-KOS,80,601,77,38,76,7,71,7,66,8,88,20,89,300,90,43,91,110,92,1000,84.0
2026-04-18 12:33:15 PM,KXWTAMATCH-26APR19KOSPOD-KOS,81,8,80,601,77,38,76,7,71,7,88,20,89,300,90,43,91,110,92,1000,84.5
2026-04-18 12:33:15 PM,KXWTAMATCH-26APR19KOSPOD-KOS,80,601,77,38,76,7,71,7,66,8,88,20,89,300,90,43,91,110,92,1000,84.0
2026-04-18 12:33:15 PM,KXWTAMATCH-26APR19KOSPOD-KOS,80,606,77,38,76,7,71,7,66,8,88,20,89,300,90,43,91,110,92,1000,84.0
2026-04-18 12:33:16 PM,KXWTAMATCH-26APR19KOSPOD-KOS,81,8,80,606,77,38,76,7,71,7,88,20,89,300,90,43,91,110,92,1000,84.5
2026-04-18 12:33:16 PM,KXWTAMATCH-26APR19KOSPOD-KOS,81,8,80,601,77,38,76,7,71,7,88,20,89,300,90,43,91,110,92,1000,84.5
2026-04-18 12:33:16 PM,KXWTAMATCH-26APR19KOSPOD-KOS,80,601,77,38,76,7,71,7,66,8,88,20,89,300,90,43,91,110,92,1000,84.0
2026-04-18 12:33:16 PM,KXWTAMATCH-26APR19KOSPOD-KOS,80,606,77,38,76,7,71,7,66,8,88,20,89,300,90,43,91,110,92,1000,84.0
2026-04-18 12:33:17 PM,KXWTAMATCH-26APR19KOSPOD-KOS,80,601,77,38,76,7,71,7,66,8,88,20,89,300,90,43,91,110,92,1000,84.0
2026-04-18 12:33:17 PM,KXWTAMATCH-26APR19KOSPOD-KOS,81,8,80,601,77,38,76,7,71,7,88,20,89,300,90,43,91,110,92,1000,84.5
2026-04-18 12:33:17 PM,KXWTAMATCH-26APR19KOSPOD-KOS,81,8,80,606,77,38,76,7,71,7,88,20,89,300,90,43,91,110,92,1000,84.5
2026-04-18 12:33:17 PM,KXWTAMATCH-26APR19KOSPOD-KOS,80,606,77,38,76,7,71,7,66,8,88,20,89,300,90,43,91,110,92,1000,84.0
2026-04-18 12:33:18 PM,KXWTAMATCH-26APR19KOSPOD-KOS,81,8,80,606,77,38,76,7,71,7,88,20,89,300,90,43,91,110,92,1000,84.5
2026-04-18 12:33:18 PM,KXWTAMATCH-26APR19KOSPOD-KOS,81,8,80,601,77,38,76,7,71,7,88,20,89,300,90,43,91,110,92,1000,84.5
2026-04-18 12:33:18 PM,KXWTAMATCH-26APR19KOSPOD-KOS,80,601,77,38,76,7,71,7,66,8,88,20,89,300,90,43,91,110,92,1000,84.0
2026-04-18 12:33:18 PM,KXWTAMATCH-26APR19KOSPOD-KOS,80,606,77,38,76,7,71,7,66,8,88,20,89,300,90,43,91,110,92,1000,84.0
2026-04-18 12:33:19 PM,KXWTAMATCH-26APR19KOSPOD-KOS,80,601,77,38,76,7,71,7,66,8,88,20,89,300,90,43,91,110,92,1000,84.0
2026-04-18 12:33:19 PM,KXWTAMATCH-26APR19KOSPOD-KOS,81,8,80,601,77,38,76,7,71,7,88,20,89,300,90,43,91,110,92,1000,84.5
2026-04-18 12:33:19 PM,KXWTAMATCH-26APR19KOSPOD-KOS,80,601,77,38,76,7,71,7,66,8,88,20,89,300,90,43,91,110,92,1000,84.0
2026-04-18 12:33:19 PM,KXWTAMATCH-26APR19KOSPOD-KOS,80,606,77,38,76,7,71,7,66,8,88,20,89,300,90,43,91,110,92,1000,84.0
2026-04-18 12:33:20 PM,KXWTAMATCH-26APR19KOSPOD-KOS,80,601,77,38,76,7,71,7,66,8,88,20,89,300,90,43,91,110,92,1000,84.0
2026-04-18 12:33:20 PM,KXWTAMATCH-26APR19KOSPOD-KOS,81,8,80,601,77,38,76,7,71,7,88,20,89,300,90,43,91,110,92,1000,84.5
2026-04-18 12:33:20 PM,KXWTAMATCH-26APR19KOSPOD-KOS,81,8,80,606,77,38,76,7,71,7,88,20,89,300,90,43,91,110,92,1000,84.5
2026-04-18 12:33:20 PM,KXWTAMATCH-26APR19KOSPOD-KOS,80,606,77,38,76,7,71,7,66,8,88,20,89,300,90,43,91,110,92,1000,84.0
2026-04-18 12:33:21 PM,KXWTAMATCH-26APR19KOSPOD-KOS,80,601,77,38,76,7,71,7,66,8,88,20,89,300,90,43,91,110,92,1000,84.0
2026-04-18 12:33:21 PM,KXWTAMATCH-26APR19KOSPOD-KOS,81,8,80,601,77,38,76,7,71,7,88,20,89,300,90,43,91,110,92,1000,84.5
2026-04-18 12:33:21 PM,KXWTAMATCH-26APR19KOSPOD-KOS,81,8,80,606,77,38,76,7,71,7,88,20,89,300,90,43,91,110,92,1000,84.5
2026-04-18 12:33:21 PM,KXWTAMATCH-26APR19KOSPOD-KOS,80,606,77,38,76,7,71,7,66,8,88,20,89,300,90,43,91,110,92,1000,84.0
2026-04-18 12:33:22 PM,KXWTAMATCH-26APR19KOSPOD-KOS,81,8,80,606,77,38,76,7,71,7,88,20,89,300,90,43,91,110,92,1000,84.5
2026-04-18 12:33:22 PM,KXWTAMATCH-26APR19KOSPOD-KOS,81,8,80,601,77,38,76,7,71,7,88,20,89,300,90,43,91,110,92,1000,84.5
2026-04-18 12:33:22 PM,KXWTAMATCH-26APR19KOSPOD-KOS,81,8,80,606,77,38,76,7,71,7,88,20,89,300,90,43,91,110,92,1000,84.5
2026-04-18 12:33:22 PM,KXWTAMATCH-26APR19KOSPOD-KOS,80,606,77,38,76,7,71,7,66,8,88,20,89,300,90,43,91,110,92,1000,84.0
2026-04-18 12:33:23 PM,KXWTAMATCH-26APR19KOSPOD-KOS,80,601,77,38,76,7,71,7,66,8,88,20,89,300,90,43,91,110,92,1000,84.0
2026-04-18 12:33:23 PM,KXWTAMATCH-26APR19KOSPOD-KOS,81,8,80,601,77,38,76,7,71,7,88,20,89,300,90,43,91,110,92,1000,84.5
2026-04-18 12:33:23 PM,KXWTAMATCH-26APR19KOSPOD-KOS,80,601,77,38,76,7,71,7,66,8,88,20,89,300,90,43,91,110,92,1000,84.0
2026-04-18 12:33:23 PM,KXWTAMATCH-26APR19KOSPOD-KOS,80,606,77,38,76,7,71,7,66,8,88,20,89,300,90,43,91,110,92,1000,84.0
2026-04-18 12:33:24 PM,KXWTAMATCH-26APR19KOSPOD-KOS,81,8,80,606,77,38,76,7,71,7,88,20,89,300,90,43,91,110,92,1000,84.5
2026-04-18 12:33:24 PM,KXWTAMATCH-26APR19KOSPOD-KOS,81,8,80,601,77,38,76,7,71,7,88,20,89,300,90,43,91,110,92,1000,84.5
2026-04-18 12:33:24 PM,KXWTAMATCH-26APR19KOSPOD-KOS,81,8,80,606,77,38,76,7,71,7,88,20,89,300,90,43,91,110,92,1000,84.5
2026-04-18 12:33:24 PM,KXWTAMATCH-26APR19KOSPOD-KOS,80,606,77,38,76,7,71,7,66,8,88,20,89,300,90,43,91,110,92,1000,84.0
2026-04-18 12:33:25 PM,KXWTAMATCH-26APR19KOSPOD-KOS,80,601,77,38,76,7,71,7,66,8,88,20,89,300,90,43,91,110,92,1000,84.0
2026-04-18 12:33:25 PM,KXWTAMATCH-26APR19KOSPOD-KOS,81,8,80,601,77,38,76,7,71,7,88,20,89,300,90,43,91,110,92,1000,84.5
2026-04-18 12:33:25 PM,KXWTAMATCH-26APR19KOSPOD-KOS,80,601,77,38,76,7,71,7,66,8,88,20,89,300,90,43,91,110,92,1000,84.0
2026-04-18 12:33:25 PM,KXWTAMATCH-26APR19KOSPOD-KOS,80,606,77,38,76,7,71,7,66,8,88,20,89,300,90,43,91,110,92,1000,84.0
2026-04-18 12:33:26 PM,KXWTAMATCH-26APR19KOSPOD-KOS,80,601,77,38,76,7,71,7,66,8,88,20,89,300,90,43,91,110,92,1000,84.0
2026-04-18 12:33:26 PM,KXWTAMATCH-26APR19KOSPOD-KOS,81,8,80,601,77,38,76,7,71,7,88,20,89,300,90,43,91,110,92,1000,84.5
2026-04-18 12:33:26 PM,KXWTAMATCH-26APR19KOSPOD-KOS,80,601,77,38,76,7,71,7,66,8,88,20,89,300,90,43,91,110,92,1000,84.0
2026-04-18 12:33:26 PM,KXWTAMATCH-26APR19KOSPOD-KOS,80,606,77,38,76,7,71,7,66,8,88,20,89,300,90,43,91,110,92,1000,84.0
2026-04-18 12:33:27 PM,KXWTAMATCH-26APR19KOSPOD-KOS,80,601,77,38,76,7,71,7,66,8,88,20,89,300,90,43,91,110,92,1000,84.0
2026-04-18 12:33:27 PM,KXWTAMATCH-26APR19KOSPOD-KOS,81,8,80,601,77,38,76,7,71,7,88,20,89,300,90,43,91,110,92,1000,84.5
2026-04-18 12:33:27 PM,KXWTAMATCH-26APR19KOSPOD-KOS,80,601,77,38,76,7,71,7,66,8,88,20,89,300,90,43,91,110,92,1000,84.0
2026-04-18 12:33:27 PM,KXWTAMATCH-26APR19KOSPOD-KOS,80,606,77,38,76,7,71,7,66,8,88,20,89,300,90,43,91,110,92,1000,84.0
2026-04-18 12:33:28 PM,KXWTAMATCH-26APR19KOSPOD-KOS,80,601,77,38,76,7,71,7,66,8,88,20,89,300,90,43,91,110,92,1000,84.0
2026-04-18 12:33:28 PM,KXWTAMATCH-26APR19KOSPOD-KOS,81,8,80,601,77,38,76,7,71,7,88,20,89,300,90,43,91,110,92,1000,84.5
2026-04-18 12:33:28 PM,KXWTAMATCH-26APR19KOSPOD-KOS,80,601,77,38,76,7,71,7,66,8,88,20,89,300,90,43,91,110,92,1000,84.0
2026-04-18 12:33:28 PM,KXWTAMATCH-26APR19KOSPOD-KOS,80,606,77,38,76,7,71,7,66,8,88,20,89,300,90,43,91,110,92,1000,84.0
2026-04-18 12:33:29 PM,KXWTAMATCH-26APR19KOSPOD-KOS,80,601,77,38,76,7,71,7,66,8,88,20,89,300,90,43,91,110,92,1000,84.0
2026-04-18 12:33:29 PM,KXWTAMATCH-26APR19KOSPOD-KOS,81,8,80,601,77,38,76,7,71,7,88,20,89,300,90,43,91,110,92,1000,84.5
2026-04-18 12:33:29 PM,KXWTAMATCH-26APR19KOSPOD-KOS,81,8,80,606,77,38,76,7,71,7,88,20,89,300,90,43,91,110,92,1000,84.5
2026-04-18 12:33:29 PM,KXWTAMATCH-26APR19KOSPOD-KOS,80,606,77,38,76,7,71,7,66,8,88,20,89,300,90,43,91,110,92,1000,84.0
2026-04-18 12:33:30 PM,KXWTAMATCH-26APR19KOSPOD-KOS,80,601,77,38,76,7,71,7,66,8,88,20,89,300,90,43,91,110,92,1000,84.0
2026-04-18 12:33:30 PM,KXWTAMATCH-26APR19KOSPOD-KOS,81,8,80,601,77,38,76,7,71,7,88,20,89,300,90,43,91,110,92,1000,84.5
2026-04-18 12:33:30 PM,KXWTAMATCH-26APR19KOSPOD-KOS,80,601,77,38,76,7,71,7,66,8,88,20,89,300,90,43,91,110,92,1000,84.0
2026-04-18 12:33:30 PM,KXWTAMATCH-26APR19KOSPOD-KOS,80,606,77,38,76,7,71,7,66,8,88,20,89,300,90,43,91,110,92,1000,84.0
2026-04-18 12:33:31 PM,KXWTAMATCH-26APR19KOSPOD-KOS,80,601,77,38,76,7,71,7,66,8,88,20,89,300,90,43,91,110,92,1000,84.0
2026-04-18 12:33:31 PM,KXWTAMATCH-26APR19KOSPOD-KOS,81,8,80,601,77,38,76,7,71,7,88,20,89,300,90,43,91,110,92,1000,84.5
2026-04-18 12:33:31 PM,KXWTAMATCH-26APR19KOSPOD-KOS,80,601,77,38,76,7,71,7,66,8,88,20,89,300,90,43,91,110,92,1000,84.0
2026-04-18 12:33:31 PM,KXWTAMATCH-26APR19KOSPOD-KOS,80,606,77,38,76,7,71,7,66,8,88,20,89,300,90,43,91,110,92,1000,84.0
2026-04-18 12:33:32 PM,KXWTAMATCH-26APR19KOSPOD-KOS,80,601,77,38,76,7,71,7,66,8,88,20,89,300,90,43,91,110,92,1000,84.0
2026-04-18 12:33:32 PM,KXWTAMATCH-26APR19KOSPOD-KOS,81,8,80,601,77,38,76,7,71,7,88,20,89,300,90,43,91,110,92,1000,84.5
2026-04-18 12:33:32 PM,KXWTAMATCH-26APR19KOSPOD-KOS,80,601,77,38,76,7,71,7,66,8,88,20,89,300,90,43,91,110,92,1000,84.0
2026-04-18 12:33:32 PM,KXWTAMATCH-26APR19KOSPOD-KOS,80,606,77,38,76,7,71,7,66,8,88,20,89,300,90,43,91,110,92,1000,84.0
2026-04-18 12:33:33 PM,KXWTAMATCH-26APR19KOSPOD-KOS,80,601,77,38,76,7,71,7,66,8,88,20,89,300,90,43,91,110,92,1000,84.0
2026-04-18 12:33:33 PM,KXWTAMATCH-26APR19KOSPOD-KOS,81,8,80,601,77,38,76,7,71,7,88,20,89,300,90,43,91,110,92,1000,84.5
2026-04-18 12:33:33 PM,KXWTAMATCH-26APR19KOSPOD-KOS,81,8,80,606,77,38,76,7,71,7,88,20,89,300,90,43,91,110,92,1000,84.5
2026-04-18 12:33:33 PM,KXWTAMATCH-26APR19KOSPOD-KOS,80,606,77,38,76,7,71,7,66,8,88,20,89,300,90,43,91,110,92,1000,84.0
2026-04-18 12:33:34 PM,KXWTAMATCH-26APR19KOSPOD-KOS,80,601,77,38,76,7,71,7,66,8,88,20,89,300,90,43,91,110,92,1000,84.0
2026-04-18 12:33:34 PM,KXWTAMATCH-26APR19KOSPOD-KOS,81,8,80,601,77,38,76,7,71,7,88,20,89,300,90,43,91,110,92,1000,84.5
2026-04-18 12:33:34 PM,KXWTAMATCH-26APR19KOSPOD-KOS,81,8,80,606,77,38,76,7,71,7,88,20,89,300,90,43,91,110,92,1000,84.5
2026-04-18 12:33:34 PM,KXWTAMATCH-26APR19KOSPOD-KOS,80,606,77,38,76,7,71,7,66,8,88,20,89,300,90,43,91,110,92,1000,84.0
2026-04-18 12:33:35 PM,KXWTAMATCH-26APR19KOSPOD-KOS,80,601,77,38,76,7,71,7,66,8,88,20,89,300,90,43,91,110,92,1000,84.0
2026-04-18 12:33:35 PM,KXWTAMATCH-26APR19KOSPOD-KOS,81,8,80,601,77,38,76,7,71,7,88,20,89,300,90,43,91,110,92,1000,84.5
2026-04-18 12:33:35 PM,KXWTAMATCH-26APR19KOSPOD-KOS,81,8,80,606,77,38,76,7,71,7,88,20,89,300,90,43,91,110,92,1000,84.5
2026-04-18 12:33:35 PM,KXWTAMATCH-26APR19KOSPOD-KOS,80,606,77,38,76,7,71,7,66,8,88,20,89,300,90,43,91,110,92,1000,84.0
2026-04-18 12:33:36 PM,KXWTAMATCH-26APR19KOSPOD-KOS,81,8,80,606,77,38,76,7,71,7,88,20,89,300,90,43,91,110,92,1000,84.5
2026-04-18 12:33:36 PM,KXWTAMATCH-26APR19KOSPOD-KOS,81,8,80,601,77,38,76,7,71,7,88,20,89,300,90,43,91,110,92,1000,84.5
2026-04-18 12:33:36 PM,KXWTAMATCH-26APR19KOSPOD-KOS,80,601,77,38,76,7,71,7,66,8,88,20,89,300,90,43,91,110,92,1000,84.0
2026-04-18 12:33:36 PM,KXWTAMATCH-26APR19KOSPOD-KOS,80,606,77,38,76,7,71,7,66,8,88,20,89,300,90,43,91,110,92,1000,84.0
2026-04-18 12:33:37 PM,KXWTAMATCH-26APR19KOSPOD-KOS,80,601,77,38,76,7,71,7,66,8,88,20,89,300,90,43,91,110,92,1000,84.0
2026-04-18 12:33:37 PM,KXWTAMATCH-26APR19KOSPOD-KOS,81,8,80,601,77,38,76,7,71,7,88,20,89,300,90,43,91,110,92,1000,84.5
2026-04-18 12:33:37 PM,KXWTAMATCH-26APR19KOSPOD-KOS,80,601,77,38,76,7,71,7,66,8,88,20,89,300,90,43,91,110,92,1000,84.0
2026-04-18 12:33:37 PM,KXWTAMATCH-26APR19KOSPOD-KOS,80,606,77,38,76,7,71,7,66,8,88,20,89,300,90,43,91,110,92,1000,84.0
2026-04-18 12:33:38 PM,KXWTAMATCH-26APR19KOSPOD-KOS,80,601,77,38,76,7,71,7,66,8,88,20,89,300,90,43,91,110,92,1000,84.0
2026-04-18 12:33:38 PM,KXWTAMATCH-26APR19KOSPOD-KOS,81,8,80,601,77,38,76,7,71,7,88,20,89,300,90,43,91,110,92,1000,84.5
2026-04-18 12:33:38 PM,KXWTAMATCH-26APR19KOSPOD-KOS,80,601,77,38,76,7,71,7,66,8,88,20,89,300,90,43,91,110,92,1000,84.0
2026-04-18 12:33:38 PM,KXWTAMATCH-26APR19KOSPOD-KOS,80,606,77,38,76,7,71,7,66,8,88,20,89,300,90,43,91,110,92,1000,84.0
2026-04-18 12:33:39 PM,KXWTAMATCH-26APR19KOSPOD-KOS,80,601,77,38,76,7,71,7,66,8,88,20,89,300,90,43,91,110,92,1000,84.0
2026-04-18 12:33:39 PM,KXWTAMATCH-26APR19KOSPOD-KOS,81,8,80,601,77,38,76,7,71,7,88,20,89,300,90,43,91,110,92,1000,84.5
2026-04-18 12:33:39 PM,KXWTAMATCH-26APR19KOSPOD-KOS,81,8,80,606,77,38,76,7,71,7,88,20,89,300,90,43,91,110,92,1000,84.5
2026-04-18 12:33:39 PM,KXWTAMATCH-26APR19KOSPOD-KOS,80,606,77,38,76,7,71,7,66,8,88,20,89,300,90,43,91,110,92,1000,84.0
2026-04-18 12:33:40 PM,KXWTAMATCH-26APR19KOSPOD-KOS,80,601,77,38,76,7,71,7,66,8,88,20,89,300,90,43,91,110,92,1000,84.0
2026-04-18 12:33:40 PM,KXWTAMATCH-26APR19KOSPOD-KOS,81,8,80,601,77,38,76,7,71,7,88,20,89,300,90,43,91,110,92,1000,84.5
2026-04-18 12:33:40 PM,KXWTAMATCH-26APR19KOSPOD-KOS,81,8,80,606,77,38,76,7,71,7,88,20,89,300,90,43,91,110,92,1000,84.5
2026-04-18 12:33:40 PM,KXWTAMATCH-26APR19KOSPOD-KOS,80,606,77,38,76,7,71,7,66,8,88,20,89,300,90,43,91,110,92,1000,84.0
2026-04-18 12:33:41 PM,KXWTAMATCH-26APR19KOSPOD-KOS,80,601,77,38,76,7,71,7,66,8,88,20,89,300,90,43,91,110,92,1000,84.0
2026-04-18 12:33:41 PM,KXWTAMATCH-26APR19KOSPOD-KOS,81,8,80,601,77,38,76,7,71,7,88,20,89,300,90,43,91,110,92,1000,84.5
2026-04-18 12:33:41 PM,KXWTAMATCH-26APR19KOSPOD-KOS,81,8,80,606,77,38,76,7,71,7,88,20,89,300,90,43,91,110,92,1000,84.5
2026-04-18 12:33:41 PM,KXWTAMATCH-26APR19KOSPOD-KOS,80,606,77,38,76,7,71,7,66,8,88,20,89,300,90,43,91,110,92,1000,84.0
2026-04-18 12:33:42 PM,KXWTAMATCH-26APR19KOSPOD-KOS,80,601,77,38,76,7,71,7,66,8,88,20,89,300,90,43,91,110,92,1000,84.0
2026-04-18 12:33:42 PM,KXWTAMATCH-26APR19KOSPOD-KOS,81,8,80,601,77,38,76,7,71,7,88,20,89,300,90,43,91,110,92,1000,84.5
2026-04-18 12:33:42 PM,KXWTAMATCH-26APR19KOSPOD-KOS,80,601,77,38,76,7,71,7,66,8,88,20,89,300,90,43,91,110,92,1000,84.0
2026-04-18 12:33:42 PM,KXWTAMATCH-26APR19KOSPOD-KOS,80,606,77,38,76,7,71,7,66,8,88,20,89,300,90,43,91,110,92,1000,84.0
2026-04-18 12:33:43 PM,KXWTAMATCH-26APR19KOSPOD-KOS,80,601,77,38,76,7,71,7,66,8,88,20,89,300,90,43,91,110,92,1000,84.0
2026-04-18 12:33:43 PM,KXWTAMATCH-26APR19KOSPOD-KOS,81,5,80,601,77,38,76,7,71,7,88,20,89,300,90,43,91,110,92,1000,84.5
2026-04-18 12:33:43 PM,KXWTAMATCH-26APR19KOSPOD-KOS,80,601,77,38,76,7,71,7,66,8,88,20,89,300,90,43,91,110,92,1000,84.0
2026-04-18 12:33:43 PM,KXWTAMATCH-26APR19KOSPOD-KOS,80,626,77,38,76,7,71,7,66,8,88,20,89,300,90,43,91,110,92,1000,84.0
2026-04-18 12:33:44 PM,KXWTAMATCH-26APR19KOSPOD-KOS,80,601,77,38,76,7,71,7,66,8,88,20,89,300,90,43,91,110,92,1000,84.0
2026-04-18 12:33:44 PM,KXWTAMATCH-26APR19KOSPOD-KOS,81,5,80,601,77,38,76,7,71,7,88,20,89,300,90,43,91,110,92,1000,84.5
2026-04-18 12:33:44 PM,KXWTAMATCH-26APR19KOSPOD-KOS,81,5,80,626,77,38,76,7,71,7,88,20,89,300,90,43,91,110,92,1000,84.5
2026-04-18 12:33:44 PM,KXWTAMATCH-26APR19KOSPOD-KOS,80,626,77,38,76,7,71,7,66,8,88,20,89,300,90,43,91,110,92,1000,84.0
2026-04-18 12:33:45 PM,KXWTAMATCH-26APR19KOSPOD-KOS,80,601,77,38,76,7,71,7,66,8,88,20,89,300,90,43,91,110,92,1000,84.0
2026-04-18 12:33:45 PM,KXWTAMATCH-26APR19KOSPOD-KOS,81,5,80,601,77,38,76,7,71,7,88,20,89,300,90,43,91,110,92,1000,84.5
2026-04-18 12:33:45 PM,KXWTAMATCH-26APR19KOSPOD-KOS,80,601,77,38,76,7,71,7,66,8,88,20,89,300,90,43,91,110,92,1000,84.0
2026-04-18 12:33:45 PM,KXWTAMATCH-26APR19KOSPOD-KOS,80,626,77,38,76,7,71,7,66,8,88,20,89,300,90,43,91,110,92,1000,84.0
2026-04-18 12:33:46 PM,KXWTAMATCH-26APR19KOSPOD-KOS,81,5,80,626,77,38,76,7,71,7,88,20,89,300,90,43,91,110,92,1000,84.5
2026-04-18 12:33:46 PM,KXWTAMATCH-26APR19KOSPOD-KOS,81,5,80,601,77,38,76,7,71,7,88,20,89,300,90,43,91,110,92,1000,84.5
2026-04-18 12:33:46 PM,KXWTAMATCH-26APR19KOSPOD-KOS,80,601,77,38,76,7,71,7,66,8,88,20,89,300,90,43,91,110,92,1000,84.0
2026-04-18 12:33:46 PM,KXWTAMATCH-26APR19KOSPOD-KOS,80,606,77,38,76,7,71,7,66,8,88,20,89,300,90,43,91,110,92,1000,84.0
2026-04-18 12:33:47 PM,KXWTAMATCH-26APR19KOSPOD-KOS,81,8,80,606,77,38,76,7,71,7,88,20,89,300,90,43,91,110,92,1000,84.5
2026-04-18 12:33:47 PM,KXWTAMATCH-26APR19KOSPOD-KOS,81,8,80,601,77,38,76,7,71,7,88,20,89,300,90,43,91,110,92,1000,84.5
2026-04-18 12:33:47 PM,KXWTAMATCH-26APR19KOSPOD-KOS,81,8,80,606,77,38,76,7,71,7,88,20,89,300,90,43,91,110,92,1000,84.5
2026-04-18 12:33:47 PM,KXWTAMATCH-26APR19KOSPOD-KOS,80,606,77,38,76,7,71,7,66,8,88,20,89,300,90,43,91,110,92,1000,84.0
2026-04-18 12:33:48 PM,KXWTAMATCH-26APR19KOSPOD-KOS,80,601,77,38,76,7,71,7,66,8,88,20,89,300,90,43,91,110,92,1000,84.0
2026-04-18 12:33:48 PM,KXWTAMATCH-26APR19KOSPOD-KOS,81,8,80,601,77,38,76,7,71,7,88,20,89,300,90,43,91,110,92,1000,84.5
2026-04-18 12:33:48 PM,KXWTAMATCH-26APR19KOSPOD-KOS,80,601,77,38,76,7,71,7,66,8,88,20,89,300,90,43,91,110,92,1000,84.0
2026-04-18 12:33:48 PM,KXWTAMATCH-26APR19KOSPOD-KOS,80,606,77,38,76,7,71,7,66,8,88,20,89,300,90,43,91,110,92,1000,84.0
2026-04-18 12:33:49 PM,KXWTAMATCH-26APR19KOSPOD-KOS,80,601,77,38,76,7,71,7,66,8,88,20,89,300,90,43,91,110,92,1000,84.0
2026-04-18 12:33:49 PM,KXWTAMATCH-26APR19KOSPOD-KOS,81,8,80,601,77,38,76,7,71,7,88,20,89,300,90,43,91,110,92,1000,84.5
2026-04-18 12:33:49 PM,KXWTAMATCH-26APR19KOSPOD-KOS,80,601,77,38,76,7,71,7,66,8,88,20,89,300,90,43,91,110,92,1000,84.0
2026-04-18 12:33:49 PM,KXWTAMATCH-26APR19KOSPOD-KOS,80,606,77,38,76,7,71,7,66,8,88,20,89,300,90,43,91,110,92,1000,84.0
2026-04-18 12:33:50 PM,KXWTAMATCH-26APR19KOSPOD-KOS,81,8,80,606,77,38,76,7,71,7,88,20,89,300,90,43,91,110,92,1000,84.5
2026-04-18 12:33:50 PM,KXWTAMATCH-26APR19KOSPOD-KOS,81,8,80,601,77,38,76,7,71,7,88,20,89,300,90,43,91,110,92,1000,84.5
2026-04-18 12:33:50 PM,KXWTAMATCH-26APR19KOSPOD-KOS,81,8,80,606,77,38,76,7,71,7,88,20,89,300,90,43,91,110,92,1000,84.5
2026-04-18 12:33:50 PM,KXWTAMATCH-26APR19KOSPOD-KOS,80,606,77,38,76,7,71,7,66,8,88,20,89,300,90,43,91,110,92,1000,84.0
2026-04-18 12:33:51 PM,KXWTAMATCH-26APR19KOSPOD-KOS,81,8,80,606,77,38,76,7,71,7,88,20,89,300,90,43,91,110,92,1000,84.5
2026-04-18 12:33:51 PM,KXWTAMATCH-26APR19KOSPOD-KOS,81,8,80,601,77,38,76,7,71,7,88,20,89,300,90,43,91,110,92,1000,84.5
2026-04-18 12:33:51 PM,KXWTAMATCH-26APR19KOSPOD-KOS,81,8,80,606,77,38,76,7,71,7,88,20,89,300,90,43,91,110,92,1000,84.5
2026-04-18 12:33:51 PM,KXWTAMATCH-26APR19KOSPOD-KOS,80,606,77,38,76,7,71,7,66,8,88,20,89,300,90,43,91,110,92,1000,84.0
2026-04-18 12:33:52 PM,KXWTAMATCH-26APR19KOSPOD-KOS,80,601,77,38,76,7,71,7,66,8,88,20,89,300,90,43,91,110,92,1000,84.0
2026-04-18 12:33:52 PM,KXWTAMATCH-26APR19KOSPOD-KOS,81,8,80,601,77,38,76,7,71,7,88,20,89,300,90,43,91,110,92,1000,84.5
2026-04-18 12:33:52 PM,KXWTAMATCH-26APR19KOSPOD-KOS,80,601,77,38,76,7,71,7,66,8,88,20,89,300,90,43,91,110,92,1000,84.0
2026-04-18 12:33:52 PM,KXWTAMATCH-26APR19KOSPOD-KOS,80,606,77,38,76,7,71,7,66,8,88,20,89,300,90,43,91,110,92,1000,84.0
2026-04-18 12:33:53 PM,KXWTAMATCH-26APR19KOSPOD-KOS,81,8,80,606,77,38,76,7,71,7,88,20,89,300,90,43,91,110,92,1000,84.5
2026-04-18 12:33:53 PM,KXWTAMATCH-26APR19KOSPOD-KOS,81,8,80,601,77,38,76,7,71,7,88,20,89,300,90,43,91,110,92,1000,84.5
2026-04-18 12:33:53 PM,KXWTAMATCH-26APR19KOSPOD-KOS,81,8,80,606,77,38,76,7,71,7,88,20,89,300,90,43,91,110,92,1000,84.5
2026-04-18 12:33:53 PM,KXWTAMATCH-26APR19KOSPOD-KOS,80,606,77,38,76,7,71,7,66,8,88,20,89,300,90,43,91,110,92,1000,84.0
2026-04-18 12:33:54 PM,KXWTAMATCH-26APR19KOSPOD-KOS,80,601,77,38,76,7,71,7,66,8,88,20,89,300,90,43,91,110,92,1000,84.0
2026-04-18 12:33:54 PM,KXWTAMATCH-26APR19KOSPOD-KOS,81,8,80,601,77,38,76,7,71,7,88,20,89,300,90,43,91,110,92,1000,84.5
2026-04-18 12:33:54 PM,KXWTAMATCH-26APR19KOSPOD-KOS,81,8,80,606,77,38,76,7,71,7,88,20,89,300,90,43,91,110,92,1000,84.5
2026-04-18 12:33:54 PM,KXWTAMATCH-26APR19KOSPOD-KOS,80,606,77,38,76,7,71,7,66,8,88,20,89,300,90,43,91,110,92,1000,84.0
2026-04-18 12:33:55 PM,KXWTAMATCH-26APR19KOSPOD-KOS,80,601,77,38,76,7,71,7,66,8,88,20,89,300,90,43,91,110,92,1000,84.0
2026-04-18 12:33:55 PM,KXWTAMATCH-26APR19KOSPOD-KOS,81,8,80,601,77,38,76,7,71,7,88,20,89,300,90,43,91,110,92,1000,84.5
2026-04-18 12:33:55 PM,KXWTAMATCH-26APR19KOSPOD-KOS,81,8,80,606,77,38,76,7,71,7,88,20,89,300,90,43,91,110,92,1000,84.5
2026-04-18 12:33:55 PM,KXWTAMATCH-26APR19KOSPOD-KOS,80,606,77,38,76,7,71,7,66,8,88,20,89,300,90,43,91,110,92,1000,84.0
2026-04-18 12:33:56 PM,KXWTAMATCH-26APR19KOSPOD-KOS,80,601,77,38,76,7,71,7,66,8,88,20,89,300,90,43,91,110,92,1000,84.0
