ts_et,ticker,bid_1,bid_1_sz,bid_2,bid_2_sz,bid_3,bid_3_sz,bid_4,bid_4_sz,bid_5,bid_5_sz,ask_1,ask_1_sz,ask_2,ask_2_sz,ask_3,ask_3_sz,ask_4,ask_4_sz,ask_5,ask_5_sz,mid
2026-04-17 09:43:06 PM,KXWTACHALLENGERMATCH-26APR18MARKRA-MAR,51,327,50,1220,49,811,48,376,47,411,53,197,54,1410,55,788,56,1043,90,386,52.0
2026-04-17 09:43:13 PM,KXWTACHALLENGERMATCH-26APR18MARKRA-MAR,51,327,50,1220,49,811,48,376,47,411,53,197,54,1410,55,788,56,1043,94,15,52.0
2026-04-17 09:43:13 PM,KXWTACHALLENGERMATCH-26APR18MARKRA-MAR,51,327,50,1220,49,811,48,376,47,411,53,197,54,1410,55,788,56,1043,94,387,52.0
2026-04-17 09:43:13 PM,KXWTACHALLENGERMATCH-26APR18MARKRA-MAR,51,327,50,1220,49,811,48,376,47,411,53,197,54,1410,55,788,56,1043,93,7375,52.0
2026-04-17 09:57:46 PM,KXWTACHALLENGERMATCH-26APR18MARKRA-MAR,51,327,50,1220,49,811,48,376,47,411,53,97,54,1410,55,788,56,1043,93,7375,52.0
2026-04-17 09:57:46 PM,KXWTACHALLENGERMATCH-26APR18MARKRA-MAR,51,327,50,1220,49,811,48,376,47,411,53,97,54,1410,55,788,56,1043,92,383,52.0
2026-04-17 09:57:48 PM,KXWTACHALLENGERMATCH-26APR18MARKRA-MAR,51,301,50,1220,49,811,48,376,47,411,53,97,54,1410,55,788,56,1043,92,383,52.0
2026-04-17 09:57:48 PM,KXWTACHALLENGERMATCH-26APR18MARKRA-MAR,51,427,50,1220,49,811,48,376,47,411,53,97,54,1410,55,788,56,1043,92,383,52.0
2026-04-17 10:00:17 PM,KXWTACHALLENGERMATCH-26APR18MARKRA-MAR,51,427,50,1220,49,811,48,376,47,411,53,97,54,2769,55,788,56,1043,92,383,52.0
2026-04-17 10:00:36 PM,KXWTACHALLENGERMATCH-26APR18MARKRA-MAR,51,427,50,1220,49,821,48,376,47,411,53,97,54,2769,55,788,56,1043,92,383,52.0
2026-04-17 10:00:37 PM,KXWTACHALLENGERMATCH-26APR18MARKRA-MAR,51,427,50,1220,49,831,48,376,47,411,53,97,54,2769,55,788,56,1043,92,383,52.0
2026-04-17 10:00:37 PM,KXWTACHALLENGERMATCH-26APR18MARKRA-MAR,51,427,50,1220,49,831,48,376,47,411,53,97,54,2779,55,788,56,1043,92,383,52.0
2026-04-17 10:00:37 PM,KXWTACHALLENGERMATCH-26APR18MARKRA-MAR,51,427,50,1220,49,831,48,376,47,411,53,97,54,2789,55,788,56,1043,92,383,52.0
2026-04-17 10:01:57 PM,KXWTACHALLENGERMATCH-26APR18MARKRA-MAR,51,427,50,1220,49,831,48,376,47,411,53,97,54,1430,55,788,56,1043,92,383,52.0
2026-04-17 10:01:57 PM,KXWTACHALLENGERMATCH-26APR18MARKRA-MAR,51,427,50,1220,49,831,48,376,47,411,53,97,54,2789,55,788,56,1043,92,383,52.0
2026-04-17 10:04:16 PM,KXWTACHALLENGERMATCH-26APR18MARKRA-MAR,51,427,50,1220,49,831,48,376,47,411,53,97,54,1430,55,788,56,1043,92,383,52.0
2026-04-17 10:04:16 PM,KXWTACHALLENGERMATCH-26APR18MARKRA-MAR,51,427,50,1220,49,831,48,376,47,411,53,97,54,2789,55,788,56,1043,92,383,52.0
2026-04-17 10:06:15 PM,KXWTACHALLENGERMATCH-26APR18MARKRA-MAR,51,402,50,1220,49,831,48,376,47,411,53,97,54,2789,55,788,56,1043,92,383,52.0
2026-04-17 10:06:39 PM,KXWTACHALLENGERMATCH-26APR18MARKRA-MAR,51,402,50,1220,49,831,48,376,47,411,53,97,54,1430,55,788,56,1043,92,383,52.0
2026-04-17 10:06:39 PM,KXWTACHALLENGERMATCH-26APR18MARKRA-MAR,51,402,50,1220,49,831,48,376,47,411,53,97,54,2789,55,788,56,1043,92,383,52.0
2026-04-17 10:06:39 PM,KXWTACHALLENGERMATCH-26APR18MARKRA-MAR,51,402,50,1220,49,855,48,376,47,411,53,97,54,2789,55,788,56,1043,92,383,52.0
2026-04-17 10:07:46 PM,KXWTACHALLENGERMATCH-26APR18MARKRA-MAR,51,412,50,1220,49,855,48,376,47,411,53,97,54,2789,55,788,56,1043,92,383,52.0
2026-04-17 10:07:46 PM,KXWTACHALLENGERMATCH-26APR18MARKRA-MAR,51,412,50,1230,49,855,48,376,47,411,53,97,54,2789,55,788,56,1043,92,383,52.0
2026-04-17 10:07:46 PM,KXWTACHALLENGERMATCH-26APR18MARKRA-MAR,51,412,50,1230,49,865,48,376,47,411,53,97,54,2789,55,788,56,1043,92,383,52.0
2026-04-17 10:07:46 PM,KXWTACHALLENGERMATCH-26APR18MARKRA-MAR,51,412,50,1230,49,865,48,376,47,422,53,97,54,2789,55,788,56,1043,92,383,52.0
2026-04-17 10:09:00 PM,KXWTACHALLENGERMATCH-26APR18MARKRA-MAR,51,412,50,1230,49,865,48,376,47,422,53,97,54,1430,55,788,56,1043,92,383,52.0
2026-04-17 10:09:00 PM,KXWTACHALLENGERMATCH-26APR18MARKRA-MAR,51,412,50,1230,49,865,48,376,47,422,53,97,54,2789,55,788,56,1043,92,383,52.0
2026-04-17 10:11:27 PM,KXWTACHALLENGERMATCH-26APR18MARKRA-MAR,51,412,50,1230,49,865,48,376,47,422,53,97,54,1430,55,788,56,1043,92,383,52.0
2026-04-17 10:11:27 PM,KXWTACHALLENGERMATCH-26APR18MARKRA-MAR,51,412,50,1230,49,865,48,376,47,422,53,97,54,2789,55,788,56,1043,92,383,52.0
2026-04-17 10:13:29 PM,KXWTACHALLENGERMATCH-26APR18MARKRA-MAR,51,412,50,1230,49,865,48,376,47,422,53,97,54,1430,55,788,56,1043,92,383,52.0
2026-04-17 10:13:29 PM,KXWTACHALLENGERMATCH-26APR18MARKRA-MAR,51,412,50,1230,49,865,48,376,47,422,53,97,54,2789,55,788,56,1043,92,383,52.0
2026-04-17 10:15:39 PM,KXWTACHALLENGERMATCH-26APR18MARKRA-MAR,51,412,50,1230,49,865,48,376,47,422,53,97,54,1430,55,788,56,1043,92,383,52.0
2026-04-17 10:15:39 PM,KXWTACHALLENGERMATCH-26APR18MARKRA-MAR,51,412,50,1230,49,865,48,376,47,422,53,97,54,2789,55,788,56,1043,92,383,52.0
2026-04-17 10:17:15 PM,KXWTACHALLENGERMATCH-26APR18MARKRA-MAR,51,412,50,1230,49,865,48,376,47,422,53,97,54,4148,55,788,56,1043,92,383,52.0
2026-04-17 10:17:15 PM,KXWTACHALLENGERMATCH-26APR18MARKRA-MAR,51,412,50,1230,49,865,48,376,47,422,53,97,54,2789,55,788,56,1043,92,383,52.0
2026-04-17 10:19:36 PM,KXWTACHALLENGERMATCH-26APR18MARKRA-MAR,51,412,50,1230,49,865,48,376,47,422,53,97,54,1430,55,788,56,1043,92,383,52.0
2026-04-17 10:19:36 PM,KXWTACHALLENGERMATCH-26APR18MARKRA-MAR,51,412,50,1230,49,865,48,376,47,422,53,97,54,2789,55,788,56,1043,92,383,52.0
2026-04-17 10:22:03 PM,KXWTACHALLENGERMATCH-26APR18MARKRA-MAR,51,412,50,1230,49,865,48,376,47,422,53,97,54,4148,55,788,56,1043,92,383,52.0
2026-04-17 10:22:03 PM,KXWTACHALLENGERMATCH-26APR18MARKRA-MAR,51,412,50,1230,49,865,48,376,47,422,53,97,54,2789,55,788,56,1043,92,383,52.0
2026-04-17 10:24:27 PM,KXWTACHALLENGERMATCH-26APR18MARKRA-MAR,51,412,50,1230,49,865,48,376,47,422,53,97,54,1430,55,788,56,1043,92,383,52.0
2026-04-17 10:24:27 PM,KXWTACHALLENGERMATCH-26APR18MARKRA-MAR,51,412,50,1230,49,865,48,376,47,422,53,97,54,2789,55,788,56,1043,92,383,52.0
2026-04-17 10:25:14 PM,KXWTACHALLENGERMATCH-26APR18MARKRA-MAR,51,412,50,1230,49,865,48,376,47,422,53,96,54,2789,55,788,56,1043,92,383,52.0
2026-04-17 10:25:15 PM,KXWTACHALLENGERMATCH-26APR18MARKRA-MAR,51,286,50,1230,49,865,48,376,47,422,53,96,54,2789,55,788,56,1043,92,383,52.0
2026-04-17 10:25:15 PM,KXWTACHALLENGERMATCH-26APR18MARKRA-MAR,51,413,50,1230,49,865,48,376,47,422,53,96,54,2789,55,788,56,1043,92,383,52.0
2026-04-17 10:26:20 PM,KXWTACHALLENGERMATCH-26APR18MARKRA-MAR,51,413,50,1230,49,865,48,376,47,422,53,96,54,1430,55,788,56,1043,92,383,52.0
2026-04-17 10:26:20 PM,KXWTACHALLENGERMATCH-26APR18MARKRA-MAR,51,413,50,1230,49,865,48,376,47,422,53,96,54,2789,55,788,56,1043,92,383,52.0
2026-04-17 10:28:43 PM,KXWTACHALLENGERMATCH-26APR18MARKRA-MAR,51,413,50,1230,49,865,48,376,47,422,53,96,54,4148,55,788,56,1043,92,383,52.0
2026-04-17 10:28:43 PM,KXWTACHALLENGERMATCH-26APR18MARKRA-MAR,51,413,50,1230,49,865,48,376,47,422,53,96,54,2789,55,788,56,1043,92,383,52.0
2026-04-17 10:30:23 PM,KXWTACHALLENGERMATCH-26APR18MARKRA-MAR,51,413,50,1230,49,865,48,376,47,422,53,96,54,1430,55,788,56,1043,92,383,52.0
2026-04-17 10:30:23 PM,KXWTACHALLENGERMATCH-26APR18MARKRA-MAR,51,413,50,1230,49,865,48,376,47,422,53,96,54,2789,55,788,56,1043,92,383,52.0
2026-04-17 10:31:57 PM,KXWTACHALLENGERMATCH-26APR18MARKRA-MAR,51,413,50,1230,49,865,48,376,47,422,53,96,54,1430,55,788,56,1043,92,383,52.0
2026-04-17 10:31:57 PM,KXWTACHALLENGERMATCH-26APR18MARKRA-MAR,51,413,50,1230,49,865,48,376,47,422,53,96,54,2789,55,788,56,1043,92,383,52.0
2026-04-17 10:33:47 PM,KXWTACHALLENGERMATCH-26APR18MARKRA-MAR,51,413,50,1230,49,865,48,376,47,422,53,96,54,4148,55,788,56,1043,92,383,52.0
2026-04-17 10:33:47 PM,KXWTACHALLENGERMATCH-26APR18MARKRA-MAR,51,413,50,1230,49,865,48,376,47,422,53,96,54,2789,55,788,56,1043,92,383,52.0
2026-04-17 10:35:24 PM,KXWTACHALLENGERMATCH-26APR18MARKRA-MAR,51,413,50,1230,49,865,48,376,47,422,53,96,54,1430,55,788,56,1043,92,383,52.0
2026-04-17 10:35:24 PM,KXWTACHALLENGERMATCH-26APR18MARKRA-MAR,51,413,50,1230,49,865,48,376,47,422,53,96,54,2789,55,788,56,1043,92,383,52.0
2026-04-17 10:37:17 PM,KXWTACHALLENGERMATCH-26APR18MARKRA-MAR,51,413,50,1230,49,865,48,376,47,422,53,96,54,1430,55,788,56,1043,92,383,52.0
2026-04-17 10:37:17 PM,KXWTACHALLENGERMATCH-26APR18MARKRA-MAR,51,413,50,1230,49,865,48,376,47,422,53,96,54,2789,55,788,56,1043,92,383,52.0
2026-04-17 10:39:31 PM,KXWTACHALLENGERMATCH-26APR18MARKRA-MAR,51,413,50,1230,49,865,48,376,47,422,53,96,54,1430,55,788,56,1043,92,383,52.0
2026-04-17 10:39:31 PM,KXWTACHALLENGERMATCH-26APR18MARKRA-MAR,51,413,50,1230,49,865,48,376,47,422,53,96,54,2789,55,788,56,1043,92,383,52.0
2026-04-17 10:41:38 PM,KXWTACHALLENGERMATCH-26APR18MARKRA-MAR,51,413,50,1230,49,865,48,376,47,422,53,96,54,1430,55,788,56,1043,92,383,52.0
2026-04-17 10:41:38 PM,KXWTACHALLENGERMATCH-26APR18MARKRA-MAR,51,413,50,1230,49,865,48,376,47,422,53,96,54,2789,55,788,56,1043,92,383,52.0
2026-04-17 10:42:03 PM,KXWTACHALLENGERMATCH-26APR18MARKRA-MAR,51,413,50,1230,49,865,48,376,47,422,53,96,54,2789,55,987,56,1043,92,383,52.0
2026-04-17 10:42:03 PM,KXWTACHALLENGERMATCH-26APR18MARKRA-MAR,51,413,50,1230,49,865,48,376,47,422,53,96,54,2590,55,987,56,1043,92,383,52.0
2026-04-17 10:42:15 PM,KXWTACHALLENGERMATCH-26APR18MARKRA-MAR,51,413,50,1230,49,865,48,376,47,422,53,96,54,2789,55,987,56,1043,92,383,52.0
2026-04-17 10:42:30 PM,KXWTACHALLENGERMATCH-26APR18MARKRA-MAR,51,413,50,1230,49,865,48,376,47,422,53,96,54,2789,55,788,56,1043,92,383,52.0
2026-04-17 10:42:48 PM,KXWTACHALLENGERMATCH-26APR18MARKRA-MAR,51,413,50,1574,49,865,48,376,47,422,53,96,54,2789,55,788,56,1043,92,383,52.0
2026-04-17 10:42:49 PM,KXWTACHALLENGERMATCH-26APR18MARKRA-MAR,51,286,50,1574,49,865,48,376,47,422,53,96,54,2789,55,788,56,1043,92,383,52.0
2026-04-17 10:42:49 PM,KXWTACHALLENGERMATCH-26APR18MARKRA-MAR,51,286,50,1574,49,865,48,376,47,422,53,4,54,2789,55,788,56,1043,92,383,52.0
2026-04-17 10:42:49 PM,KXWTACHALLENGERMATCH-26APR18MARKRA-MAR,51,505,50,1574,49,865,48,376,47,422,53,4,54,2789,55,788,56,1043,92,383,52.0
2026-04-17 10:42:50 PM,KXWTACHALLENGERMATCH-26APR18MARKRA-MAR,51,505,50,1574,49,865,48,376,47,422,53,4,54,1430,55,788,56,1043,92,383,52.0
2026-04-17 10:42:50 PM,KXWTACHALLENGERMATCH-26APR18MARKRA-MAR,51,505,50,1574,49,865,48,376,47,422,53,4,54,1430,55,2177,56,1043,92,383,52.0
2026-04-17 10:43:00 PM,KXWTACHALLENGERMATCH-26APR18MARKRA-MAR,51,705,50,1574,49,865,48,376,47,422,53,4,54,1430,55,2177,56,1043,92,383,52.0
2026-04-17 10:43:00 PM,KXWTACHALLENGERMATCH-26APR18MARKRA-MAR,51,705,50,1574,49,865,48,376,47,422,53,4,54,1430,55,2377,56,1043,92,383,52.0
2026-04-17 10:43:00 PM,KXWTACHALLENGERMATCH-26APR18MARKRA-MAR,51,705,50,1574,49,865,48,376,47,422,53,4,54,1231,55,2377,56,1043,92,383,52.0
2026-04-17 10:43:01 PM,KXWTACHALLENGERMATCH-26APR18MARKRA-MAR,51,705,50,1375,49,865,48,376,47,422,53,4,54,1231,55,2377,56,1043,92,383,52.0
2026-04-17 10:43:01 PM,KXWTACHALLENGERMATCH-26APR18MARKRA-MAR,51,505,50,1375,49,865,48,376,47,422,53,4,54,1231,55,2377,56,1043,92,383,52.0
2026-04-17 10:43:09 PM,KXWTACHALLENGERMATCH-26APR18MARKRA-MAR,51,505,50,1575,49,865,48,376,47,422,53,4,54,1231,55,2377,56,1043,92,383,52.0
2026-04-17 10:43:09 PM,KXWTACHALLENGERMATCH-26APR18MARKRA-MAR,51,505,50,1575,49,865,48,376,47,422,53,4,54,1431,55,2377,56,1043,92,383,52.0
2026-04-17 10:43:09 PM,KXWTACHALLENGERMATCH-26APR18MARKRA-MAR,51,505,50,1575,49,865,48,376,47,422,53,4,54,1431,55,2177,56,1043,92,383,52.0
2026-04-17 10:43:18 PM,KXWTACHALLENGERMATCH-26APR18MARKRA-MAR,51,705,50,1575,49,865,48,376,47,422,53,4,54,1431,55,2177,56,1043,92,383,52.0
2026-04-17 10:43:18 PM,KXWTACHALLENGERMATCH-26APR18MARKRA-MAR,51,705,50,1575,49,865,48,376,47,422,53,4,54,1431,55,2377,56,1043,92,383,52.0
2026-04-17 10:43:18 PM,KXWTACHALLENGERMATCH-26APR18MARKRA-MAR,51,705,50,1575,49,865,48,376,47,422,53,4,54,1231,55,2377,56,1043,92,383,52.0
2026-04-17 10:43:19 PM,KXWTACHALLENGERMATCH-26APR18MARKRA-MAR,51,705,50,1375,49,865,48,376,47,422,53,4,54,1231,55,2377,56,1043,92,383,52.0
2026-04-17 10:43:35 PM,KXWTACHALLENGERMATCH-26APR18MARKRA-MAR,51,705,50,1575,49,865,48,376,47,422,53,4,54,1231,55,2377,56,1043,92,383,52.0
2026-04-17 10:43:35 PM,KXWTACHALLENGERMATCH-26APR18MARKRA-MAR,51,505,50,1575,49,865,48,376,47,422,53,4,54,1231,55,2377,56,1043,92,383,52.0
2026-04-17 10:43:47 PM,KXWTACHALLENGERMATCH-26APR18MARKRA-MAR,51,505,50,1575,49,865,48,376,47,422,53,4,54,1231,55,988,56,1043,92,383,52.0
2026-04-17 10:43:47 PM,KXWTACHALLENGERMATCH-26APR18MARKRA-MAR,51,505,50,1575,49,865,48,376,47,422,53,4,54,1231,55,2377,56,1043,92,383,52.0
2026-04-17 10:44:02 PM,KXWTACHALLENGERMATCH-26APR18MARKRA-MAR,51,505,50,1375,49,865,48,376,47,422,53,4,54,1231,55,2377,56,1043,92,383,52.0
2026-04-17 10:44:10 PM,KXWTACHALLENGERMATCH-26APR18MARKRA-MAR,51,505,50,1575,49,865,48,376,47,422,53,4,54,1231,55,2377,56,1043,92,383,52.0
2026-04-17 10:44:21 PM,KXWTACHALLENGERMATCH-26APR18MARKRA-MAR,51,505,50,1575,49,865,48,376,47,422,53,4,54,1431,55,2377,56,1043,92,383,52.0
2026-04-17 10:44:26 PM,KXWTACHALLENGERMATCH-26APR18MARKRA-MAR,51,505,50,1575,49,865,48,376,47,422,53,4,54,1231,55,2377,56,1043,92,383,52.0
2026-04-17 10:44:26 PM,KXWTACHALLENGERMATCH-26APR18MARKRA-MAR,51,505,50,1575,49,865,48,376,47,422,53,4,54,1231,55,2177,56,1043,92,383,52.0
2026-04-17 10:44:30 PM,KXWTACHALLENGERMATCH-26APR18MARKRA-MAR,51,505,50,1575,49,865,48,376,47,422,53,4,54,1231,55,2377,56,1043,92,383,52.0
2026-04-17 10:44:30 PM,KXWTACHALLENGERMATCH-26APR18MARKRA-MAR,51,505,50,1375,49,865,48,376,47,422,53,4,54,1231,55,2377,56,1043,92,383,52.0
2026-04-17 10:44:35 PM,KXWTACHALLENGERMATCH-26APR18MARKRA-MAR,51,505,50,1575,49,865,48,376,47,422,53,4,54,1231,55,2377,56,1043,92,383,52.0
2026-04-17 10:45:19 PM,KXWTACHALLENGERMATCH-26APR18MARKRA-MAR,51,505,50,1575,49,865,48,376,47,422,53,4,54,1231,55,3766,56,1043,92,383,52.0
2026-04-17 10:45:19 PM,KXWTACHALLENGERMATCH-26APR18MARKRA-MAR,51,505,50,1575,49,865,48,376,47,422,53,4,54,1231,55,2377,56,1043,92,383,52.0
2026-04-17 10:45:42 PM,KXWTACHALLENGERMATCH-26APR18MARKRA-MAR,51,505,50,1575,49,865,48,376,47,422,53,3,54,1231,55,2377,56,1043,92,383,52.0
2026-04-17 10:45:43 PM,KXWTACHALLENGERMATCH-26APR18MARKRA-MAR,51,286,50,1575,49,865,48,376,47,422,53,3,54,1231,55,2377,56,1043,92,383,52.0
2026-04-17 10:45:43 PM,KXWTACHALLENGERMATCH-26APR18MARKRA-MAR,51,506,50,1575,49,865,48,376,47,422,53,3,54,1231,55,2377,56,1043,92,383,52.0
2026-04-17 10:45:58 PM,KXWTACHALLENGERMATCH-26APR18MARKRA-MAR,51,506,50,1575,49,865,48,376,47,422,53,3,54,1431,55,2377,56,1043,92,383,52.0
2026-04-17 10:45:59 PM,KXWTACHALLENGERMATCH-26APR18MARKRA-MAR,51,506,50,1575,49,865,48,376,47,422,53,3,54,1431,55,2177,56,1043,92,383,52.0
2026-04-17 10:46:02 PM,KXWTACHALLENGERMATCH-26APR18MARKRA-MAR,51,506,50,1575,49,865,48,376,47,422,53,3,54,1231,55,2177,56,1043,92,383,52.0
2026-04-17 10:46:12 PM,KXWTACHALLENGERMATCH-26APR18MARKRA-MAR,51,506,50,1575,49,865,48,376,47,422,53,3,54,1231,55,2377,56,1043,92,383,52.0
2026-04-17 10:46:13 PM,KXWTACHALLENGERMATCH-26APR18MARKRA-MAR,51,706,50,1575,49,865,48,376,47,422,53,3,54,1231,55,2377,56,1043,92,383,52.0
2026-04-17 10:46:13 PM,KXWTACHALLENGERMATCH-26APR18MARKRA-MAR,51,706,50,1375,49,865,48,376,47,422,53,3,54,1231,55,2377,56,1043,92,383,52.0
2026-04-17 10:46:15 PM,KXWTACHALLENGERMATCH-26APR18MARKRA-MAR,51,506,50,1375,49,865,48,376,47,422,53,3,54,1231,55,2377,56,1043,92,383,52.0
2026-04-17 10:46:26 PM,KXWTACHALLENGERMATCH-26APR18MARKRA-MAR,51,506,50,1375,49,855,48,376,47,422,53,3,54,1231,55,2377,56,1043,92,383,52.0
2026-04-17 10:46:26 PM,KXWTACHALLENGERMATCH-26APR18MARKRA-MAR,51,706,50,1375,49,855,48,376,47,422,53,3,54,1231,55,2377,56,1043,92,383,52.0
2026-04-17 10:46:26 PM,KXWTACHALLENGERMATCH-26APR18MARKRA-MAR,51,706,50,1375,49,845,48,376,47,422,53,3,54,1231,55,2377,56,1043,92,383,52.0
2026-04-17 10:46:27 PM,KXWTACHALLENGERMATCH-26APR18MARKRA-MAR,51,706,50,1385,49,845,48,376,47,422,53,3,54,1231,55,2377,56,1043,92,383,52.0
2026-04-17 10:46:27 PM,KXWTACHALLENGERMATCH-26APR18MARKRA-MAR,51,706,50,1395,49,845,48,376,47,422,53,3,54,1231,55,2377,56,1043,92,383,52.0
2026-04-17 10:46:27 PM,KXWTACHALLENGERMATCH-26APR18MARKRA-MAR,51,706,50,1395,49,845,48,376,47,422,53,3,54,1221,55,2377,56,1043,92,383,52.0
2026-04-17 10:46:27 PM,KXWTACHALLENGERMATCH-26APR18MARKRA-MAR,51,706,50,1395,49,845,48,376,47,422,53,3,54,1211,55,2377,56,1043,92,383,52.0
2026-04-17 10:46:27 PM,KXWTACHALLENGERMATCH-26APR18MARKRA-MAR,51,706,50,1395,49,845,48,376,47,422,53,3,54,1211,55,2387,56,1043,92,383,52.0
2026-04-17 10:46:27 PM,KXWTACHALLENGERMATCH-26APR18MARKRA-MAR,51,706,50,1395,49,845,48,376,47,422,53,3,54,1211,55,2397,56,1043,92,383,52.0
2026-04-17 10:47:25 PM,KXWTACHALLENGERMATCH-26APR18MARKRA-MAR,51,706,50,1395,49,845,48,376,47,422,53,3,54,1211,55,3786,56,1043,92,383,52.0
2026-04-17 10:47:25 PM,KXWTACHALLENGERMATCH-26APR18MARKRA-MAR,51,706,50,1395,49,845,48,376,47,422,53,3,54,1211,55,2397,56,1043,92,383,52.0
2026-04-17 10:49:08 PM,KXWTACHALLENGERMATCH-26APR18MARKRA-MAR,51,731,50,1395,49,845,48,376,47,422,53,3,54,1211,55,2397,56,1043,92,383,52.0
2026-04-17 10:49:08 PM,KXWTACHALLENGERMATCH-26APR18MARKRA-MAR,51,731,50,1395,49,821,48,376,47,422,53,3,54,1211,55,2397,56,1043,92,383,52.0
2026-04-17 10:49:37 PM,KXWTACHALLENGERMATCH-26APR18MARKRA-MAR,51,731,50,1395,49,821,48,376,47,422,53,3,54,1211,55,3786,56,1043,92,383,52.0
2026-04-17 10:49:37 PM,KXWTACHALLENGERMATCH-26APR18MARKRA-MAR,51,731,50,1395,49,821,48,376,47,422,53,3,54,1211,55,2397,56,1043,92,383,52.0
2026-04-17 10:52:05 PM,KXWTACHALLENGERMATCH-26APR18MARKRA-MAR,51,731,50,1395,49,821,48,376,47,422,53,3,54,1211,55,1008,56,1043,92,383,52.0
2026-04-17 10:52:05 PM,KXWTACHALLENGERMATCH-26APR18MARKRA-MAR,51,731,50,1395,49,821,48,376,47,422,53,3,54,1211,55,2397,56,1043,92,383,52.0
2026-04-17 10:54:07 PM,KXWTACHALLENGERMATCH-26APR18MARKRA-MAR,51,731,50,1395,49,821,48,376,47,422,53,3,54,1211,55,1008,56,1043,92,383,52.0
2026-04-17 10:54:07 PM,KXWTACHALLENGERMATCH-26APR18MARKRA-MAR,51,731,50,1395,49,821,48,376,47,422,53,3,54,1211,55,2397,56,1043,92,383,52.0
2026-04-17 10:56:21 PM,KXWTACHALLENGERMATCH-26APR18MARKRA-MAR,51,731,50,1395,49,821,48,376,47,422,53,3,54,1211,55,3786,56,1043,92,383,52.0
2026-04-17 10:56:21 PM,KXWTACHALLENGERMATCH-26APR18MARKRA-MAR,51,731,50,1395,49,821,48,376,47,422,53,3,54,1211,55,2397,56,1043,92,383,52.0
2026-04-17 10:58:22 PM,KXWTACHALLENGERMATCH-26APR18MARKRA-MAR,51,731,50,1395,49,821,48,376,47,422,53,3,54,1211,55,1008,56,1043,92,383,52.0
2026-04-17 10:58:22 PM,KXWTACHALLENGERMATCH-26APR18MARKRA-MAR,51,731,50,1395,49,821,48,376,47,422,53,3,54,1211,55,2397,56,1043,92,383,52.0
2026-04-17 11:00:28 PM,KXWTACHALLENGERMATCH-26APR18MARKRA-MAR,51,731,50,1395,49,821,48,376,47,422,53,3,54,1211,55,1008,56,1043,92,383,52.0
2026-04-17 11:00:29 PM,KXWTACHALLENGERMATCH-26APR18MARKRA-MAR,51,731,50,1395,49,821,48,376,47,422,53,3,54,1211,55,2397,56,1043,92,383,52.0
2026-04-17 11:00:41 PM,KXWTACHALLENGERMATCH-26APR18MARKRA-MAR,51,731,50,1395,49,821,48,376,47,422,53,3,54,1211,55,2397,56,1043,94,15,52.0
2026-04-17 11:00:41 PM,KXWTACHALLENGERMATCH-26APR18MARKRA-MAR,51,731,50,1395,49,821,48,376,47,422,53,3,54,1211,55,2397,56,1043,94,385,52.0
2026-04-17 11:00:41 PM,KXWTACHALLENGERMATCH-26APR18MARKRA-MAR,51,731,50,1395,49,821,48,376,47,422,53,3,54,1211,55,2397,56,1043,91,6318,52.0
2026-04-17 11:02:17 PM,KXWTACHALLENGERMATCH-26APR18MARKRA-MAR,51,731,50,1395,49,821,48,376,47,422,53,3,54,1211,55,1008,56,1043,91,6318,52.0
2026-04-17 11:02:17 PM,KXWTACHALLENGERMATCH-26APR18MARKRA-MAR,51,731,50,1395,49,821,48,376,47,422,53,3,54,1211,55,2397,56,1043,91,6318,52.0
2026-04-17 11:04:24 PM,KXWTACHALLENGERMATCH-26APR18MARKRA-MAR,51,731,50,1395,49,821,48,376,47,422,53,3,54,1211,55,3786,56,1043,91,6318,52.0
2026-04-17 11:04:24 PM,KXWTACHALLENGERMATCH-26APR18MARKRA-MAR,51,731,50,1395,49,821,48,376,47,422,53,3,54,1211,55,2397,56,1043,91,6318,52.0
2026-04-17 11:06:25 PM,KXWTACHALLENGERMATCH-26APR18MARKRA-MAR,51,731,50,1395,49,821,48,376,47,422,53,3,54,1211,55,1008,56,1043,91,6318,52.0
2026-04-17 11:06:25 PM,KXWTACHALLENGERMATCH-26APR18MARKRA-MAR,51,731,50,1395,49,821,48,376,47,422,53,3,54,1211,55,2397,56,1043,91,6318,52.0
2026-04-17 11:06:38 PM,KXWTACHALLENGERMATCH-26APR18MARKRA-MAR,51,731,50,1395,49,821,48,376,47,422,54,1211,55,2397,56,1043,91,6318,94,385,52.5
2026-04-17 11:06:38 PM,KXWTACHALLENGERMATCH-26APR18MARKRA-MAR,51,731,50,1395,49,821,48,376,47,422,54,1197,55,2397,56,1043,91,6318,94,385,52.5
2026-04-17 11:06:38 PM,KXWTACHALLENGERMATCH-26APR18MARKRA-MAR,51,731,50,1395,49,821,48,376,47,422,53,152,54,1197,55,2397,56,1043,91,6318,52.0
2026-04-17 11:06:38 PM,KXWTACHALLENGERMATCH-26APR18MARKRA-MAR,51,531,50,1395,49,821,48,376,47,422,53,152,54,1197,55,2397,56,1043,91,6318,52.0
2026-04-17 11:06:38 PM,KXWTACHALLENGERMATCH-26APR18MARKRA-MAR,51,531,50,1395,49,821,48,376,47,422,53,152,54,1197,55,2397,56,1043,90,360,52.0
2026-04-17 11:06:41 PM,KXWTACHALLENGERMATCH-26APR18MARKRA-MAR,51,311,50,1395,49,821,48,376,47,422,53,152,54,1197,55,2397,56,1043,90,360,52.0
2026-04-17 11:06:41 PM,KXWTACHALLENGERMATCH-26APR18MARKRA-MAR,51,534,50,1395,49,821,48,376,47,422,53,152,54,1197,55,2397,56,1043,90,360,52.0
2026-04-17 11:06:41 PM,KXWTACHALLENGERMATCH-26APR18MARKRA-MAR,51,734,50,1395,49,821,48,376,47,422,53,152,54,1197,55,2397,56,1043,90,360,52.0
2026-04-17 11:07:33 PM,KXWTACHALLENGERMATCH-26APR18MARKRA-MAR,51,734,50,1595,49,821,48,376,47,422,53,152,54,1197,55,2397,56,1043,90,360,52.0
2026-04-17 11:07:33 PM,KXWTACHALLENGERMATCH-26APR18MARKRA-MAR,51,534,50,1595,49,821,48,376,47,422,53,152,54,1197,55,2397,56,1043,90,360,52.0
2026-04-17 11:08:31 PM,KXWTACHALLENGERMATCH-26APR18MARKRA-MAR,51,534,50,1595,49,821,48,376,47,422,53,152,54,1197,55,3786,56,1043,90,360,52.0
2026-04-17 11:08:31 PM,KXWTACHALLENGERMATCH-26APR18MARKRA-MAR,51,534,50,1595,49,821,48,376,47,422,53,152,54,1197,55,2397,56,1043,90,360,52.0
2026-04-17 11:09:04 PM,KXWTACHALLENGERMATCH-26APR18MARKRA-MAR,51,534,50,1595,49,821,48,376,47,422,53,152,54,1397,55,2397,56,1043,90,360,52.0
2026-04-17 11:09:05 PM,KXWTACHALLENGERMATCH-26APR18MARKRA-MAR,51,534,50,1595,49,821,48,376,47,422,53,152,54,1397,55,2197,56,1043,90,360,52.0
2026-04-17 11:09:20 PM,KXWTACHALLENGERMATCH-26APR18MARKRA-MAR,51,534,50,1595,49,821,48,376,47,422,53,152,54,1397,55,2397,56,1043,90,360,52.0
2026-04-17 11:09:20 PM,KXWTACHALLENGERMATCH-26APR18MARKRA-MAR,51,534,50,1595,49,821,48,376,47,422,53,152,54,1197,55,2397,56,1043,90,360,52.0
2026-04-17 11:09:45 PM,KXWTACHALLENGERMATCH-26APR18MARKRA-MAR,51,534,50,1595,49,821,48,376,47,422,53,152,54,1397,55,2397,56,1043,90,360,52.0
2026-04-17 11:09:46 PM,KXWTACHALLENGERMATCH-26APR18MARKRA-MAR,51,534,50,1595,49,821,48,376,47,422,53,152,54,1397,55,2197,56,1043,90,360,52.0
2026-04-17 11:10:22 PM,KXWTACHALLENGERMATCH-26APR18MARKRA-MAR,51,534,50,1595,49,821,48,376,47,422,53,152,54,1397,55,808,56,1043,90,360,52.0
2026-04-17 11:10:22 PM,KXWTACHALLENGERMATCH-26APR18MARKRA-MAR,51,534,50,1595,49,821,48,376,47,422,53,152,54,1397,55,2197,56,1043,90,360,52.0
2026-04-17 11:12:50 PM,KXWTACHALLENGERMATCH-26APR18MARKRA-MAR,51,534,50,1595,49,821,48,376,47,422,53,152,54,1397,55,808,56,1043,90,360,52.0
2026-04-17 11:12:50 PM,KXWTACHALLENGERMATCH-26APR18MARKRA-MAR,51,534,50,1595,49,821,48,376,47,422,53,152,54,1397,55,2197,56,1043,90,360,52.0
2026-04-17 11:15:01 PM,KXWTACHALLENGERMATCH-26APR18MARKRA-MAR,51,534,50,1595,49,821,48,376,47,422,53,152,54,1397,55,808,56,1043,90,360,52.0
2026-04-17 11:15:01 PM,KXWTACHALLENGERMATCH-26APR18MARKRA-MAR,51,534,50,1595,49,821,48,376,47,422,53,152,54,1397,55,2197,56,1043,90,360,52.0
2026-04-17 11:17:14 PM,KXWTACHALLENGERMATCH-26APR18MARKRA-MAR,51,534,50,1595,49,821,48,376,47,422,53,152,54,1397,55,3586,56,1043,90,360,52.0
2026-04-17 11:17:14 PM,KXWTACHALLENGERMATCH-26APR18MARKRA-MAR,51,534,50,1595,49,821,48,376,47,422,53,152,54,1397,55,2197,56,1043,90,360,52.0
2026-04-17 11:19:07 PM,KXWTACHALLENGERMATCH-26APR18MARKRA-MAR,51,534,50,1595,49,821,48,376,47,422,53,152,54,1397,55,3586,56,1043,90,360,52.0
2026-04-17 11:19:07 PM,KXWTACHALLENGERMATCH-26APR18MARKRA-MAR,51,534,50,1595,49,821,48,376,47,422,53,152,54,1397,55,2197,56,1043,90,360,52.0
2026-04-17 11:20:41 PM,KXWTACHALLENGERMATCH-26APR18MARKRA-MAR,51,534,50,1595,49,821,48,376,47,422,53,152,54,1397,55,808,56,1043,90,360,52.0
2026-04-17 11:20:41 PM,KXWTACHALLENGERMATCH-26APR18MARKRA-MAR,51,534,50,1595,49,821,48,376,47,422,53,152,54,1397,55,2197,56,1043,90,360,52.0
2026-04-17 11:22:27 PM,KXWTACHALLENGERMATCH-26APR18MARKRA-MAR,51,534,50,1595,49,821,48,376,47,422,53,152,54,1397,55,3586,56,1043,90,360,52.0
2026-04-17 11:22:28 PM,KXWTACHALLENGERMATCH-26APR18MARKRA-MAR,51,534,50,1595,49,821,48,376,47,422,53,152,54,1397,55,2197,56,1043,90,360,52.0
2026-04-17 11:24:11 PM,KXWTACHALLENGERMATCH-26APR18MARKRA-MAR,51,534,50,1595,49,821,48,376,47,422,53,152,54,1397,55,808,56,1043,90,360,52.0
2026-04-17 11:24:11 PM,KXWTACHALLENGERMATCH-26APR18MARKRA-MAR,51,534,50,1595,49,821,48,376,47,422,53,152,54,1397,55,2197,56,1043,90,360,52.0
2026-04-17 11:26:12 PM,KXWTACHALLENGERMATCH-26APR18MARKRA-MAR,51,534,50,1595,49,821,48,376,47,422,53,152,54,1397,55,808,56,1043,90,360,52.0
2026-04-17 11:26:12 PM,KXWTACHALLENGERMATCH-26APR18MARKRA-MAR,51,534,50,1595,49,821,48,376,47,422,53,152,54,1397,55,2197,56,1043,90,360,52.0
2026-04-17 11:27:55 PM,KXWTACHALLENGERMATCH-26APR18MARKRA-MAR,51,534,50,1595,49,821,48,376,47,422,53,152,54,1397,55,808,56,1043,90,360,52.0
2026-04-17 11:27:55 PM,KXWTACHALLENGERMATCH-26APR18MARKRA-MAR,51,534,50,1595,49,821,48,376,47,422,53,152,54,1397,55,2197,56,1043,90,360,52.0
2026-04-17 11:30:10 PM,KXWTACHALLENGERMATCH-26APR18MARKRA-MAR,51,534,50,1595,49,821,48,376,47,422,53,152,54,1397,55,808,56,1043,90,360,52.0
2026-04-17 11:30:10 PM,KXWTACHALLENGERMATCH-26APR18MARKRA-MAR,51,534,50,1595,49,821,48,376,47,422,53,152,54,1397,55,2197,56,1043,90,360,52.0
2026-04-17 11:32:05 PM,KXWTACHALLENGERMATCH-26APR18MARKRA-MAR,51,534,50,1595,49,821,48,376,47,422,53,152,54,1397,55,808,56,1043,90,360,52.0
2026-04-17 11:32:05 PM,KXWTACHALLENGERMATCH-26APR18MARKRA-MAR,51,534,50,1595,49,821,48,376,47,422,53,152,54,1397,55,2197,56,1043,90,360,52.0
2026-04-17 11:32:28 PM,KXWTACHALLENGERMATCH-26APR18MARKRA-MAR,51,734,50,1595,49,821,48,376,47,422,53,152,54,1397,55,2197,56,1043,90,360,52.0
2026-04-17 11:32:28 PM,KXWTACHALLENGERMATCH-26APR18MARKRA-MAR,51,734,50,1595,49,821,48,376,47,422,53,152,54,1397,55,2397,56,1043,90,360,52.0
2026-04-17 11:32:28 PM,KXWTACHALLENGERMATCH-26APR18MARKRA-MAR,51,734,50,1595,49,821,48,376,47,422,53,152,54,1197,55,2397,56,1043,90,360,52.0
2026-04-17 11:32:29 PM,KXWTACHALLENGERMATCH-26APR18MARKRA-MAR,51,734,50,1395,49,821,48,376,47,422,53,152,54,1197,55,2397,56,1043,90,360,52.0
2026-04-17 11:32:33 PM,KXWTACHALLENGERMATCH-26APR18MARKRA-MAR,51,534,50,1395,49,821,48,376,47,422,53,152,54,1197,55,2397,56,1043,90,360,52.0
2026-04-17 11:32:37 PM,KXWTACHALLENGERMATCH-26APR18MARKRA-MAR,51,534,50,1595,49,821,48,376,47,422,53,152,54,1197,55,2397,56,1043,90,360,52.0
2026-04-17 11:32:45 PM,KXWTACHALLENGERMATCH-26APR18MARKRA-MAR,51,734,50,1595,49,821,48,376,47,422,53,152,54,1197,55,2397,56,1043,90,360,52.0
2026-04-17 11:32:45 PM,KXWTACHALLENGERMATCH-26APR18MARKRA-MAR,51,734,50,1395,49,821,48,376,47,422,53,152,54,1197,55,2397,56,1043,90,360,52.0
2026-04-17 11:32:52 PM,KXWTACHALLENGERMATCH-26APR18MARKRA-MAR,51,534,50,1395,49,821,48,376,47,422,53,152,54,1197,55,2397,56,1043,90,360,52.0
2026-04-17 11:32:57 PM,KXWTACHALLENGERMATCH-26APR18MARKRA-MAR,51,734,50,1395,49,821,48,376,47,422,53,152,54,1197,55,2397,56,1043,90,360,52.0
2026-04-17 11:33:02 PM,KXWTACHALLENGERMATCH-26APR18MARKRA-MAR,51,534,50,1395,49,821,48,376,47,422,53,152,54,1197,55,2397,56,1043,90,360,52.0
2026-04-17 11:33:06 PM,KXWTACHALLENGERMATCH-26APR18MARKRA-MAR,51,534,50,1595,49,821,48,376,47,422,53,152,54,1197,55,2397,56,1043,90,360,52.0
2026-04-17 11:33:16 PM,KXWTACHALLENGERMATCH-26APR18MARKRA-MAR,51,734,50,1595,49,821,48,376,47,422,53,152,54,1197,55,2397,56,1043,90,360,52.0
2026-04-17 11:33:17 PM,KXWTACHALLENGERMATCH-26APR18MARKRA-MAR,51,734,50,1395,49,821,48,376,47,422,53,152,54,1197,55,2397,56,1043,90,360,52.0
2026-04-17 11:33:20 PM,KXWTACHALLENGERMATCH-26APR18MARKRA-MAR,51,534,50,1395,49,821,48,376,47,422,53,152,54,1197,55,2397,56,1043,90,360,52.0
2026-04-17 11:33:26 PM,KXWTACHALLENGERMATCH-26APR18MARKRA-MAR,51,534,50,1595,49,821,48,376,47,422,53,152,54,1197,55,2397,56,1043,90,360,52.0
2026-04-17 11:33:26 PM,KXWTACHALLENGERMATCH-26APR18MARKRA-MAR,51,534,50,1595,49,821,48,376,47,422,53,152,54,1397,55,2397,56,1043,90,360,52.0
2026-04-17 11:33:27 PM,KXWTACHALLENGERMATCH-26APR18MARKRA-MAR,51,534,50,1595,49,821,48,376,47,422,53,152,54,1397,55,2197,56,1043,90,360,52.0
2026-04-17 11:33:37 PM,KXWTACHALLENGERMATCH-26APR18MARKRA-MAR,51,734,50,1595,49,821,48,376,47,422,53,152,54,1397,55,2197,56,1043,90,360,52.0
2026-04-17 11:33:37 PM,KXWTACHALLENGERMATCH-26APR18MARKRA-MAR,51,734,50,1595,49,821,48,376,47,422,53,152,54,1397,55,2397,56,1043,90,360,52.0
2026-04-17 11:33:37 PM,KXWTACHALLENGERMATCH-26APR18MARKRA-MAR,51,734,50,1595,49,821,48,376,47,422,53,152,54,1197,55,2397,56,1043,90,360,52.0
2026-04-17 11:33:38 PM,KXWTACHALLENGERMATCH-26APR18MARKRA-MAR,51,734,50,1395,49,821,48,376,47,422,53,152,54,1197,55,2397,56,1043,90,360,52.0
2026-04-17 11:33:42 PM,KXWTACHALLENGERMATCH-26APR18MARKRA-MAR,51,534,50,1395,49,821,48,376,47,422,53,152,54,1197,55,2397,56,1043,90,360,52.0
2026-04-17 11:33:48 PM,KXWTACHALLENGERMATCH-26APR18MARKRA-MAR,51,534,50,1395,49,821,48,376,47,422,53,152,54,1197,55,3786,56,1043,90,360,52.0
2026-04-17 11:33:48 PM,KXWTACHALLENGERMATCH-26APR18MARKRA-MAR,51,534,50,1395,49,821,48,376,47,422,53,152,54,1197,55,2397,56,1043,90,360,52.0
2026-04-17 11:33:48 PM,KXWTACHALLENGERMATCH-26APR18MARKRA-MAR,51,534,50,1595,49,821,48,376,47,422,53,152,54,1197,55,2397,56,1043,90,360,52.0
2026-04-17 11:33:59 PM,KXWTACHALLENGERMATCH-26APR18MARKRA-MAR,51,734,50,1595,49,821,48,376,47,422,53,152,54,1197,55,2397,56,1043,90,360,52.0
2026-04-17 11:33:59 PM,KXWTACHALLENGERMATCH-26APR18MARKRA-MAR,51,734,50,1395,49,821,48,376,47,422,53,152,54,1197,55,2397,56,1043,90,360,52.0
2026-04-17 11:34:19 PM,KXWTACHALLENGERMATCH-26APR18MARKRA-MAR,51,734,50,1595,49,821,48,376,47,422,53,152,54,1197,55,2397,56,1043,90,360,52.0
2026-04-17 11:34:19 PM,KXWTACHALLENGERMATCH-26APR18MARKRA-MAR,51,734,50,1595,49,821,48,376,47,422,53,152,54,1397,55,2397,56,1043,90,360,52.0
2026-04-17 11:34:19 PM,KXWTACHALLENGERMATCH-26APR18MARKRA-MAR,51,534,50,1595,49,821,48,376,47,422,53,152,54,1397,55,2397,56,1043,90,360,52.0
2026-04-17 11:34:19 PM,KXWTACHALLENGERMATCH-26APR18MARKRA-MAR,51,534,50,1595,49,821,48,376,47,422,53,152,54,1397,55,2197,56,1043,90,360,52.0
2026-04-17 11:34:29 PM,KXWTACHALLENGERMATCH-26APR18MARKRA-MAR,51,534,50,1595,49,821,48,376,47,422,53,152,54,1397,55,2397,56,1043,90,360,52.0
2026-04-17 11:34:29 PM,KXWTACHALLENGERMATCH-26APR18MARKRA-MAR,51,534,50,1595,49,821,48,376,47,422,53,152,54,1197,55,2397,56,1043,90,360,52.0
2026-04-17 11:34:29 PM,KXWTACHALLENGERMATCH-26APR18MARKRA-MAR,51,734,50,1595,49,821,48,376,47,422,53,152,54,1197,55,2397,56,1043,90,360,52.0
2026-04-17 11:34:30 PM,KXWTACHALLENGERMATCH-26APR18MARKRA-MAR,51,734,50,1395,49,821,48,376,47,422,53,152,54,1197,55,2397,56,1043,90,360,52.0
2026-04-17 11:34:39 PM,KXWTACHALLENGERMATCH-26APR18MARKRA-MAR,51,734,50,1595,49,821,48,376,47,422,53,152,54,1197,55,2397,56,1043,90,360,52.0
2026-04-17 11:34:39 PM,KXWTACHALLENGERMATCH-26APR18MARKRA-MAR,51,534,50,1595,49,821,48,376,47,422,53,152,54,1197,55,2397,56,1043,90,360,52.0
2026-04-17 11:34:51 PM,KXWTACHALLENGERMATCH-26APR18MARKRA-MAR,51,534,50,1595,49,821,48,376,47,422,53,152,54,1197,55,2197,56,1043,90,360,52.0
2026-04-17 11:34:52 PM,KXWTACHALLENGERMATCH-26APR18MARKRA-MAR,51,534,50,1595,49,821,48,376,47,422,53,152,54,1197,55,2397,56,1043,90,360,52.0
2026-04-17 11:35:11 PM,KXWTACHALLENGERMATCH-26APR18MARKRA-MAR,51,734,50,1595,49,821,48,376,47,422,53,152,54,1197,55,2397,56,1043,90,360,52.0
2026-04-17 11:35:12 PM,KXWTACHALLENGERMATCH-26APR18MARKRA-MAR,51,734,50,1395,49,821,48,376,47,422,53,152,54,1197,55,2397,56,1043,90,360,52.0
2026-04-17 11:35:21 PM,KXWTACHALLENGERMATCH-26APR18MARKRA-MAR,51,734,50,1595,49,821,48,376,47,422,53,152,54,1197,55,2397,56,1043,90,360,52.0
2026-04-17 11:35:21 PM,KXWTACHALLENGERMATCH-26APR18MARKRA-MAR,51,534,50,1595,49,821,48,376,47,422,53,152,54,1197,55,2397,56,1043,90,360,52.0
2026-04-17 11:35:29 PM,KXWTACHALLENGERMATCH-26APR18MARKRA-MAR,51,734,50,1595,49,821,48,376,47,422,53,152,54,1197,55,2397,56,1043,90,360,52.0
2026-04-17 11:35:30 PM,KXWTACHALLENGERMATCH-26APR18MARKRA-MAR,51,734,50,1395,49,821,48,376,47,422,53,152,54,1197,55,2397,56,1043,90,360,52.0
2026-04-17 11:35:36 PM,KXWTACHALLENGERMATCH-26APR18MARKRA-MAR,51,534,50,1395,49,821,48,376,47,422,53,152,54,1197,55,2397,56,1043,90,360,52.0
2026-04-17 11:35:39 PM,KXWTACHALLENGERMATCH-26APR18MARKRA-MAR,51,534,50,1595,49,821,48,376,47,422,53,152,54,1197,55,2397,56,1043,90,360,52.0
2026-04-17 11:35:52 PM,KXWTACHALLENGERMATCH-26APR18MARKRA-MAR,51,734,50,1595,49,821,48,376,47,422,53,152,54,1197,55,2397,56,1043,90,360,52.0
2026-04-17 11:35:52 PM,KXWTACHALLENGERMATCH-26APR18MARKRA-MAR,51,734,50,1395,49,821,48,376,47,422,53,152,54,1197,55,2397,56,1043,90,360,52.0
2026-04-17 11:36:02 PM,KXWTACHALLENGERMATCH-26APR18MARKRA-MAR,51,734,50,1395,49,821,48,376,47,422,53,152,54,1197,55,1008,56,1043,90,360,52.0
2026-04-17 11:36:02 PM,KXWTACHALLENGERMATCH-26APR18MARKRA-MAR,51,734,50,1395,49,821,48,376,47,422,53,152,54,1197,55,2397,56,1043,90,360,52.0
2026-04-17 11:38:21 PM,KXWTACHALLENGERMATCH-26APR18MARKRA-MAR,51,734,50,1395,49,821,48,376,47,422,53,152,54,1197,55,1008,56,1043,90,360,52.0
2026-04-17 11:38:21 PM,KXWTACHALLENGERMATCH-26APR18MARKRA-MAR,51,734,50,1395,49,821,48,376,47,422,53,152,54,1197,55,2397,56,1043,90,360,52.0
2026-04-17 11:40:38 PM,KXWTACHALLENGERMATCH-26APR18MARKRA-MAR,51,734,50,1395,49,821,48,376,47,422,53,149,54,1197,55,2397,56,1043,90,360,52.0
2026-04-17 11:40:50 PM,KXWTACHALLENGERMATCH-26APR18MARKRA-MAR,51,734,50,1395,49,821,48,376,47,422,53,149,54,1197,55,1008,56,1043,90,360,52.0
2026-04-17 11:40:50 PM,KXWTACHALLENGERMATCH-26APR18MARKRA-MAR,51,734,50,1395,49,821,48,376,47,422,53,149,54,1197,55,2397,56,1043,90,360,52.0
2026-04-17 11:42:55 PM,KXWTACHALLENGERMATCH-26APR18MARKRA-MAR,51,734,50,1395,49,821,48,376,47,422,53,149,54,1197,55,1008,56,1043,90,360,52.0
2026-04-17 11:42:55 PM,KXWTACHALLENGERMATCH-26APR18MARKRA-MAR,51,734,50,1395,49,821,48,376,47,422,53,149,54,1197,55,2397,56,1043,90,360,52.0
2026-04-17 11:43:57 PM,KXWTACHALLENGERMATCH-26APR18MARKRA-MAR,51,734,50,1595,49,821,48,376,47,422,53,149,54,1197,55,2397,56,1043,90,360,52.0
2026-04-17 11:43:58 PM,KXWTACHALLENGERMATCH-26APR18MARKRA-MAR,51,534,50,1595,49,821,48,376,47,422,53,149,54,1197,55,2397,56,1043,90,360,52.0
2026-04-17 11:44:07 PM,KXWTACHALLENGERMATCH-26APR18MARKRA-MAR,51,534,50,1595,49,821,48,376,47,422,53,149,54,1397,55,2397,56,1043,90,360,52.0
2026-04-17 11:44:07 PM,KXWTACHALLENGERMATCH-26APR18MARKRA-MAR,51,534,50,1595,49,821,48,376,47,422,53,149,54,1397,55,2197,56,1043,90,360,52.0
2026-04-17 11:44:08 PM,KXWTACHALLENGERMATCH-26APR18MARKRA-MAR,51,534,50,1595,49,821,48,376,47,422,53,149,54,1197,55,2197,56,1043,90,360,52.0
2026-04-17 11:44:21 PM,KXWTACHALLENGERMATCH-26APR18MARKRA-MAR,51,534,50,1595,49,821,48,376,47,422,53,149,54,1197,55,2397,56,1043,90,360,52.0
2026-04-17 11:44:31 PM,KXWTACHALLENGERMATCH-26APR18MARKRA-MAR,51,534,50,1595,49,821,48,376,47,422,53,149,54,1197,55,1008,56,1043,90,360,52.0
2026-04-17 11:44:31 PM,KXWTACHALLENGERMATCH-26APR18MARKRA-MAR,51,534,50,1595,49,821,48,376,47,422,53,149,54,1197,55,2397,56,1043,90,360,52.0
2026-04-17 11:44:37 PM,KXWTACHALLENGERMATCH-26APR18MARKRA-MAR,51,534,50,1595,49,821,48,376,47,422,53,149,54,1397,55,2397,56,1043,90,360,52.0
2026-04-17 11:44:38 PM,KXWTACHALLENGERMATCH-26APR18MARKRA-MAR,51,534,50,1595,49,821,48,376,47,422,53,149,54,1397,55,2197,56,1043,90,360,52.0
2026-04-17 11:44:41 PM,KXWTACHALLENGERMATCH-26APR18MARKRA-MAR,51,534,50,1595,49,821,48,376,47,422,53,149,54,1197,55,2197,56,1043,90,360,52.0
2026-04-17 11:44:45 PM,KXWTACHALLENGERMATCH-26APR18MARKRA-MAR,51,534,50,1595,49,821,48,376,47,422,53,149,54,1197,55,2397,56,1043,90,360,52.0
2026-04-17 11:44:47 PM,KXWTACHALLENGERMATCH-26APR18MARKRA-MAR,51,734,50,1595,49,821,48,376,47,422,53,149,54,1197,55,2397,56,1043,90,360,52.0
2026-04-17 11:44:47 PM,KXWTACHALLENGERMATCH-26APR18MARKRA-MAR,51,734,50,1395,49,821,48,376,47,422,53,149,54,1197,55,2397,56,1043,90,360,52.0
2026-04-17 11:44:50 PM,KXWTACHALLENGERMATCH-26APR18MARKRA-MAR,51,534,50,1395,49,821,48,376,47,422,53,149,54,1197,55,2397,56,1043,90,360,52.0
2026-04-17 11:44:56 PM,KXWTACHALLENGERMATCH-26APR18MARKRA-MAR,51,534,50,1595,49,821,48,376,47,422,53,149,54,1197,55,2397,56,1043,90,360,52.0
2026-04-17 11:46:07 PM,KXWTACHALLENGERMATCH-26APR18MARKRA-MAR,51,534,50,1595,49,821,48,376,47,422,53,149,54,1197,55,1008,56,1043,90,360,52.0
2026-04-17 11:46:07 PM,KXWTACHALLENGERMATCH-26APR18MARKRA-MAR,51,534,50,1595,49,821,48,376,47,422,53,149,54,1197,55,2397,56,1043,90,360,52.0
2026-04-17 11:48:24 PM,KXWTACHALLENGERMATCH-26APR18MARKRA-MAR,51,534,50,1595,49,821,48,376,47,422,53,149,54,1197,55,1008,56,1043,90,360,52.0
2026-04-17 11:48:24 PM,KXWTACHALLENGERMATCH-26APR18MARKRA-MAR,51,534,50,1595,49,821,48,376,47,422,53,149,54,1197,55,2397,56,1043,90,360,52.0
2026-04-17 11:50:41 PM,KXWTACHALLENGERMATCH-26APR18MARKRA-MAR,51,534,50,1595,49,821,48,376,47,422,53,149,54,1197,55,1008,56,1043,90,360,52.0
2026-04-17 11:50:41 PM,KXWTACHALLENGERMATCH-26APR18MARKRA-MAR,51,534,50,1595,49,821,48,376,47,422,53,149,54,1197,55,2397,56,1043,90,360,52.0
2026-04-17 11:53:11 PM,KXWTACHALLENGERMATCH-26APR18MARKRA-MAR,51,534,50,1595,49,821,48,376,47,422,53,149,54,1197,55,3786,56,1043,90,360,52.0
2026-04-17 11:53:11 PM,KXWTACHALLENGERMATCH-26APR18MARKRA-MAR,51,534,50,1595,49,821,48,376,47,422,53,149,54,1197,55,2397,56,1043,90,360,52.0
2026-04-17 11:54:51 PM,KXWTACHALLENGERMATCH-26APR18MARKRA-MAR,52,50,51,534,50,1595,49,821,48,376,53,149,54,1197,55,2397,56,1043,90,360,52.5
2026-04-17 11:55:09 PM,KXWTACHALLENGERMATCH-26APR18MARKRA-MAR,52,50,51,534,50,1595,49,821,48,376,53,149,54,1397,55,2397,56,1043,90,360,52.5
2026-04-17 11:55:09 PM,KXWTACHALLENGERMATCH-26APR18MARKRA-MAR,52,50,51,534,50,1595,49,821,48,376,53,149,54,1397,55,2197,56,1043,90,360,52.5
2026-04-17 11:55:26 PM,KXWTACHALLENGERMATCH-26APR18MARKRA-MAR,52,50,51,534,50,1595,49,821,48,376,53,149,54,1397,55,2397,56,1043,90,360,52.5
2026-04-17 11:55:26 PM,KXWTACHALLENGERMATCH-26APR18MARKRA-MAR,52,50,51,534,50,1595,49,821,48,376,53,149,54,1197,55,2397,56,1043,90,360,52.5
2026-04-17 11:55:27 PM,KXWTACHALLENGERMATCH-26APR18MARKRA-MAR,52,50,51,534,50,1595,49,821,48,376,53,149,54,1197,55,2197,56,1043,90,360,52.5
2026-04-17 11:55:34 PM,KXWTACHALLENGERMATCH-26APR18MARKRA-MAR,52,50,51,534,50,1595,49,821,48,376,53,149,54,1197,55,808,56,1043,90,360,52.5
2026-04-17 11:55:34 PM,KXWTACHALLENGERMATCH-26APR18MARKRA-MAR,52,50,51,534,50,1595,49,821,48,376,53,149,54,1197,55,2197,56,1043,90,360,52.5
2026-04-17 11:55:34 PM,KXWTACHALLENGERMATCH-26APR18MARKRA-MAR,52,50,51,534,50,1595,49,821,48,376,53,149,54,1397,55,2197,56,1043,90,360,52.5
2026-04-17 11:56:14 PM,KXWTACHALLENGERMATCH-26APR18MARKRA-MAR,52,50,51,734,50,1595,49,821,48,376,53,149,54,1397,55,2197,56,1043,90,360,52.5
2026-04-17 11:56:14 PM,KXWTACHALLENGERMATCH-26APR18MARKRA-MAR,52,50,51,734,50,1595,49,821,48,376,53,149,54,1397,55,2397,56,1043,90,360,52.5
2026-04-17 11:56:14 PM,KXWTACHALLENGERMATCH-26APR18MARKRA-MAR,52,50,51,734,50,1595,49,821,48,376,53,149,54,1197,55,2397,56,1043,90,360,52.5
2026-04-17 11:56:15 PM,KXWTACHALLENGERMATCH-26APR18MARKRA-MAR,52,50,51,734,50,1395,49,821,48,376,53,149,54,1197,55,2397,56,1043,90,360,52.5
2026-04-17 11:56:18 PM,KXWTACHALLENGERMATCH-26APR18MARKRA-MAR,52,50,51,534,50,1395,49,821,48,376,53,149,54,1197,55,2397,56,1043,90,360,52.5
2026-04-17 11:56:26 PM,KXWTACHALLENGERMATCH-26APR18MARKRA-MAR,52,50,51,734,50,1395,49,821,48,376,53,149,54,1197,55,2397,56,1043,90,360,52.5
2026-04-17 11:56:31 PM,KXWTACHALLENGERMATCH-26APR18MARKRA-MAR,52,50,51,534,50,1395,49,821,48,376,53,149,54,1197,55,2397,56,1043,90,360,52.5
2026-04-17 11:56:37 PM,KXWTACHALLENGERMATCH-26APR18MARKRA-MAR,52,50,51,534,50,1595,49,821,48,376,53,149,54,1197,55,2397,56,1043,90,360,52.5
2026-04-17 11:56:46 PM,KXWTACHALLENGERMATCH-26APR18MARKRA-MAR,52,50,51,734,50,1595,49,821,48,376,53,149,54,1197,55,2397,56,1043,90,360,52.5
2026-04-17 11:56:51 PM,KXWTACHALLENGERMATCH-26APR18MARKRA-MAR,52,50,51,734,50,1395,49,821,48,376,53,149,54,1197,55,2397,56,1043,90,360,52.5
2026-04-17 11:56:52 PM,KXWTACHALLENGERMATCH-26APR18MARKRA-MAR,52,50,51,534,50,1395,49,821,48,376,53,149,54,1197,55,2397,56,1043,90,360,52.5
2026-04-17 11:56:52 PM,KXWTACHALLENGERMATCH-26APR18MARKRA-MAR,52,50,51,534,50,1395,49,821,48,376,53,149,54,1197,55,2197,56,1043,90,360,52.5
2026-04-17 11:56:52 PM,KXWTACHALLENGERMATCH-26APR18MARKRA-MAR,52,50,51,534,50,1395,49,821,48,376,53,149,54,1197,55,2397,56,1043,90,360,52.5
2026-04-17 11:56:54 PM,KXWTACHALLENGERMATCH-26APR18MARKRA-MAR,52,50,51,534,50,1595,49,821,48,376,53,149,54,1197,55,2397,56,1043,90,360,52.5
2026-04-17 11:57:00 PM,KXWTACHALLENGERMATCH-26APR18MARKRA-MAR,52,50,51,534,50,1395,49,821,48,376,53,149,54,1197,55,2397,56,1043,90,360,52.5
2026-04-17 11:57:03 PM,KXWTACHALLENGERMATCH-26APR18MARKRA-MAR,52,50,51,534,50,1595,49,821,48,376,53,149,54,1197,55,2397,56,1043,90,360,52.5
2026-04-17 11:57:06 PM,KXWTACHALLENGERMATCH-26APR18MARKRA-MAR,52,50,51,534,50,1395,49,821,48,376,53,149,54,1197,55,2397,56,1043,90,360,52.5
2026-04-17 11:57:15 PM,KXWTACHALLENGERMATCH-26APR18MARKRA-MAR,52,50,51,534,50,1595,49,821,48,376,53,149,54,1197,55,2397,56,1043,90,360,52.5
2026-04-17 11:57:22 PM,KXWTACHALLENGERMATCH-26APR18MARKRA-MAR,52,50,51,534,50,1395,49,821,48,376,53,149,54,1197,55,2397,56,1043,90,360,52.5
2026-04-17 11:57:30 PM,KXWTACHALLENGERMATCH-26APR18MARKRA-MAR,52,50,51,534,50,1595,49,821,48,376,53,149,54,1197,55,2397,56,1043,90,360,52.5
2026-04-17 11:57:30 PM,KXWTACHALLENGERMATCH-26APR18MARKRA-MAR,52,50,51,534,50,1595,49,821,48,376,53,149,54,1197,55,2197,56,1043,90,360,52.5
2026-04-17 11:57:30 PM,KXWTACHALLENGERMATCH-26APR18MARKRA-MAR,52,50,51,534,50,1595,49,821,48,376,53,149,54,1397,55,2197,56,1043,90,360,52.5
2026-04-17 11:57:31 PM,KXWTACHALLENGERMATCH-26APR18MARKRA-MAR,52,50,51,534,50,1595,49,821,48,376,53,149,54,1197,55,2197,56,1043,90,360,52.5
2026-04-17 11:57:38 PM,KXWTACHALLENGERMATCH-26APR18MARKRA-MAR,52,50,51,534,50,1595,49,821,48,376,53,149,54,1197,55,2397,56,1043,90,360,52.5
2026-04-17 11:57:41 PM,KXWTACHALLENGERMATCH-26APR18MARKRA-MAR,52,50,51,534,50,1595,49,821,48,376,53,149,54,1197,55,1008,56,1043,90,360,52.5
2026-04-17 11:57:41 PM,KXWTACHALLENGERMATCH-26APR18MARKRA-MAR,52,50,51,534,50,1595,49,821,48,376,53,149,54,1197,55,2397,56,1043,90,360,52.5
2026-04-17 11:59:44 PM,KXWTACHALLENGERMATCH-26APR18MARKRA-MAR,52,50,51,534,50,1595,49,821,48,376,53,149,54,1197,55,3786,56,1043,90,360,52.5
2026-04-17 11:59:44 PM,KXWTACHALLENGERMATCH-26APR18MARKRA-MAR,52,50,51,534,50,1595,49,821,48,376,53,149,54,1197,55,2397,56,1043,90,360,52.5
2026-04-18 12:00:12 AM,KXWTACHALLENGERMATCH-26APR18MARKRA-MAR,52,50,51,534,50,1595,49,821,48,376,53,149,54,1397,55,2397,56,1043,90,360,52.5
2026-04-18 12:00:13 AM,KXWTACHALLENGERMATCH-26APR18MARKRA-MAR,52,50,51,534,50,1595,49,821,48,376,53,149,54,1397,55,2197,56,1043,90,360,52.5
2026-04-18 12:00:13 AM,KXWTACHALLENGERMATCH-26APR18MARKRA-MAR,52,50,51,734,50,1595,49,821,48,376,53,149,54,1397,55,2197,56,1043,90,360,52.5
2026-04-18 12:00:13 AM,KXWTACHALLENGERMATCH-26APR18MARKRA-MAR,52,50,51,734,50,1595,49,821,48,376,53,149,54,1397,55,2197,56,1043,89,999,52.5
2026-04-18 12:00:13 AM,KXWTACHALLENGERMATCH-26APR18MARKRA-MAR,52,50,51,734,50,1595,49,821,48,376,53,149,54,1197,55,2197,56,1043,89,999,52.5
2026-04-18 12:00:13 AM,KXWTACHALLENGERMATCH-26APR18MARKRA-MAR,52,50,51,734,50,1395,49,821,48,376,53,149,54,1197,55,2197,56,1043,89,999,52.5
2026-04-18 12:00:14 AM,KXWTACHALLENGERMATCH-26APR18MARKRA-MAR,52,50,51,534,50,1395,49,821,48,376,53,149,54,1197,55,2197,56,1043,89,999,52.5
2026-04-18 12:00:21 AM,KXWTACHALLENGERMATCH-26APR18MARKRA-MAR,52,50,51,534,50,1595,49,821,48,376,53,149,54,1197,55,2197,56,1043,89,999,52.5
2026-04-18 12:00:21 AM,KXWTACHALLENGERMATCH-26APR18MARKRA-MAR,52,50,51,534,50,1595,49,821,48,376,53,149,54,1397,55,2197,56,1043,89,999,52.5
2026-04-18 12:00:22 AM,KXWTACHALLENGERMATCH-26APR18MARKRA-MAR,52,50,51,534,50,1595,49,821,48,376,53,149,54,1397,55,2197,56,1043,88,425,52.5
2026-04-18 12:00:22 AM,KXWTACHALLENGERMATCH-26APR18MARKRA-MAR,52,50,51,534,50,1595,49,821,48,376,53,149,54,1397,55,2197,56,1043,87,999,52.5
2026-04-18 12:00:30 AM,KXWTACHALLENGERMATCH-26APR18MARKRA-MAR,52,50,51,734,50,1595,49,821,48,376,53,149,54,1397,55,2197,56,1043,87,999,52.5
2026-04-18 12:00:30 AM,KXWTACHALLENGERMATCH-26APR18MARKRA-MAR,52,50,51,734,50,1595,49,821,48,376,53,149,54,1397,55,2397,56,1043,87,999,52.5
2026-04-18 12:00:30 AM,KXWTACHALLENGERMATCH-26APR18MARKRA-MAR,52,50,51,734,50,1595,49,821,48,376,53,149,54,1197,55,2397,56,1043,87,999,52.5
2026-04-18 12:00:30 AM,KXWTACHALLENGERMATCH-26APR18MARKRA-MAR,52,50,51,734,50,1595,49,821,48,376,53,149,54,1197,55,2397,56,1043,86,279,52.5
2026-04-18 12:00:30 AM,KXWTACHALLENGERMATCH-26APR18MARKRA-MAR,52,50,51,734,50,1595,49,821,48,376,53,149,54,1197,55,2397,56,1043,85,999,52.5
2026-04-18 12:00:30 AM,KXWTACHALLENGERMATCH-26APR18MARKRA-MAR,52,50,51,734,50,1395,49,821,48,376,53,149,54,1197,55,2397,56,1043,85,999,52.5
2026-04-18 12:00:34 AM,KXWTACHALLENGERMATCH-26APR18MARKRA-MAR,52,50,51,534,50,1395,49,821,48,376,53,149,54,1197,55,2397,56,1043,85,999,52.5
2026-04-18 12:00:34 AM,KXWTACHALLENGERMATCH-26APR18MARKRA-MAR,52,50,51,534,50,1395,49,821,48,376,53,149,54,1197,55,2197,56,1043,85,999,52.5
2026-04-18 12:00:38 AM,KXWTACHALLENGERMATCH-26APR18MARKRA-MAR,52,50,51,534,50,1595,49,821,48,376,53,149,54,1197,55,2197,56,1043,85,999,52.5
2026-04-18 12:00:38 AM,KXWTACHALLENGERMATCH-26APR18MARKRA-MAR,52,50,51,534,50,1595,49,821,48,376,53,149,54,1197,55,2397,56,1043,85,999,52.5
2026-04-18 12:00:53 AM,KXWTACHALLENGERMATCH-26APR18MARKRA-MAR,52,50,51,534,50,1595,49,821,48,378,53,149,54,1197,55,2397,56,1043,85,999,52.5
2026-04-18 12:00:53 AM,KXWTACHALLENGERMATCH-26APR18MARKRA-MAR,52,50,51,534,50,1595,49,821,48,378,53,149,54,1197,55,2397,56,1045,85,999,52.5
2026-04-18 12:00:53 AM,KXWTACHALLENGERMATCH-26APR18MARKRA-MAR,52,50,51,534,50,1595,49,821,48,378,53,149,54,1197,55,2397,56,1045,57,2,52.5
2026-04-18 12:01:04 AM,KXWTACHALLENGERMATCH-26APR18MARKRA-MAR,52,50,51,534,50,1595,49,821,48,378,53,149,54,1397,55,2397,56,1045,57,2,52.5
2026-04-18 12:01:15 AM,KXWTACHALLENGERMATCH-26APR18MARKRA-MAR,52,50,51,534,50,1595,49,821,48,378,53,149,54,1397,55,2197,56,1045,57,2,52.5
2026-04-18 12:02:05 AM,KXWTACHALLENGERMATCH-26APR18MARKRA-MAR,52,50,51,534,50,1595,49,821,48,378,53,149,54,1397,55,808,56,1045,57,2,52.5
2026-04-18 12:02:05 AM,KXWTACHALLENGERMATCH-26APR18MARKRA-MAR,52,50,51,534,50,1595,49,821,48,378,53,149,54,1397,55,2197,56,1045,57,2,52.5
2026-04-18 12:04:28 AM,KXWTACHALLENGERMATCH-26APR18MARKRA-MAR,52,50,51,534,50,1595,49,821,48,378,53,149,54,1397,55,3586,56,1045,57,2,52.5
2026-04-18 12:04:28 AM,KXWTACHALLENGERMATCH-26APR18MARKRA-MAR,52,50,51,534,50,1595,49,821,48,378,53,149,54,1397,55,2197,56,1045,57,2,52.5
2026-04-18 12:06:18 AM,KXWTACHALLENGERMATCH-26APR18MARKRA-MAR,52,50,51,534,50,1595,49,821,48,378,53,149,54,1397,55,808,56,1045,57,2,52.5
2026-04-18 12:06:18 AM,KXWTACHALLENGERMATCH-26APR18MARKRA-MAR,52,50,51,534,50,1595,49,821,48,378,53,149,54,1397,55,2197,56,1045,57,2,52.5
2026-04-18 12:08:39 AM,KXWTACHALLENGERMATCH-26APR18MARKRA-MAR,52,50,51,534,50,1595,49,821,48,378,53,149,54,1397,55,808,56,1045,57,2,52.5
2026-04-18 12:08:39 AM,KXWTACHALLENGERMATCH-26APR18MARKRA-MAR,52,50,51,534,50,1595,49,821,48,378,53,149,54,1397,55,2197,56,1045,57,2,52.5
2026-04-18 12:10:52 AM,KXWTACHALLENGERMATCH-26APR18MARKRA-MAR,52,50,51,534,50,1595,49,821,48,378,53,149,54,1397,55,808,56,1045,57,2,52.5
2026-04-18 12:10:52 AM,KXWTACHALLENGERMATCH-26APR18MARKRA-MAR,52,50,51,534,50,1595,49,821,48,378,53,149,54,1397,55,2197,56,1045,57,2,52.5
2026-04-18 12:13:00 AM,KXWTACHALLENGERMATCH-26APR18MARKRA-MAR,52,50,51,534,50,1595,49,821,48,378,53,149,54,1397,55,808,56,1045,57,2,52.5
2026-04-18 12:13:00 AM,KXWTACHALLENGERMATCH-26APR18MARKRA-MAR,52,50,51,534,50,1595,49,821,48,378,53,149,54,1397,55,2197,56,1045,57,2,52.5
2026-04-18 12:14:16 AM,KXWTACHALLENGERMATCH-26APR18MARKRA-MAR,52,50,51,534,50,1595,49,821,48,378,53,149,54,1397,55,2397,56,1045,57,2,52.5
2026-04-18 12:14:17 AM,KXWTACHALLENGERMATCH-26APR18MARKRA-MAR,52,50,51,534,50,1595,49,821,48,378,53,149,54,1197,55,2397,56,1045,57,2,52.5
2026-04-18 12:14:17 AM,KXWTACHALLENGERMATCH-26APR18MARKRA-MAR,52,50,51,534,50,1395,49,821,48,378,53,149,54,1197,55,2397,56,1045,57,2,52.5
2026-04-18 12:14:17 AM,KXWTACHALLENGERMATCH-26APR18MARKRA-MAR,52,50,51,534,50,1595,49,821,48,378,53,149,54,1197,55,2397,56,1045,57,2,52.5
2026-04-18 12:14:31 AM,KXWTACHALLENGERMATCH-26APR18MARKRA-MAR,52,50,51,534,50,1595,49,821,48,378,53,149,54,1197,55,1008,56,1045,57,2,52.5
2026-04-18 12:14:31 AM,KXWTACHALLENGERMATCH-26APR18MARKRA-MAR,52,50,51,534,50,1595,49,821,48,378,53,149,54,1197,55,2397,56,1045,57,2,52.5
2026-04-18 12:16:05 AM,KXWTACHALLENGERMATCH-26APR18MARKRA-MAR,52,50,51,534,50,1595,49,821,48,378,53,149,54,1197,55,1008,56,1045,57,2,52.5
2026-04-18 12:16:05 AM,KXWTACHALLENGERMATCH-26APR18MARKRA-MAR,52,50,51,534,50,1595,49,821,48,378,53,149,54,1197,55,2397,56,1045,57,2,52.5
2026-04-18 12:18:22 AM,KXWTACHALLENGERMATCH-26APR18MARKRA-MAR,52,50,51,534,50,1595,49,821,48,378,53,149,54,1197,55,1008,56,1045,57,2,52.5
2026-04-18 12:18:22 AM,KXWTACHALLENGERMATCH-26APR18MARKRA-MAR,52,50,51,534,50,1595,49,821,48,378,53,149,54,1197,55,2397,56,1045,57,2,52.5
2026-04-18 12:19:22 AM,KXWTACHALLENGERMATCH-26APR18MARKRA-MAR,52,50,51,509,50,1595,49,821,48,378,53,149,54,1197,55,2397,56,1045,57,2,52.5
2026-04-18 12:19:22 AM,KXWTACHALLENGERMATCH-26APR18MARKRA-MAR,52,50,51,509,50,1572,49,821,48,378,53,149,54,1197,55,2397,56,1045,57,2,52.5
2026-04-18 12:19:22 AM,KXWTACHALLENGERMATCH-26APR18MARKRA-MAR,52,50,51,509,50,1572,49,821,48,378,53,149,54,1197,55,2374,56,1045,57,2,52.5
2026-04-18 12:19:22 AM,KXWTACHALLENGERMATCH-26APR18MARKRA-MAR,52,50,51,509,50,1572,49,821,48,378,53,149,54,1172,55,2374,56,1045,57,2,52.5
2026-04-18 12:19:22 AM,KXWTACHALLENGERMATCH-26APR18MARKRA-MAR,52,50,51,534,50,1572,49,821,48,378,53,149,54,1172,55,2374,56,1045,57,2,52.5
2026-04-18 12:19:22 AM,KXWTACHALLENGERMATCH-26APR18MARKRA-MAR,52,50,51,534,50,1597,49,821,48,378,53,149,54,1172,55,2374,56,1045,57,2,52.5
2026-04-18 12:19:22 AM,KXWTACHALLENGERMATCH-26APR18MARKRA-MAR,52,50,51,534,50,1597,49,821,48,378,53,149,54,1197,55,2374,56,1045,57,2,52.5
2026-04-18 12:19:22 AM,KXWTACHALLENGERMATCH-26APR18MARKRA-MAR,52,50,51,534,50,1597,49,821,48,378,53,149,54,1197,55,2399,56,1045,57,2,52.5
2026-04-18 12:20:13 AM,KXWTACHALLENGERMATCH-26APR18MARKRA-MAR,52,50,51,534,50,1597,49,821,48,378,53,149,54,1197,55,1010,56,1045,57,2,52.5
2026-04-18 12:20:13 AM,KXWTACHALLENGERMATCH-26APR18MARKRA-MAR,52,50,51,534,50,1597,49,821,48,378,53,149,54,1197,55,2399,56,1045,57,2,52.5
2026-04-18 12:22:33 AM,KXWTACHALLENGERMATCH-26APR18MARKRA-MAR,52,50,51,534,50,1597,49,821,48,378,53,149,54,1197,55,1010,56,1045,57,2,52.5
2026-04-18 12:22:33 AM,KXWTACHALLENGERMATCH-26APR18MARKRA-MAR,52,50,51,534,50,1597,49,821,48,378,53,149,54,1197,55,2399,56,1045,57,2,52.5
2026-04-18 12:25:00 AM,KXWTACHALLENGERMATCH-26APR18MARKRA-MAR,52,50,51,534,50,1597,49,821,48,378,53,149,54,1197,55,1010,56,1045,57,2,52.5
2026-04-18 12:25:00 AM,KXWTACHALLENGERMATCH-26APR18MARKRA-MAR,52,50,51,534,50,1597,49,821,48,378,53,149,54,1197,55,2399,56,1045,57,2,52.5
2026-04-18 12:26:46 AM,KXWTACHALLENGERMATCH-26APR18MARKRA-MAR,52,50,51,534,50,1597,49,821,48,378,53,149,54,1197,55,1010,56,1045,57,2,52.5
2026-04-18 12:26:46 AM,KXWTACHALLENGERMATCH-26APR18MARKRA-MAR,52,50,51,534,50,1597,49,821,48,378,53,149,54,1197,55,2399,56,1045,57,2,52.5
2026-04-18 12:28:16 AM,KXWTACHALLENGERMATCH-26APR18MARKRA-MAR,52,50,51,534,50,1597,49,821,48,378,53,149,54,1197,55,3788,56,1045,57,2,52.5
2026-04-18 12:28:16 AM,KXWTACHALLENGERMATCH-26APR18MARKRA-MAR,52,50,51,534,50,1597,49,821,48,378,53,149,54,1197,55,2399,56,1045,57,2,52.5
2026-04-18 12:30:02 AM,KXWTACHALLENGERMATCH-26APR18MARKRA-MAR,52,50,51,534,50,1597,49,821,48,378,53,149,54,1197,55,1010,56,1045,57,2,52.5
2026-04-18 12:30:02 AM,KXWTACHALLENGERMATCH-26APR18MARKRA-MAR,52,50,51,534,50,1597,49,821,48,378,53,149,54,1197,55,2399,56,1045,57,2,52.5
2026-04-18 12:31:51 AM,KXWTACHALLENGERMATCH-26APR18MARKRA-MAR,52,50,51,534,50,1597,49,821,48,378,53,149,54,1197,55,1010,56,1045,57,2,52.5
2026-04-18 12:31:51 AM,KXWTACHALLENGERMATCH-26APR18MARKRA-MAR,52,50,51,534,50,1597,49,821,48,378,53,149,54,1197,55,2399,56,1045,57,2,52.5
2026-04-18 12:34:20 AM,KXWTACHALLENGERMATCH-26APR18MARKRA-MAR,52,50,51,534,50,1597,49,821,48,378,53,149,54,1197,55,3788,56,1045,57,2,52.5
2026-04-18 12:34:20 AM,KXWTACHALLENGERMATCH-26APR18MARKRA-MAR,52,50,51,534,50,1597,49,821,48,378,53,149,54,1197,55,2399,56,1045,57,2,52.5
2026-04-18 12:36:14 AM,KXWTACHALLENGERMATCH-26APR18MARKRA-MAR,52,50,51,534,50,1597,49,821,48,378,53,149,54,1197,55,1010,56,1045,57,2,52.5
2026-04-18 12:36:14 AM,KXWTACHALLENGERMATCH-26APR18MARKRA-MAR,52,50,51,534,50,1597,49,821,48,378,53,149,54,1197,55,2399,56,1045,57,2,52.5
2026-04-18 12:39:59 AM,KXWTACHALLENGERMATCH-26APR18MARKRA-MAR,52,50,51,534,50,1597,49,821,48,378,53,149,54,1197,55,1010,56,1045,57,2,52.5
2026-04-18 12:39:59 AM,KXWTACHALLENGERMATCH-26APR18MARKRA-MAR,52,50,51,534,50,1597,49,821,48,378,53,149,54,1197,55,2399,56,1045,57,2,52.5
2026-04-18 12:41:49 AM,KXWTACHALLENGERMATCH-26APR18MARKRA-MAR,52,50,51,534,50,1597,49,821,48,378,53,149,54,1197,55,1010,56,1045,57,2,52.5
2026-04-18 12:41:49 AM,KXWTACHALLENGERMATCH-26APR18MARKRA-MAR,52,50,51,534,50,1597,49,821,48,378,53,149,54,1197,55,2399,56,1045,57,2,52.5
2026-04-18 12:44:01 AM,KXWTACHALLENGERMATCH-26APR18MARKRA-MAR,52,50,51,534,50,1597,49,821,48,378,53,149,54,1197,55,1010,56,1045,57,2,52.5
2026-04-18 12:44:01 AM,KXWTACHALLENGERMATCH-26APR18MARKRA-MAR,52,50,51,534,50,1597,49,821,48,378,53,149,54,1197,55,2399,56,1045,57,2,52.5
2026-04-18 12:46:23 AM,KXWTACHALLENGERMATCH-26APR18MARKRA-MAR,52,50,51,534,50,1597,49,821,48,378,53,149,54,1197,55,1010,56,1045,57,2,52.5
2026-04-18 12:46:23 AM,KXWTACHALLENGERMATCH-26APR18MARKRA-MAR,52,50,51,534,50,1597,49,821,48,378,53,149,54,1197,55,2399,56,1045,57,2,52.5
2026-04-18 12:48:35 AM,KXWTACHALLENGERMATCH-26APR18MARKRA-MAR,52,50,51,534,50,1597,49,821,48,378,53,149,54,1197,55,1010,56,1045,57,2,52.5
2026-04-18 12:48:35 AM,KXWTACHALLENGERMATCH-26APR18MARKRA-MAR,52,50,51,534,50,1597,49,821,48,378,53,149,54,1197,55,2399,56,1045,57,2,52.5
2026-04-18 12:49:50 AM,KXWTACHALLENGERMATCH-26APR18MARKRA-MAR,52,50,51,509,50,1597,49,821,48,378,53,149,54,1197,55,2399,56,1045,57,2,52.5
2026-04-18 12:49:50 AM,KXWTACHALLENGERMATCH-26APR18MARKRA-MAR,52,50,51,509,50,1572,49,821,48,378,53,149,54,1197,55,2399,56,1045,57,2,52.5
2026-04-18 12:49:50 AM,KXWTACHALLENGERMATCH-26APR18MARKRA-MAR,52,50,51,509,50,1572,49,821,48,378,53,149,54,1172,55,2399,56,1045,57,2,52.5
2026-04-18 12:49:50 AM,KXWTACHALLENGERMATCH-26APR18MARKRA-MAR,52,50,51,509,50,1572,49,821,48,378,53,149,54,1172,55,2374,56,1045,57,2,52.5
2026-04-18 12:49:50 AM,KXWTACHALLENGERMATCH-26APR18MARKRA-MAR,52,50,51,534,50,1572,49,821,48,378,53,149,54,1172,55,2374,56,1045,57,2,52.5
2026-04-18 12:49:50 AM,KXWTACHALLENGERMATCH-26APR18MARKRA-MAR,52,50,51,534,50,1597,49,821,48,378,53,149,54,1172,55,2374,56,1045,57,2,52.5
2026-04-18 12:49:50 AM,KXWTACHALLENGERMATCH-26APR18MARKRA-MAR,52,50,51,534,50,1597,49,821,48,378,53,149,54,1197,55,2374,56,1045,57,2,52.5
2026-04-18 12:49:50 AM,KXWTACHALLENGERMATCH-26APR18MARKRA-MAR,52,50,51,534,50,1597,49,821,48,378,53,149,54,1197,55,2399,56,1045,57,2,52.5
2026-04-18 12:50:39 AM,KXWTACHALLENGERMATCH-26APR18MARKRA-MAR,52,50,51,534,50,1597,49,821,48,378,53,149,54,1197,55,1010,56,1045,57,2,52.5
2026-04-18 12:50:39 AM,KXWTACHALLENGERMATCH-26APR18MARKRA-MAR,52,50,51,534,50,1597,49,821,48,378,53,149,54,1197,55,2399,56,1045,57,2,52.5
2026-04-18 12:52:57 AM,KXWTACHALLENGERMATCH-26APR18MARKRA-MAR,52,50,51,534,50,1597,49,821,48,378,53,149,54,1197,55,1010,56,1045,57,2,52.5
2026-04-18 12:52:57 AM,KXWTACHALLENGERMATCH-26APR18MARKRA-MAR,52,50,51,534,50,1597,49,821,48,378,53,149,54,1197,55,2399,56,1045,57,2,52.5
2026-04-18 12:53:52 AM,KXWTACHALLENGERMATCH-26APR18MARKRA-MAR,52,50,51,534,50,1597,49,821,48,378,53,149,54,1400,55,2399,56,1045,57,2,52.5
2026-04-18 12:53:52 AM,KXWTACHALLENGERMATCH-26APR18MARKRA-MAR,52,50,51,534,50,1597,49,821,48,378,53,149,54,1400,55,2199,56,1045,57,2,52.5
2026-04-18 12:53:55 AM,KXWTACHALLENGERMATCH-26APR18MARKRA-MAR,52,50,51,534,50,1597,49,821,48,378,54,1400,55,2199,56,1045,57,2,80,1897,53.0
2026-04-18 12:53:56 AM,KXWTACHALLENGERMATCH-26APR18MARKRA-MAR,52,50,51,534,50,1597,49,821,48,378,54,1400,55,2199,56,1045,57,2,80,397,53.0
2026-04-18 12:54:04 AM,KXWTACHALLENGERMATCH-26APR18MARKRA-MAR,52,50,51,737,50,1597,49,821,48,378,54,1400,55,2199,56,1045,57,2,80,397,53.0
2026-04-18 12:54:04 AM,KXWTACHALLENGERMATCH-26APR18MARKRA-MAR,52,50,51,737,50,1597,49,821,48,378,54,1400,55,2402,56,1045,57,2,80,397,53.0
2026-04-18 12:54:04 AM,KXWTACHALLENGERMATCH-26APR18MARKRA-MAR,52,50,51,737,50,1597,49,821,48,378,54,1197,55,2402,56,1045,57,2,80,397,53.0
2026-04-18 12:54:05 AM,KXWTACHALLENGERMATCH-26APR18MARKRA-MAR,52,50,51,737,50,1397,49,821,48,378,54,1197,55,2402,56,1045,57,2,80,397,53.0
2026-04-18 12:54:06 AM,KXWTACHALLENGERMATCH-26APR18MARKRA-MAR,52,50,51,534,50,1397,49,821,48,378,54,1197,55,2402,56,1045,57,2,80,397,53.0
2026-04-18 12:54:18 AM,KXWTACHALLENGERMATCH-26APR18MARKRA-MAR,52,50,51,534,50,1600,49,821,48,378,54,1197,55,2402,56,1045,57,2,80,397,53.0
2026-04-18 12:55:12 AM,KXWTACHALLENGERMATCH-26APR18MARKRA-MAR,52,50,51,534,50,1600,49,821,48,378,54,1197,55,1013,56,1045,57,2,80,397,53.0
2026-04-18 12:55:12 AM,KXWTACHALLENGERMATCH-26APR18MARKRA-MAR,52,50,51,534,50,1600,49,821,48,378,54,1197,55,2402,56,1045,57,2,80,397,53.0
2026-04-18 12:56:39 AM,KXWTACHALLENGERMATCH-26APR18MARKRA-MAR,51,534,50,1600,49,821,48,378,47,424,54,1197,55,2402,56,1045,57,2,80,397,52.5
2026-04-18 12:56:39 AM,KXWTACHALLENGERMATCH-26APR18MARKRA-MAR,53,50,51,534,50,1600,49,821,48,378,54,1197,55,2402,56,1045,57,2,80,397,53.5
2026-04-18 12:56:39 AM,KXWTACHALLENGERMATCH-26APR18MARKRA-MAR,53,50,51,534,50,1397,49,821,48,378,54,1197,55,2402,56,1045,57,2,80,397,53.5
2026-04-18 12:56:39 AM,KXWTACHALLENGERMATCH-26APR18MARKRA-MAR,53,50,51,534,50,1600,49,821,48,378,54,1197,55,2402,56,1045,57,2,80,397,53.5
2026-04-18 12:56:51 AM,KXWTACHALLENGERMATCH-26APR18MARKRA-MAR,53,50,51,534,50,1600,49,821,48,378,54,1197,55,1013,56,1045,57,2,80,397,53.5
2026-04-18 12:56:51 AM,KXWTACHALLENGERMATCH-26APR18MARKRA-MAR,53,50,51,534,50,1600,49,821,48,378,54,1197,55,2402,56,1045,57,2,80,397,53.5
2026-04-18 12:58:50 AM,KXWTACHALLENGERMATCH-26APR18MARKRA-MAR,53,50,51,534,50,1600,49,821,48,378,54,1197,55,1013,56,1045,57,2,80,397,53.5
2026-04-18 12:58:50 AM,KXWTACHALLENGERMATCH-26APR18MARKRA-MAR,53,50,51,534,50,1600,49,821,48,378,54,1197,55,2402,56,1045,57,2,80,397,53.5
2026-04-18 01:00:04 AM,KXWTACHALLENGERMATCH-26APR18MARKRA-MAR,53,50,51,1202,50,1600,49,821,48,378,54,1197,55,2402,56,1045,57,2,80,397,53.5
2026-04-18 01:01:07 AM,KXWTACHALLENGERMATCH-26APR18MARKRA-MAR,53,50,51,1202,50,1600,49,821,48,378,54,1197,55,3791,56,1045,57,2,80,397,53.5
2026-04-18 01:01:07 AM,KXWTACHALLENGERMATCH-26APR18MARKRA-MAR,53,50,51,1202,50,1600,49,821,48,378,54,1197,55,2402,56,1045,57,2,80,397,53.5
2026-04-18 01:02:36 AM,KXWTACHALLENGERMATCH-26APR18MARKRA-MAR,53,50,51,1202,50,1600,49,821,48,378,54,1197,55,2402,56,1045,57,2,60,2,53.5
2026-04-18 01:02:49 AM,KXWTACHALLENGERMATCH-26APR18MARKRA-MAR,53,50,51,1202,50,1600,49,821,48,378,54,1197,55,2402,56,1045,57,2,80,397,53.5
2026-04-18 01:03:20 AM,KXWTACHALLENGERMATCH-26APR18MARKRA-MAR,53,50,51,1202,50,1600,49,821,48,378,54,1197,55,1013,56,1045,57,2,80,397,53.5
2026-04-18 01:03:20 AM,KXWTACHALLENGERMATCH-26APR18MARKRA-MAR,53,50,51,1202,50,1600,49,821,48,378,54,1197,55,2402,56,1045,57,2,80,397,53.5
2026-04-18 01:05:09 AM,KXWTACHALLENGERMATCH-26APR18MARKRA-MAR,53,50,51,1202,50,1600,49,821,48,378,54,1197,55,1013,56,1045,57,2,80,397,53.5
2026-04-18 01:05:09 AM,KXWTACHALLENGERMATCH-26APR18MARKRA-MAR,53,50,51,1202,50,1600,49,821,48,378,54,1197,55,2402,56,1045,57,2,80,397,53.5
2026-04-18 01:09:39 AM,KXWTACHALLENGERMATCH-26APR18MARKRA-MAR,53,50,51,1202,50,1600,49,821,48,378,54,1197,55,1013,56,1045,57,2,80,397,53.5
2026-04-18 01:09:39 AM,KXWTACHALLENGERMATCH-26APR18MARKRA-MAR,53,50,51,1202,50,1600,49,821,48,378,54,1197,55,2402,56,1045,57,2,80,397,53.5
2026-04-18 01:11:10 AM,KXWTACHALLENGERMATCH-26APR18MARKRA-MAR,53,50,51,1202,50,1600,49,821,48,378,54,1197,55,1013,56,1045,57,2,80,397,53.5
2026-04-18 01:11:10 AM,KXWTACHALLENGERMATCH-26APR18MARKRA-MAR,53,50,51,1202,50,1600,49,821,48,378,54,1197,55,2402,56,1045,57,2,80,397,53.5
2026-04-18 01:12:06 AM,KXWTACHALLENGERMATCH-26APR18MARKRA-MAR,53,50,51,1202,50,1600,49,821,48,378,54,1196,55,2402,56,1045,57,2,80,397,53.5
2026-04-18 01:12:57 AM,KXWTACHALLENGERMATCH-26APR18MARKRA-MAR,53,50,51,1202,50,1600,49,821,48,378,54,1196,55,3791,56,1045,57,2,80,397,53.5
2026-04-18 01:12:57 AM,KXWTACHALLENGERMATCH-26APR18MARKRA-MAR,53,50,51,1202,50,1600,49,821,48,378,54,1196,55,2402,56,1045,57,2,80,397,53.5
2026-04-18 01:15:15 AM,KXWTACHALLENGERMATCH-26APR18MARKRA-MAR,53,50,51,1202,50,1600,49,821,48,378,54,1196,55,3791,56,1045,57,2,80,397,53.5
2026-04-18 01:15:15 AM,KXWTACHALLENGERMATCH-26APR18MARKRA-MAR,53,50,51,1202,50,1600,49,821,48,378,54,1196,55,2402,56,1045,57,2,80,397,53.5
2026-04-18 01:16:48 AM,KXWTACHALLENGERMATCH-26APR18MARKRA-MAR,53,50,51,1202,50,1600,49,821,48,378,54,1196,55,1013,56,1045,57,2,80,397,53.5
2026-04-18 01:16:48 AM,KXWTACHALLENGERMATCH-26APR18MARKRA-MAR,53,50,51,1202,50,1600,49,821,48,378,54,1196,55,2402,56,1045,57,2,80,397,53.5
2026-04-18 01:17:29 AM,KXWTACHALLENGERMATCH-26APR18MARKRA-MAR,53,50,51,1202,50,1600,49,821,48,378,54,1196,55,2402,56,1045,57,2,80,397,53.5
2026-04-18 01:18:54 AM,KXWTACHALLENGERMATCH-26APR18MARKRA-MAR,53,50,51,1202,50,1600,49,821,48,378,54,1196,55,1013,56,1045,57,2,80,397,53.5
2026-04-18 01:18:54 AM,KXWTACHALLENGERMATCH-26APR18MARKRA-MAR,53,50,51,1202,50,1600,49,821,48,378,54,1196,55,2402,56,1045,57,2,80,397,53.5
2026-04-18 01:20:27 AM,KXWTACHALLENGERMATCH-26APR18MARKRA-MAR,53,50,51,1202,50,1600,49,821,48,378,54,1196,55,1013,56,1045,57,2,80,397,53.5
2026-04-18 01:20:27 AM,KXWTACHALLENGERMATCH-26APR18MARKRA-MAR,53,50,51,1202,50,1600,49,821,48,378,54,1196,55,2402,56,1045,57,2,80,397,53.5
2026-04-18 01:20:49 AM,KXWTACHALLENGERMATCH-26APR18MARKRA-MAR,53,50,51,1202,50,1600,49,821,48,378,54,1194,55,2402,56,1045,57,2,80,397,53.5
2026-04-18 01:22:13 AM,KXWTACHALLENGERMATCH-26APR18MARKRA-MAR,53,50,51,1202,50,1600,49,821,48,378,54,1194,55,1013,56,1045,57,2,80,397,53.5
2026-04-18 01:22:13 AM,KXWTACHALLENGERMATCH-26APR18MARKRA-MAR,53,50,51,1202,50,1600,49,821,48,378,54,1194,55,2402,56,1045,57,2,80,397,53.5
2026-04-18 01:23:49 AM,KXWTACHALLENGERMATCH-26APR18MARKRA-MAR,53,50,51,1202,50,1600,49,821,48,378,54,1194,55,1013,56,1045,57,2,80,397,53.5
2026-04-18 01:23:49 AM,KXWTACHALLENGERMATCH-26APR18MARKRA-MAR,53,50,51,1202,50,1600,49,821,48,378,54,1194,55,2402,56,1045,57,2,80,397,53.5
2026-04-18 01:25:31 AM,KXWTACHALLENGERMATCH-26APR18MARKRA-MAR,53,50,51,1202,50,1600,49,821,48,378,54,1194,55,1013,56,1045,57,2,80,397,53.5
2026-04-18 01:25:31 AM,KXWTACHALLENGERMATCH-26APR18MARKRA-MAR,53,50,51,1202,50,1600,49,821,48,378,54,1194,55,2402,56,1045,57,2,80,397,53.5
2026-04-18 01:26:45 AM,KXWTACHALLENGERMATCH-26APR18MARKRA-MAR,51,1202,50,1600,49,821,48,378,47,424,54,1194,55,2402,56,1045,57,2,80,397,52.5
2026-04-18 01:26:45 AM,KXWTACHALLENGERMATCH-26APR18MARKRA-MAR,51,1202,50,1600,49,821,48,378,47,424,53,123,54,1194,55,2402,56,1045,57,2,52.0
2026-04-18 01:26:45 AM,KXWTACHALLENGERMATCH-26APR18MARKRA-MAR,51,1202,50,1600,49,821,48,378,47,424,53,123,54,1397,55,2402,56,1045,57,2,52.0
2026-04-18 01:26:49 AM,KXWTACHALLENGERMATCH-26APR18MARKRA-MAR,51,1202,50,1600,49,821,48,378,47,424,53,123,54,1397,55,2199,56,1045,57,2,52.0
2026-04-18 01:26:55 AM,KXWTACHALLENGERMATCH-26APR18MARKRA-MAR,51,1202,50,1600,49,821,48,378,47,424,53,123,54,1397,55,2402,56,1045,57,2,52.0
2026-04-18 01:26:55 AM,KXWTACHALLENGERMATCH-26APR18MARKRA-MAR,51,1202,50,1600,49,821,48,378,47,424,53,123,54,1194,55,2402,56,1045,57,2,52.0
2026-04-18 01:27:07 AM,KXWTACHALLENGERMATCH-26APR18MARKRA-MAR,51,1202,50,1600,49,821,48,378,47,424,53,123,54,1194,55,1013,56,1045,57,2,52.0
2026-04-18 01:27:07 AM,KXWTACHALLENGERMATCH-26APR18MARKRA-MAR,51,1202,50,1600,49,821,48,378,47,424,53,123,54,1194,55,2402,56,1045,57,2,52.0
2026-04-18 01:29:37 AM,KXWTACHALLENGERMATCH-26APR18MARKRA-MAR,51,1202,50,1600,49,821,48,378,47,424,53,123,54,1194,55,1013,56,1045,57,2,52.0
2026-04-18 01:29:37 AM,KXWTACHALLENGERMATCH-26APR18MARKRA-MAR,51,1202,50,1600,49,821,48,378,47,424,53,123,54,1194,55,2402,56,1045,57,2,52.0
2026-04-18 01:30:41 AM,KXWTACHALLENGERMATCH-26APR18MARKRA-MAR,51,1202,50,1600,49,821,48,378,47,424,53,123,54,1397,55,2402,56,1045,57,2,52.0
2026-04-18 01:30:41 AM,KXWTACHALLENGERMATCH-26APR18MARKRA-MAR,51,1202,50,1600,49,821,48,378,47,424,53,123,54,1397,55,2199,56,1045,57,2,52.0
2026-04-18 01:31:21 AM,KXWTACHALLENGERMATCH-26APR18MARKRA-MAR,51,1202,50,1600,49,821,48,378,47,424,53,123,54,1397,55,810,56,1045,57,2,52.0
2026-04-18 01:31:21 AM,KXWTACHALLENGERMATCH-26APR18MARKRA-MAR,51,1202,50,1600,49,821,48,378,47,424,53,123,54,1397,55,2199,56,1045,57,2,52.0
2026-04-18 01:32:21 AM,KXWTACHALLENGERMATCH-26APR18MARKRA-MAR,51,1202,50,1600,49,821,48,378,47,424,54,1397,55,2199,56,1045,57,2,80,4761,52.5
2026-04-18 01:32:21 AM,KXWTACHALLENGERMATCH-26APR18MARKRA-MAR,53,62,51,1202,50,1600,49,821,48,378,54,1397,55,2199,56,1045,57,2,80,4761,53.5
2026-04-18 01:32:21 AM,KXWTACHALLENGERMATCH-26APR18MARKRA-MAR,53,62,51,1202,50,1600,49,821,48,378,54,1397,55,2402,56,1045,57,2,80,4761,53.5
2026-04-18 01:32:21 AM,KXWTACHALLENGERMATCH-26APR18MARKRA-MAR,53,62,51,1202,50,1600,49,821,48,378,54,1194,55,2402,56,1045,57,2,80,4761,53.5
2026-04-18 01:32:22 AM,KXWTACHALLENGERMATCH-26APR18MARKRA-MAR,53,62,51,1202,50,1397,49,821,48,378,54,1194,55,2402,56,1045,57,2,80,4761,53.5
2026-04-18 01:32:22 AM,KXWTACHALLENGERMATCH-26APR18MARKRA-MAR,53,62,51,1202,50,1397,49,821,48,378,54,1194,55,2402,56,1045,57,2,80,3261,53.5
2026-04-18 01:32:22 AM,KXWTACHALLENGERMATCH-26APR18MARKRA-MAR,53,62,51,1202,50,1600,49,821,48,378,54,1194,55,2402,56,1045,57,2,80,3261,53.5
2026-04-18 01:32:45 AM,KXWTACHALLENGERMATCH-26APR18MARKRA-MAR,53,62,51,1202,50,1600,49,821,48,378,54,1194,55,2402,56,1045,57,2,79,100,53.5
2026-04-18 01:32:47 AM,KXWTACHALLENGERMATCH-26APR18MARKRA-MAR,53,62,51,1202,50,1600,49,821,48,378,54,1194,55,2402,56,1045,57,2,79,200,53.5
2026-04-18 01:33:12 AM,KXWTACHALLENGERMATCH-26APR18MARKRA-MAR,53,62,51,1202,50,1600,49,821,48,378,54,1194,55,3791,56,1045,57,2,79,200,53.5
2026-04-18 01:33:12 AM,KXWTACHALLENGERMATCH-26APR18MARKRA-MAR,53,62,51,1202,50,1600,49,821,48,378,54,1194,55,2402,56,1045,57,2,79,200,53.5
2026-04-18 01:34:50 AM,KXWTACHALLENGERMATCH-26APR18MARKRA-MAR,53,62,51,1202,50,1600,49,821,48,378,54,1194,55,2402,56,1045,57,2,61,35,53.5
2026-04-18 01:34:50 AM,KXWTACHALLENGERMATCH-26APR18MARKRA-MAR,53,62,52,35,51,1202,50,1600,49,821,54,1194,55,2402,56,1045,57,2,61,35,53.5
2026-04-18 01:35:14 AM,KXWTACHALLENGERMATCH-26APR18MARKRA-MAR,53,62,52,35,51,1202,50,1600,49,821,54,1194,55,1013,56,1045,57,2,61,35,53.5
2026-04-18 01:35:14 AM,KXWTACHALLENGERMATCH-26APR18MARKRA-MAR,53,62,52,35,51,1202,50,1600,49,821,54,1194,55,2402,56,1045,57,2,61,35,53.5
2026-04-18 01:38:23 AM,KXWTACHALLENGERMATCH-26APR18MARKRA-MAR,53,62,52,35,51,1202,50,1600,49,821,54,1193,55,2402,56,1045,57,2,61,35,53.5
2026-04-18 01:38:39 AM,KXWTACHALLENGERMATCH-26APR18MARKRA-MAR,53,62,52,35,51,1202,50,1600,49,821,54,1193,55,2402,56,1045,57,2,79,200,53.5
2026-04-18 01:38:39 AM,KXWTACHALLENGERMATCH-26APR18MARKRA-MAR,53,62,51,1202,50,1600,49,821,48,378,54,1193,55,2402,56,1045,57,2,79,200,53.5
2026-04-18 01:38:45 AM,KXWTACHALLENGERMATCH-26APR18MARKRA-MAR,53,62,51,1202,50,1600,49,821,48,378,54,1193,55,2402,56,1045,57,2,79,100,53.5
2026-04-18 01:38:45 AM,KXWTACHALLENGERMATCH-26APR18MARKRA-MAR,53,62,51,1202,50,1600,49,821,48,378,54,1193,55,2402,56,1045,57,2,80,3261,53.5
2026-04-18 01:39:41 AM,KXWTACHALLENGERMATCH-26APR18MARKRA-MAR,53,62,51,1202,50,1600,49,821,48,378,54,1193,55,3791,56,1045,57,2,80,3261,53.5
2026-04-18 01:39:41 AM,KXWTACHALLENGERMATCH-26APR18MARKRA-MAR,53,62,51,1202,50,1600,49,821,48,378,54,1193,55,2402,56,1045,57,2,80,3261,53.5
2026-04-18 01:41:52 AM,KXWTACHALLENGERMATCH-26APR18MARKRA-MAR,53,62,51,1202,50,1600,49,821,48,378,54,1193,55,1013,56,1045,57,2,80,3261,53.5
2026-04-18 01:41:52 AM,KXWTACHALLENGERMATCH-26APR18MARKRA-MAR,53,62,51,1202,50,1600,49,821,48,378,54,1193,55,2402,56,1045,57,2,80,3261,53.5
2026-04-18 01:43:24 AM,KXWTACHALLENGERMATCH-26APR18MARKRA-MAR,53,62,51,1202,50,1600,49,821,48,378,54,1193,55,1013,56,1045,57,2,80,3261,53.5
2026-04-18 01:43:24 AM,KXWTACHALLENGERMATCH-26APR18MARKRA-MAR,53,62,51,1202,50,1600,49,821,48,378,54,1193,55,2402,56,1045,57,2,80,3261,53.5
2026-04-18 01:43:47 AM,KXWTACHALLENGERMATCH-26APR18MARKRA-MAR,53,42,51,1202,50,1600,49,821,48,378,54,1193,55,2402,56,1045,57,2,80,3261,53.5
2026-04-18 01:44:51 AM,KXWTACHALLENGERMATCH-26APR18MARKRA-MAR,53,42,51,1202,50,1600,49,821,48,378,54,1193,55,2402,56,1045,57,2,79,100,53.5
2026-04-18 01:44:54 AM,KXWTACHALLENGERMATCH-26APR18MARKRA-MAR,53,42,51,1202,50,1600,49,821,48,378,54,1193,55,2402,56,1045,57,2,79,200,53.5
2026-04-18 01:45:13 AM,KXWTACHALLENGERMATCH-26APR18MARKRA-MAR,53,42,51,1202,50,1600,49,821,48,378,54,1193,55,3791,56,1045,57,2,79,200,53.5
2026-04-18 01:45:13 AM,KXWTACHALLENGERMATCH-26APR18MARKRA-MAR,53,42,51,1202,50,1600,49,821,48,378,54,1193,55,2402,56,1045,57,2,79,200,53.5
2026-04-18 01:47:42 AM,KXWTACHALLENGERMATCH-26APR18MARKRA-MAR,53,42,51,1202,50,1600,49,821,48,378,54,1193,55,1013,56,1045,57,2,79,200,53.5
2026-04-18 01:47:42 AM,KXWTACHALLENGERMATCH-26APR18MARKRA-MAR,53,42,51,1202,50,1600,49,821,48,378,54,1193,55,2402,56,1045,57,2,79,200,53.5
2026-04-18 01:47:49 AM,KXWTACHALLENGERMATCH-26APR18MARKRA-MAR,53,42,51,1202,50,1600,49,821,48,378,54,1193,55,2402,56,1045,57,2,79,100,53.5
2026-04-18 01:47:49 AM,KXWTACHALLENGERMATCH-26APR18MARKRA-MAR,53,42,51,1202,50,1600,49,821,48,378,54,1193,55,2402,56,1045,57,2,80,3261,53.5
2026-04-18 01:50:08 AM,KXWTACHALLENGERMATCH-26APR18MARKRA-MAR,53,42,51,1202,50,1600,49,821,48,378,54,1193,55,3791,56,1045,57,2,80,3261,53.5
2026-04-18 01:50:08 AM,KXWTACHALLENGERMATCH-26APR18MARKRA-MAR,53,42,51,1202,50,1600,49,821,48,378,54,1193,55,2402,56,1045,57,2,80,3261,53.5
2026-04-18 01:50:23 AM,KXWTACHALLENGERMATCH-26APR18MARKRA-MAR,53,42,51,1202,50,1600,49,821,48,378,54,1190,55,2402,56,1045,57,2,80,3261,53.5
2026-04-18 01:51:14 AM,KXWTACHALLENGERMATCH-26APR18MARKRA-MAR,53,42,51,1202,50,1600,49,821,48,378,54,1189,55,2402,56,1045,57,2,80,3261,53.5
2026-04-18 01:51:48 AM,KXWTACHALLENGERMATCH-26APR18MARKRA-MAR,53,42,51,1202,50,1600,49,821,48,378,54,1189,55,1013,56,1045,57,2,80,3261,53.5
2026-04-18 01:51:48 AM,KXWTACHALLENGERMATCH-26APR18MARKRA-MAR,53,42,51,1202,50,1600,49,821,48,378,54,1189,55,2402,56,1045,57,2,80,3261,53.5
2026-04-18 01:52:33 AM,KXWTACHALLENGERMATCH-26APR18MARKRA-MAR,53,42,51,1202,50,1600,49,821,48,378,54,1188,55,2402,56,1045,57,2,80,3261,53.5
2026-04-18 01:53:37 AM,KXWTACHALLENGERMATCH-26APR18MARKRA-MAR,53,42,51,1202,50,1100,49,821,48,378,54,1188,55,2402,56,1045,57,2,80,3261,53.5
2026-04-18 01:53:37 AM,KXWTACHALLENGERMATCH-26APR18MARKRA-MAR,53,42,51,979,50,1100,49,821,48,378,54,1188,55,2402,56,1045,57,2,80,3261,53.5
2026-04-18 01:53:37 AM,KXWTACHALLENGERMATCH-26APR18MARKRA-MAR,53,42,51,979,50,1100,49,821,48,378,54,1097,55,2402,56,1045,57,2,80,3261,53.5
2026-04-18 01:53:37 AM,KXWTACHALLENGERMATCH-26APR18MARKRA-MAR,53,42,52,80,51,979,50,1100,49,821,54,1097,55,2402,56,1045,57,2,80,3261,53.5
2026-04-18 01:53:37 AM,KXWTACHALLENGERMATCH-26APR18MARKRA-MAR,53,42,52,80,51,1213,50,1100,49,821,54,1097,55,2402,56,1045,57,2,80,3261,53.5
2026-04-18 01:53:37 AM,KXWTACHALLENGERMATCH-26APR18MARKRA-MAR,53,42,52,80,51,1213,50,1100,49,821,54,1097,55,2902,56,1045,57,2,80,3261,53.5
2026-04-18 01:53:37 AM,KXWTACHALLENGERMATCH-26APR18MARKRA-MAR,53,42,52,80,51,1213,50,1100,49,821,54,1097,55,4291,56,1045,57,2,80,3261,53.5
2026-04-18 01:53:37 AM,KXWTACHALLENGERMATCH-26APR18MARKRA-MAR,53,42,52,80,51,1213,50,1100,49,821,54,1097,55,2902,56,1045,57,2,80,3261,53.5
2026-04-18 01:53:38 AM,KXWTACHALLENGERMATCH-26APR18MARKRA-MAR,53,42,52,80,51,1213,50,1100,49,821,54,1097,55,2699,56,1045,57,2,80,3261,53.5
2026-04-18 01:53:38 AM,KXWTACHALLENGERMATCH-26APR18MARKRA-MAR,53,42,52,80,51,1213,50,1100,49,821,54,1097,55,2902,56,1045,57,2,80,3261,53.5
2026-04-18 01:53:42 AM,KXWTACHALLENGERMATCH-26APR18MARKRA-MAR,53,42,52,80,51,1213,50,1100,49,821,54,1097,55,4291,56,1045,57,2,80,3261,53.5
2026-04-18 01:53:42 AM,KXWTACHALLENGERMATCH-26APR18MARKRA-MAR,53,42,52,80,51,1213,50,1100,49,821,54,1097,55,2902,56,1045,57,2,80,3261,53.5
2026-04-18 01:53:55 AM,KXWTACHALLENGERMATCH-26APR18MARKRA-MAR,53,42,52,80,51,1416,50,1100,49,821,54,1097,55,2902,56,1045,57,2,80,3261,53.5
2026-04-18 01:53:56 AM,KXWTACHALLENGERMATCH-26APR18MARKRA-MAR,53,42,52,80,51,1416,50,897,49,821,54,1097,55,2902,56,1045,57,2,80,3261,53.5
2026-04-18 01:53:57 AM,KXWTACHALLENGERMATCH-26APR18MARKRA-MAR,53,42,52,80,51,1213,50,897,49,821,54,1097,55,2902,56,1045,57,2,80,3261,53.5
2026-04-18 01:54:05 AM,KXWTACHALLENGERMATCH-26APR18MARKRA-MAR,53,42,52,80,51,1213,50,1100,49,821,54,1097,55,2902,56,1045,57,2,80,3261,53.5
2026-04-18 01:54:05 AM,KXWTACHALLENGERMATCH-26APR18MARKRA-MAR,53,42,52,80,51,1213,50,1100,49,821,54,1300,55,2902,56,1045,57,2,80,3261,53.5
2026-04-18 01:54:05 AM,KXWTACHALLENGERMATCH-26APR18MARKRA-MAR,53,42,52,80,51,1213,50,1100,49,821,54,1097,55,2902,56,1045,57,2,80,3261,53.5
2026-04-18 01:54:17 AM,KXWTACHALLENGERMATCH-26APR18MARKRA-MAR,53,42,52,80,51,1213,50,1100,49,821,54,1300,55,2902,56,1045,57,2,80,3261,53.5
2026-04-18 01:54:18 AM,KXWTACHALLENGERMATCH-26APR18MARKRA-MAR,53,42,52,80,51,1213,50,1100,49,821,54,1300,55,2699,56,1045,57,2,80,3261,53.5
2026-04-18 01:55:34 AM,KXWTACHALLENGERMATCH-26APR18MARKRA-MAR,53,42,52,80,51,1213,50,1100,49,821,54,1300,55,1310,56,1045,57,2,80,3261,53.5
2026-04-18 01:55:34 AM,KXWTACHALLENGERMATCH-26APR18MARKRA-MAR,53,42,52,80,51,1213,50,1100,49,821,54,1300,55,2699,56,1045,57,2,80,3261,53.5
2026-04-18 01:55:43 AM,KXWTACHALLENGERMATCH-26APR18MARKRA-MAR,53,42,52,80,51,1213,50,1100,49,821,54,1300,55,2902,56,1045,57,2,80,3261,53.5
2026-04-18 01:55:43 AM,KXWTACHALLENGERMATCH-26APR18MARKRA-MAR,53,42,52,80,51,1213,50,1100,49,821,54,1097,55,2902,56,1045,57,2,80,3261,53.5
2026-04-18 01:55:47 AM,KXWTACHALLENGERMATCH-26APR18MARKRA-MAR,53,42,52,80,51,1416,50,1100,49,821,54,1097,55,2902,56,1045,57,2,80,3261,53.5
2026-04-18 01:55:47 AM,KXWTACHALLENGERMATCH-26APR18MARKRA-MAR,53,42,52,80,51,1416,50,897,49,821,54,1097,55,2902,56,1045,57,2,80,3261,53.5
2026-04-18 01:55:53 AM,KXWTACHALLENGERMATCH-26APR18MARKRA-MAR,53,42,52,80,51,1213,50,897,49,821,54,1097,55,2902,56,1045,57,2,80,3261,53.5
2026-04-18 01:55:53 AM,KXWTACHALLENGERMATCH-26APR18MARKRA-MAR,53,42,52,80,51,1213,50,897,49,821,54,1097,55,2699,56,1045,57,2,80,3261,53.5
2026-04-18 01:55:54 AM,KXWTACHALLENGERMATCH-26APR18MARKRA-MAR,53,42,52,80,51,1213,50,897,49,821,54,1097,55,2902,56,1045,57,2,80,3261,53.5
2026-04-18 01:55:58 AM,KXWTACHALLENGERMATCH-26APR18MARKRA-MAR,53,42,52,80,51,1213,50,1100,49,821,54,1097,55,2902,56,1045,57,2,80,3261,53.5
2026-04-18 01:55:58 AM,KXWTACHALLENGERMATCH-26APR18MARKRA-MAR,53,42,52,80,51,1213,50,1100,49,821,54,1097,55,2699,56,1045,57,2,80,3261,53.5
2026-04-18 01:56:03 AM,KXWTACHALLENGERMATCH-26APR18MARKRA-MAR,53,42,52,80,51,1213,50,1100,49,821,54,1097,55,2902,56,1045,57,2,80,3261,53.5
2026-04-18 01:57:31 AM,KXWTACHALLENGERMATCH-26APR18MARKRA-MAR,53,42,52,80,51,1213,50,1100,49,821,54,1097,55,1513,56,1045,57,2,80,3261,53.5
2026-04-18 01:57:31 AM,KXWTACHALLENGERMATCH-26APR18MARKRA-MAR,53,42,52,80,51,1213,50,1100,49,821,54,1097,55,2902,56,1045,57,2,80,3261,53.5
2026-04-18 01:57:51 AM,KXWTACHALLENGERMATCH-26APR18MARKRA-MAR,53,42,52,80,51,1213,50,1100,49,821,54,1097,55,3022,56,1045,57,2,80,3261,53.5
2026-04-18 01:57:51 AM,KXWTACHALLENGERMATCH-26APR18MARKRA-MAR,53,42,52,80,51,1213,50,1220,49,821,54,1097,55,3022,56,1045,57,2,80,3261,53.5
2026-04-18 01:58:27 AM,KXWTACHALLENGERMATCH-26APR18MARKRA-MAR,53,42,52,15,51,1213,50,1220,49,821,54,1097,55,3022,56,1045,57,2,80,3261,53.5
2026-04-18 01:58:27 AM,KXWTACHALLENGERMATCH-26APR18MARKRA-MAR,53,42,52,15,51,1213,50,1220,49,821,54,1162,55,3022,56,1045,57,2,80,3261,53.5
2026-04-18 01:59:20 AM,KXWTACHALLENGERMATCH-26APR18MARKRA-MAR,53,42,52,15,51,1213,50,1220,49,821,54,1162,55,1633,56,1045,57,2,80,3261,53.5
2026-04-18 01:59:20 AM,KXWTACHALLENGERMATCH-26APR18MARKRA-MAR,53,42,52,15,51,1213,50,1220,49,821,54,1162,55,3022,56,1045,57,2,80,3261,53.5
2026-04-18 02:00:48 AM,KXWTACHALLENGERMATCH-26APR18MARKRA-MAR,53,42,52,15,51,1213,50,1220,49,821,54,1162,55,3022,56,1045,57,2,64,1,53.5
2026-04-18 02:00:49 AM,KXWTACHALLENGERMATCH-26APR18MARKRA-MAR,53,42,52,15,51,1213,50,1220,49,821,54,1162,55,1633,56,1045,57,2,64,1,53.5
2026-04-18 02:00:49 AM,KXWTACHALLENGERMATCH-26APR18MARKRA-MAR,53,42,52,15,51,1213,50,1220,49,821,54,1162,55,4411,56,1045,57,2,64,1,53.5
2026-04-18 02:01:36 AM,KXWTACHALLENGERMATCH-26APR18MARKRA-MAR,53,42,52,15,51,1213,50,1220,49,821,54,1162,55,1633,56,1045,57,2,64,1,53.5
2026-04-18 02:01:36 AM,KXWTACHALLENGERMATCH-26APR18MARKRA-MAR,53,42,52,15,51,1213,50,1220,49,821,54,1162,55,4411,56,1045,57,2,64,1,53.5
2026-04-18 02:02:12 AM,KXWTACHALLENGERMATCH-26APR18MARKRA-MAR,53,42,52,15,51,1213,50,1220,49,821,54,1162,55,4291,56,1045,57,2,64,1,53.5
2026-04-18 02:02:12 AM,KXWTACHALLENGERMATCH-26APR18MARKRA-MAR,53,42,52,15,51,1213,50,1100,49,821,54,1162,55,4291,56,1045,57,2,64,1,53.5
2026-04-18 02:02:51 AM,KXWTACHALLENGERMATCH-26APR18MARKRA-MAR,53,42,52,15,51,1213,50,1100,49,821,54,1365,55,4291,56,1045,57,2,64,1,53.5
2026-04-18 02:02:51 AM,KXWTACHALLENGERMATCH-26APR18MARKRA-MAR,53,42,52,15,51,1213,50,1100,49,821,54,1365,55,4088,56,1045,57,2,64,1,53.5
2026-04-18 02:03:03 AM,KXWTACHALLENGERMATCH-26APR18MARKRA-MAR,53,42,52,15,51,1213,50,1100,49,821,54,1365,55,4291,56,1045,57,2,64,1,53.5
2026-04-18 02:03:03 AM,KXWTACHALLENGERMATCH-26APR18MARKRA-MAR,53,42,52,15,51,1213,50,1100,49,821,54,1162,55,4291,56,1045,57,2,64,1,53.5
2026-04-18 02:03:09 AM,KXWTACHALLENGERMATCH-26APR18MARKRA-MAR,53,42,52,15,51,1213,50,1100,49,821,54,1162,55,7069,56,1045,57,2,64,1,53.5
2026-04-18 02:03:09 AM,KXWTACHALLENGERMATCH-26APR18MARKRA-MAR,53,42,52,15,51,1213,50,1100,49,821,54,1162,55,4291,56,1045,57,2,64,1,53.5
2026-04-18 02:05:13 AM,KXWTACHALLENGERMATCH-26APR18MARKRA-MAR,53,42,52,15,51,1213,50,1100,49,821,54,1162,55,1513,56,1045,57,2,64,1,53.5
2026-04-18 02:05:13 AM,KXWTACHALLENGERMATCH-26APR18MARKRA-MAR,53,42,52,15,51,1213,50,1100,49,821,54,1162,55,4291,56,1045,57,2,64,1,53.5
2026-04-18 02:05:58 AM,KXWTACHALLENGERMATCH-26APR18MARKRA-MAR,53,42,52,15,51,1213,50,1075,49,821,54,1162,55,4291,56,1045,57,2,64,1,53.5
2026-04-18 02:05:58 AM,KXWTACHALLENGERMATCH-26APR18MARKRA-MAR,53,42,52,15,51,1213,50,1075,49,821,54,1137,55,4291,56,1045,57,2,64,1,53.5
2026-04-18 02:05:58 AM,KXWTACHALLENGERMATCH-26APR18MARKRA-MAR,53,42,52,40,51,1213,50,1075,49,821,54,1137,55,4291,56,1045,57,2,64,1,53.5
2026-04-18 02:05:58 AM,KXWTACHALLENGERMATCH-26APR18MARKRA-MAR,53,42,52,40,51,1213,50,1075,49,821,54,1137,55,4291,56,1070,57,2,64,1,53.5
2026-04-18 02:06:18 AM,KXWTACHALLENGERMATCH-26APR18MARKRA-MAR,53,42,52,15,51,1213,50,1075,49,821,54,1137,55,4291,56,1070,57,2,64,1,53.5
2026-04-18 02:06:18 AM,KXWTACHALLENGERMATCH-26APR18MARKRA-MAR,53,42,52,15,51,1213,50,1075,49,821,54,1137,55,4291,56,1045,57,2,64,1,53.5
2026-04-18 02:06:18 AM,KXWTACHALLENGERMATCH-26APR18MARKRA-MAR,53,42,52,15,51,1213,50,1100,49,821,54,1137,55,4291,56,1045,57,2,64,1,53.5
2026-04-18 02:06:18 AM,KXWTACHALLENGERMATCH-26APR18MARKRA-MAR,53,42,52,15,51,1213,50,1100,49,821,54,1162,55,4291,56,1045,57,2,64,1,53.5
2026-04-18 02:07:33 AM,KXWTACHALLENGERMATCH-26APR18MARKRA-MAR,53,42,52,15,51,1213,50,1100,49,821,54,1162,55,1513,56,1045,57,2,64,1,53.5
2026-04-18 02:07:33 AM,KXWTACHALLENGERMATCH-26APR18MARKRA-MAR,53,42,52,15,51,1213,50,1100,49,821,54,1162,55,4291,56,1045,57,2,64,1,53.5
2026-04-18 02:09:18 AM,KXWTACHALLENGERMATCH-26APR18MARKRA-MAR,53,42,52,15,51,1213,50,1100,49,821,54,1162,55,1513,56,1045,57,2,64,1,53.5
2026-04-18 02:09:18 AM,KXWTACHALLENGERMATCH-26APR18MARKRA-MAR,53,42,52,15,51,1213,50,1100,49,821,54,1162,55,4291,56,1045,57,2,64,1,53.5
2026-04-18 02:09:21 AM,KXWTACHALLENGERMATCH-26APR18MARKRA-MAR,53,42,52,15,51,1732,50,1100,49,821,54,1162,55,4291,56,1045,57,2,64,1,53.5
2026-04-18 02:09:21 AM,KXWTACHALLENGERMATCH-26APR18MARKRA-MAR,53,42,52,15,51,1935,50,1100,49,821,54,1162,55,4291,56,1045,57,2,64,1,53.5
2026-04-18 02:09:21 AM,KXWTACHALLENGERMATCH-26APR18MARKRA-MAR,53,42,52,15,51,1732,50,1100,49,821,54,1162,55,4291,56,1045,57,2,64,1,53.5
2026-04-18 02:09:21 AM,KXWTACHALLENGERMATCH-26APR18MARKRA-MAR,53,42,52,15,51,1732,50,1100,49,821,54,1365,55,4291,56,1045,57,2,64,1,53.5
2026-04-18 02:09:21 AM,KXWTACHALLENGERMATCH-26APR18MARKRA-MAR,53,42,52,15,51,1732,50,1100,49,821,54,1365,55,4088,56,1045,57,2,64,1,53.5
2026-04-18 02:09:25 AM,KXWTACHALLENGERMATCH-26APR18MARKRA-MAR,53,42,52,15,51,1732,50,1100,49,821,54,1162,55,4088,56,1045,57,2,64,1,53.5
2026-04-18 02:09:30 AM,KXWTACHALLENGERMATCH-26APR18MARKRA-MAR,53,42,52,15,51,1732,50,1100,49,821,54,1162,55,4292,56,1045,57,2,64,1,53.5
2026-04-18 02:09:30 AM,KXWTACHALLENGERMATCH-26APR18MARKRA-MAR,53,42,52,15,51,1732,50,897,49,821,54,1162,55,4292,56,1045,57,2,64,1,53.5
2026-04-18 02:09:32 AM,KXWTACHALLENGERMATCH-26APR18MARKRA-MAR,53,42,52,15,51,1732,50,1101,49,821,54,1162,55,4292,56,1045,57,2,64,1,53.5
2026-04-18 02:09:39 AM,KXWTACHALLENGERMATCH-26APR18MARKRA-MAR,53,42,52,15,51,1732,50,1101,49,821,54,1366,55,4292,56,1045,57,2,64,1,53.5
2026-04-18 02:09:39 AM,KXWTACHALLENGERMATCH-26APR18MARKRA-MAR,53,42,52,15,51,1732,50,1101,49,821,54,1366,55,4088,56,1045,57,2,64,1,53.5
2026-04-18 02:09:40 AM,KXWTACHALLENGERMATCH-26APR18MARKRA-MAR,53,42,52,15,51,1732,50,1101,49,821,54,1162,55,4088,56,1045,57,2,64,1,53.5
2026-04-18 02:09:42 AM,KXWTACHALLENGERMATCH-26APR18MARKRA-MAR,53,42,52,15,51,1936,50,1101,49,821,54,1162,55,4088,56,1045,57,2,64,1,53.5
2026-04-18 02:09:43 AM,KXWTACHALLENGERMATCH-26APR18MARKRA-MAR,53,42,52,15,51,1936,50,897,49,821,54,1162,55,4088,56,1045,57,2,64,1,53.5
2026-04-18 02:09:47 AM,KXWTACHALLENGERMATCH-26APR18MARKRA-MAR,53,42,52,15,51,1936,50,897,49,821,54,1162,55,4292,56,1045,57,2,64,1,53.5
2026-04-18 02:10:05 AM,KXWTACHALLENGERMATCH-26APR18MARKRA-MAR,53,42,52,15,51,1936,50,897,49,821,54,1162,55,4292,56,1249,57,2,64,1,53.5
2026-04-18 02:10:05 AM,KXWTACHALLENGERMATCH-26APR18MARKRA-MAR,53,42,52,15,51,1732,50,897,49,821,54,1162,55,4292,56,1249,57,2,64,1,53.5
2026-04-18 02:10:05 AM,KXWTACHALLENGERMATCH-26APR18MARKRA-MAR,53,42,52,15,51,1732,50,897,49,821,54,1162,55,4088,56,1249,57,2,64,1,53.5
2026-04-18 02:10:05 AM,KXWTACHALLENGERMATCH-26APR18MARKRA-MAR,53,42,52,15,51,1936,50,897,49,821,54,1162,55,4088,56,1249,57,2,64,1,53.5
2026-04-18 02:10:05 AM,KXWTACHALLENGERMATCH-26APR18MARKRA-MAR,53,42,52,15,51,1936,50,897,49,821,54,772,55,4088,56,1249,57,2,64,1,53.5
2026-04-18 02:10:13 AM,KXWTACHALLENGERMATCH-26APR18MARKRA-MAR,53,42,52,15,51,1936,50,897,49,821,54,772,55,4294,56,1249,57,2,64,1,53.5
2026-04-18 02:10:14 AM,KXWTACHALLENGERMATCH-26APR18MARKRA-MAR,53,42,52,15,51,1936,50,897,49,821,54,772,55,4294,56,1045,57,2,64,1,53.5
2026-04-18 02:10:20 AM,KXWTACHALLENGERMATCH-26APR18MARKRA-MAR,53,42,52,15,51,1936,50,897,49,821,54,500,55,4294,56,1045,57,2,64,1,53.5
2026-04-18 02:10:20 AM,KXWTACHALLENGERMATCH-26APR18MARKRA-MAR,53,42,52,15,51,1936,50,897,49,821,54,91,55,4294,56,1045,57,2,64,1,53.5
2026-04-18 02:10:20 AM,KXWTACHALLENGERMATCH-26APR18MARKRA-MAR,53,42,52,15,51,1936,50,897,49,821,54,26,55,4294,56,1045,57,2,64,1,53.5
2026-04-18 02:10:20 AM,KXWTACHALLENGERMATCH-26APR18MARKRA-MAR,53,42,52,15,51,1936,50,897,49,821,54,1,55,4294,56,1045,57,2,64,1,53.5
2026-04-18 02:10:20 AM,KXWTACHALLENGERMATCH-26APR18MARKRA-MAR,53,42,52,15,51,1716,50,897,49,821,54,1,55,4294,56,1045,57,2,64,1,53.5
2026-04-18 02:10:20 AM,KXWTACHALLENGERMATCH-26APR18MARKRA-MAR,53,42,52,15,51,1670,50,897,49,821,54,1,55,4294,56,1045,57,2,64,1,53.5
2026-04-18 02:10:20 AM,KXWTACHALLENGERMATCH-26APR18MARKRA-MAR,53,42,51,1670,50,897,49,821,48,778,54,1,55,4294,56,1045,57,2,64,1,53.5
2026-04-18 02:10:20 AM,KXWTACHALLENGERMATCH-26APR18MARKRA-MAR,53,42,51,1436,50,897,49,821,48,778,54,1,55,4294,56,1045,57,2,64,1,53.5
2026-04-18 02:10:20 AM,KXWTACHALLENGERMATCH-26APR18MARKRA-MAR,53,42,51,1436,50,897,49,821,48,778,54,1,55,3794,56,1045,57,2,64,1,53.5
2026-04-18 02:10:20 AM,KXWTACHALLENGERMATCH-26APR18MARKRA-MAR,53,42,51,1436,50,897,49,821,48,778,54,1,55,3794,56,1088,57,2,64,1,53.5
2026-04-18 02:10:20 AM,KXWTACHALLENGERMATCH-26APR18MARKRA-MAR,53,42,51,1436,50,897,49,821,48,778,54,179,55,3794,56,1088,57,2,64,1,53.5
2026-04-18 02:10:21 AM,KXWTACHALLENGERMATCH-26APR18MARKRA-MAR,53,42,51,1436,50,897,49,821,48,778,54,1,55,3794,56,1088,57,2,64,1,53.5
2026-04-18 02:10:21 AM,KXWTACHALLENGERMATCH-26APR18MARKRA-MAR,53,42,51,1436,50,872,49,821,48,778,54,1,55,3794,56,1088,57,2,64,1,53.5
2026-04-18 02:10:21 AM,KXWTACHALLENGERMATCH-26APR18MARKRA-MAR,53,42,51,1936,50,872,49,821,48,778,54,1,55,3794,56,1088,57,2,64,1,53.5
2026-04-18 02:10:21 AM,KXWTACHALLENGERMATCH-26APR18MARKRA-MAR,53,42,52,15,51,1936,50,872,49,821,54,1,55,3794,56,1088,57,2,64,1,53.5
2026-04-18 02:10:21 AM,KXWTACHALLENGERMATCH-26APR18MARKRA-MAR,53,42,52,35,51,1936,50,872,49,821,54,1,55,3794,56,1088,57,2,64,1,53.5
2026-04-18 02:10:21 AM,KXWTACHALLENGERMATCH-26APR18MARKRA-MAR,53,42,52,35,51,1936,50,872,49,821,54,475,55,3794,56,1088,57,2,64,1,53.5
2026-04-18 02:10:21 AM,KXWTACHALLENGERMATCH-26APR18MARKRA-MAR,53,42,52,35,51,1936,50,872,49,821,54,475,55,4294,56,1088,57,2,64,1,53.5
2026-04-18 02:10:21 AM,KXWTACHALLENGERMATCH-26APR18MARKRA-MAR,53,42,52,35,51,1936,50,872,49,821,54,495,55,4294,56,1088,57,2,64,1,53.5
2026-04-18 02:10:21 AM,KXWTACHALLENGERMATCH-26APR18MARKRA-MAR,53,42,52,35,51,1936,50,872,49,821,54,495,55,4294,56,1045,57,2,64,1,53.5
2026-04-18 02:10:23 AM,KXWTACHALLENGERMATCH-26APR18MARKRA-MAR,53,42,52,35,51,1936,50,872,49,821,54,21,55,4294,56,1045,57,2,64,1,53.5
2026-04-18 02:10:23 AM,KXWTACHALLENGERMATCH-26APR18MARKRA-MAR,53,42,52,509,51,1936,50,872,49,821,54,21,55,4294,56,1045,57,2,64,1,53.5
2026-04-18 02:10:23 AM,KXWTACHALLENGERMATCH-26APR18MARKRA-MAR,53,42,52,509,51,1936,50,872,49,821,54,1,55,4294,56,1045,57,2,64,1,53.5
2026-04-18 02:10:23 AM,KXWTACHALLENGERMATCH-26APR18MARKRA-MAR,53,42,52,509,51,1936,50,872,49,821,54,1,55,4294,56,1080,57,2,64,1,53.5
2026-04-18 02:10:29 AM,KXWTACHALLENGERMATCH-26APR18MARKRA-MAR,53,42,52,509,51,1936,50,872,49,821,54,1,55,3835,56,1080,57,2,64,1,53.5
2026-04-18 02:10:29 AM,KXWTACHALLENGERMATCH-26APR18MARKRA-MAR,53,42,52,509,51,1936,50,872,49,821,54,1,55,3529,56,1080,57,2,64,1,53.5
2026-04-18 02:10:29 AM,KXWTACHALLENGERMATCH-26APR18MARKRA-MAR,53,42,52,509,51,1936,50,872,49,821,54,1,55,3519,56,1080,57,2,64,1,53.5
2026-04-18 02:10:29 AM,KXWTACHALLENGERMATCH-26APR18MARKRA-MAR,53,42,52,509,51,1936,50,872,49,821,54,1,55,3509,56,1080,57,2,64,1,53.5
2026-04-18 02:10:29 AM,KXWTACHALLENGERMATCH-26APR18MARKRA-MAR,53,42,52,509,51,1936,50,872,49,821,54,1,55,3484,56,1080,57,2,64,1,53.5
2026-04-18 02:10:29 AM,KXWTACHALLENGERMATCH-26APR18MARKRA-MAR,53,42,52,509,51,1936,50,872,49,821,54,1,55,3298,56,1080,57,2,64,1,53.5
2026-04-18 02:10:30 AM,KXWTACHALLENGERMATCH-26APR18MARKRA-MAR,53,42,52,509,51,1936,50,872,49,821,54,1,55,3323,56,1080,57,2,64,1,53.5
2026-04-18 02:10:30 AM,KXWTACHALLENGERMATCH-26APR18MARKRA-MAR,53,42,52,509,51,1936,50,872,49,821,54,1,55,3978,56,1080,57,2,64,1,53.5
2026-04-18 02:10:30 AM,KXWTACHALLENGERMATCH-26APR18MARKRA-MAR,53,42,52,509,51,1936,50,872,49,821,54,1,55,4431,56,1080,57,2,64,1,53.5
2026-04-18 02:10:36 AM,KXWTACHALLENGERMATCH-26APR18MARKRA-MAR,53,42,52,509,51,1936,50,872,49,821,54,1,55,3554,56,1080,57,2,64,1,53.5
2026-04-18 02:10:40 AM,KXWTACHALLENGERMATCH-26APR18MARKRA-MAR,53,42,52,509,51,1936,50,872,49,821,54,1,55,3554,56,1080,57,2,61,35,53.5
2026-04-18 02:10:53 AM,KXWTACHALLENGERMATCH-26APR18MARKRA-MAR,53,42,52,509,51,1936,50,872,49,821,54,1,55,3554,56,1286,57,2,61,35,53.5
2026-04-18 02:10:53 AM,KXWTACHALLENGERMATCH-26APR18MARKRA-MAR,53,42,52,509,51,1936,50,872,49,821,54,1,55,3348,56,1286,57,2,61,35,53.5
2026-04-18 02:11:00 AM,KXWTACHALLENGERMATCH-26APR18MARKRA-MAR,53,42,52,509,51,1936,50,872,49,821,54,1,55,3348,56,1080,57,2,61,35,53.5
2026-04-18 02:11:03 AM,KXWTACHALLENGERMATCH-26APR18MARKRA-MAR,53,42,52,509,51,1936,50,872,49,821,54,1,55,3348,56,1285,57,2,61,35,53.5
2026-04-18 02:11:14 AM,KXWTACHALLENGERMATCH-26APR18MARKRA-MAR,53,42,52,509,51,1936,50,872,49,821,54,1,55,6126,56,1285,57,2,61,35,53.5
2026-04-18 02:11:14 AM,KXWTACHALLENGERMATCH-26APR18MARKRA-MAR,53,42,52,509,51,1936,50,872,49,821,54,1,55,4411,56,1285,57,2,61,35,53.5
2026-04-18 02:12:21 AM,KXWTACHALLENGERMATCH-26APR18MARKRA-MAR,53,42,52,509,51,1936,50,1077,49,821,54,1,55,4411,56,1285,57,2,61,35,53.5
2026-04-18 02:12:21 AM,KXWTACHALLENGERMATCH-26APR18MARKRA-MAR,53,42,52,509,51,1936,50,1077,49,821,54,206,55,4411,56,1285,57,2,61,35,53.5
2026-04-18 02:12:21 AM,KXWTACHALLENGERMATCH-26APR18MARKRA-MAR,53,42,52,509,51,1732,50,1077,49,821,54,206,55,4411,56,1285,57,2,61,35,53.5
2026-04-18 02:12:22 AM,KXWTACHALLENGERMATCH-26APR18MARKRA-MAR,53,42,52,509,51,1732,50,1077,49,821,54,206,55,4411,56,1285,57,2,64,1,53.5
2026-04-18 02:12:22 AM,KXWTACHALLENGERMATCH-26APR18MARKRA-MAR,53,42,52,509,51,1732,50,1077,49,821,54,241,55,4411,56,1285,57,2,64,1,53.5
2026-04-18 02:12:22 AM,KXWTACHALLENGERMATCH-26APR18MARKRA-MAR,53,42,52,509,51,1732,50,1077,49,821,54,241,55,4411,56,1080,57,2,64,1,53.5
2026-04-18 02:12:27 AM,KXWTACHALLENGERMATCH-26APR18MARKRA-MAR,53,42,52,509,51,1732,50,1077,49,821,54,36,55,4411,56,1080,57,2,64,1,53.5
2026-04-18 02:12:27 AM,KXWTACHALLENGERMATCH-26APR18MARKRA-MAR,53,42,52,509,51,1732,50,1077,49,821,54,162,55,4411,56,1080,57,2,64,1,53.5
2026-04-18 02:12:32 AM,KXWTACHALLENGERMATCH-26APR18MARKRA-MAR,53,42,52,509,51,1732,50,1077,49,821,54,162,55,4615,56,1080,57,2,64,1,53.5
2026-04-18 02:12:38 AM,KXWTACHALLENGERMATCH-26APR18MARKRA-MAR,53,42,52,509,51,1936,50,1077,49,821,54,162,55,4615,56,1080,57,2,64,1,53.5
2026-04-18 02:12:38 AM,KXWTACHALLENGERMATCH-26APR18MARKRA-MAR,53,42,52,509,51,1936,50,872,49,821,54,162,55,4615,56,1080,57,2,64,1,53.5
2026-04-18 02:12:42 AM,KXWTACHALLENGERMATCH-26APR18MARKRA-MAR,53,42,52,509,51,1732,50,872,49,821,54,162,55,4615,56,1080,57,2,64,1,53.5
2026-04-18 02:12:45 AM,KXWTACHALLENGERMATCH-26APR18MARKRA-MAR,53,42,52,509,51,1732,50,872,49,821,54,162,55,4411,56,1080,57,2,64,1,53.5
2026-04-18 02:12:54 AM,KXWTACHALLENGERMATCH-26APR18MARKRA-MAR,53,42,52,509,51,1732,50,1076,49,821,54,162,55,4411,56,1080,57,2,64,1,53.5
2026-04-18 02:12:54 AM,KXWTACHALLENGERMATCH-26APR18MARKRA-MAR,53,42,52,509,51,1732,50,1076,49,821,54,162,55,4615,56,1080,57,2,64,1,53.5
2026-04-18 02:13:20 AM,KXWTACHALLENGERMATCH-26APR18MARKRA-MAR,53,42,52,509,51,1732,50,1076,49,821,54,162,55,1837,56,1080,57,2,64,1,53.5
2026-04-18 02:13:20 AM,KXWTACHALLENGERMATCH-26APR18MARKRA-MAR,53,42,52,509,51,1732,50,1076,49,821,54,162,55,4615,56,1080,57,2,64,1,53.5
2026-04-18 02:15:05 AM,KXWTACHALLENGERMATCH-26APR18MARKRA-MAR,53,42,52,509,51,1732,50,1076,49,821,54,162,55,4411,56,1080,57,2,64,1,53.5
2026-04-18 02:15:33 AM,KXWTACHALLENGERMATCH-26APR18MARKRA-MAR,53,42,52,509,51,1732,50,1076,49,821,54,128,55,4411,56,1080,57,2,64,1,53.5
2026-04-18 02:15:33 AM,KXWTACHALLENGERMATCH-26APR18MARKRA-MAR,53,42,52,509,51,1732,50,1076,49,821,54,128,55,4411,56,1080,57,2,61,34,53.5
2026-04-18 02:15:33 AM,KXWTACHALLENGERMATCH-26APR18MARKRA-MAR,53,77,52,509,51,1732,50,1076,49,821,54,128,55,4411,56,1080,57,2,61,34,53.5
2026-04-18 02:15:35 AM,KXWTACHALLENGERMATCH-26APR18MARKRA-MAR,53,42,52,509,51,1732,50,1076,49,821,54,128,55,4411,56,1080,57,2,61,34,53.5
2026-04-18 02:15:35 AM,KXWTACHALLENGERMATCH-26APR18MARKRA-MAR,53,42,52,509,51,1732,50,1076,49,821,54,128,55,4411,56,1080,57,2,64,1,53.5
2026-04-18 02:15:35 AM,KXWTACHALLENGERMATCH-26APR18MARKRA-MAR,53,42,52,509,51,1732,50,1076,49,821,54,162,55,4411,56,1080,57,2,64,1,53.5
2026-04-18 02:15:43 AM,KXWTACHALLENGERMATCH-26APR18MARKRA-MAR,53,42,52,509,51,1732,50,1076,49,821,54,162,55,1633,56,1080,57,2,64,1,53.5
2026-04-18 02:15:43 AM,KXWTACHALLENGERMATCH-26APR18MARKRA-MAR,53,42,52,509,51,1732,50,1076,49,821,54,162,55,4411,56,1080,57,2,64,1,53.5
2026-04-18 02:15:43 AM,KXWTACHALLENGERMATCH-26APR18MARKRA-MAR,53,42,52,509,51,1732,50,1076,49,821,54,128,55,4411,56,1080,57,2,64,1,53.5
2026-04-18 02:15:43 AM,KXWTACHALLENGERMATCH-26APR18MARKRA-MAR,53,42,52,509,51,1732,50,1076,49,821,54,128,55,4411,56,1080,57,2,61,34,53.5
2026-04-18 02:15:43 AM,KXWTACHALLENGERMATCH-26APR18MARKRA-MAR,53,42,52,509,51,1732,50,1076,49,821,54,128,55,4411,56,1080,57,2,64,1,53.5
2026-04-18 02:15:43 AM,KXWTACHALLENGERMATCH-26APR18MARKRA-MAR,53,42,52,509,51,1732,50,1076,49,821,54,162,55,4411,56,1080,57,2,64,1,53.5
2026-04-18 02:16:34 AM,KXWTACHALLENGERMATCH-26APR18MARKRA-MAR,53,42,52,509,51,1732,50,1076,49,821,54,162,55,4615,56,1080,57,2,64,1,53.5
2026-04-18 02:17:26 AM,KXWTACHALLENGERMATCH-26APR18MARKRA-MAR,53,42,52,509,51,1732,50,1076,49,821,54,162,55,1837,56,1080,57,2,64,1,53.5
2026-04-18 02:17:26 AM,KXWTACHALLENGERMATCH-26APR18MARKRA-MAR,53,42,52,509,51,1732,50,1076,49,821,54,162,55,4615,56,1080,57,2,64,1,53.5
2026-04-18 02:18:32 AM,KXWTACHALLENGERMATCH-26APR18MARKRA-MAR,53,42,52,509,51,1732,50,1076,49,821,54,128,55,4615,56,1080,57,2,64,1,53.5
2026-04-18 02:19:37 AM,KXWTACHALLENGERMATCH-26APR18MARKRA-MAR,53,42,52,509,51,1732,50,1076,49,821,54,128,55,1837,56,1080,57,2,64,1,53.5
2026-04-18 02:19:37 AM,KXWTACHALLENGERMATCH-26APR18MARKRA-MAR,53,42,52,509,51,1732,50,1076,49,821,54,128,55,4615,56,1080,57,2,64,1,53.5
2026-04-18 02:20:09 AM,KXWTACHALLENGERMATCH-26APR18MARKRA-MAR,53,42,52,509,51,1732,50,1076,49,821,54,332,55,4615,56,1080,57,2,64,1,53.5
2026-04-18 02:20:14 AM,KXWTACHALLENGERMATCH-26APR18MARKRA-MAR,53,42,52,509,51,1732,50,1076,49,821,54,128,55,4615,56,1080,57,2,64,1,53.5
2026-04-18 02:21:58 AM,KXWTACHALLENGERMATCH-26APR18MARKRA-MAR,53,42,52,509,51,1732,50,1076,49,821,54,128,55,1837,56,1080,57,2,64,1,53.5
2026-04-18 02:21:58 AM,KXWTACHALLENGERMATCH-26APR18MARKRA-MAR,53,42,52,509,51,1732,50,1076,49,821,54,128,55,4615,56,1080,57,2,64,1,53.5
2026-04-18 02:23:52 AM,KXWTACHALLENGERMATCH-26APR18MARKRA-MAR,53,42,52,509,51,1732,50,1076,49,821,54,128,55,1837,56,1080,57,2,64,1,53.5
2026-04-18 02:23:52 AM,KXWTACHALLENGERMATCH-26APR18MARKRA-MAR,53,42,52,509,51,1732,50,1076,49,821,54,128,55,4615,56,1080,57,2,64,1,53.5
2026-04-18 02:26:08 AM,KXWTACHALLENGERMATCH-26APR18MARKRA-MAR,53,42,52,509,51,1732,50,1076,49,821,54,128,55,7393,56,1080,57,2,64,1,53.5
2026-04-18 02:26:08 AM,KXWTACHALLENGERMATCH-26APR18MARKRA-MAR,53,42,52,509,51,1732,50,1076,49,821,54,128,55,4615,56,1080,57,2,64,1,53.5
2026-04-18 02:27:16 AM,KXWTACHALLENGERMATCH-26APR18MARKRA-MAR,53,42,52,489,51,1732,50,1076,49,821,54,128,55,4615,56,1080,57,2,64,1,53.5
2026-04-18 02:27:16 AM,KXWTACHALLENGERMATCH-26APR18MARKRA-MAR,53,42,52,489,51,1732,50,1076,49,821,54,128,55,4615,56,1045,57,2,64,1,53.5
2026-04-18 02:27:16 AM,KXWTACHALLENGERMATCH-26APR18MARKRA-MAR,53,42,52,489,51,1732,50,1101,49,821,54,128,55,4615,56,1045,57,2,64,1,53.5
2026-04-18 02:27:16 AM,KXWTACHALLENGERMATCH-26APR18MARKRA-MAR,53,42,52,489,51,1732,50,1101,49,821,54,153,55,4615,56,1045,57,2,64,1,53.5
2026-04-18 02:27:42 AM,KXWTACHALLENGERMATCH-26APR18MARKRA-MAR,53,42,52,489,51,1732,50,1101,49,821,54,153,55,1837,56,1045,57,2,64,1,53.5
2026-04-18 02:27:42 AM,KXWTACHALLENGERMATCH-26APR18MARKRA-MAR,53,42,52,489,51,1732,50,1101,49,821,54,153,55,4615,56,1045,57,2,64,1,53.5
2026-04-18 02:30:05 AM,KXWTACHALLENGERMATCH-26APR18MARKRA-MAR,53,42,52,489,51,1732,50,1101,49,821,54,153,55,1837,56,1045,57,2,64,1,53.5
2026-04-18 02:30:05 AM,KXWTACHALLENGERMATCH-26APR18MARKRA-MAR,53,42,52,489,51,1732,50,1101,49,821,54,153,55,4615,56,1045,57,2,64,1,53.5
2026-04-18 02:30:48 AM,KXWTACHALLENGERMATCH-26APR18MARKRA-MAR,53,42,52,489,51,1732,50,897,49,821,54,153,55,4615,56,1045,57,2,64,1,53.5
2026-04-18 02:30:48 AM,KXWTACHALLENGERMATCH-26APR18MARKRA-MAR,53,42,52,489,51,1939,50,897,49,821,54,153,55,4615,56,1045,57,2,64,1,53.5
2026-04-18 02:30:48 AM,KXWTACHALLENGERMATCH-26APR18MARKRA-MAR,53,42,52,489,51,1732,50,897,49,821,54,153,55,4615,56,1045,57,2,64,1,53.5
2026-04-18 02:30:49 AM,KXWTACHALLENGERMATCH-26APR18MARKRA-MAR,53,42,52,489,51,1732,50,897,49,821,54,623,55,4615,56,1045,57,2,64,1,53.5
2026-04-18 02:30:49 AM,KXWTACHALLENGERMATCH-26APR18MARKRA-MAR,53,42,52,489,51,1732,50,897,49,821,54,623,55,1837,56,1045,57,2,64,1,53.5
2026-04-18 02:30:49 AM,KXWTACHALLENGERMATCH-26APR18MARKRA-MAR,53,42,52,489,51,1732,50,897,49,821,54,623,55,4615,56,1045,57,2,64,1,53.5
2026-04-18 02:30:56 AM,KXWTACHALLENGERMATCH-26APR18MARKRA-MAR,53,42,52,489,51,1732,50,1104,49,821,54,623,55,4615,56,1045,57,2,64,1,53.5
2026-04-18 02:31:21 AM,KXWTACHALLENGERMATCH-26APR18MARKRA-MAR,53,42,52,489,51,1732,50,1104,49,821,54,623,55,4615,56,1045,64,1,79,318,53.5
2026-04-18 02:31:21 AM,KXWTACHALLENGERMATCH-26APR18MARKRA-MAR,53,42,52,489,51,1732,50,1104,49,821,54,623,55,4615,56,1043,64,1,79,318,53.5
2026-04-18 02:32:04 AM,KXWTACHALLENGERMATCH-26APR18MARKRA-MAR,53,42,52,489,51,1732,50,1104,49,821,54,623,55,1837,56,1043,64,1,79,318,53.5
2026-04-18 02:32:04 AM,KXWTACHALLENGERMATCH-26APR18MARKRA-MAR,53,42,52,489,51,1732,50,1104,49,821,54,623,55,4615,56,1043,64,1,79,318,53.5
2026-04-18 02:33:21 AM,KXWTACHALLENGERMATCH-26APR18MARKRA-MAR,53,42,52,489,51,1732,50,1104,49,821,54,623,55,4612,56,1043,64,1,79,318,53.5
2026-04-18 02:33:21 AM,KXWTACHALLENGERMATCH-26APR18MARKRA-MAR,53,42,52,492,51,1732,50,1104,49,821,54,623,55,4612,56,1043,64,1,79,318,53.5
2026-04-18 02:33:21 AM,KXWTACHALLENGERMATCH-26APR18MARKRA-MAR,53,42,52,492,51,1732,50,1104,49,821,54,623,55,4612,56,1543,64,1,79,318,53.5
2026-04-18 02:33:27 AM,KXWTACHALLENGERMATCH-26APR18MARKRA-MAR,53,42,52,492,51,1732,50,1104,49,821,54,497,55,4612,56,1543,64,1,79,318,53.5
2026-04-18 02:33:27 AM,KXWTACHALLENGERMATCH-26APR18MARKRA-MAR,53,42,52,492,51,1732,50,1104,49,821,54,472,55,4612,56,1543,64,1,79,318,53.5
2026-04-18 02:33:27 AM,KXWTACHALLENGERMATCH-26APR18MARKRA-MAR,53,42,52,492,51,1732,50,1104,49,821,54,397,55,4612,56,1543,64,1,79,318,53.5
2026-04-18 02:33:28 AM,KXWTACHALLENGERMATCH-26APR18MARKRA-MAR,53,42,52,511,51,1732,50,1104,49,821,54,397,55,4612,56,1543,64,1,79,318,53.5
2026-04-18 02:33:28 AM,KXWTACHALLENGERMATCH-26APR18MARKRA-MAR,53,42,52,511,51,1732,50,1104,49,821,54,417,55,4612,56,1543,64,1,79,318,53.5
2026-04-18 02:33:28 AM,KXWTACHALLENGERMATCH-26APR18MARKRA-MAR,53,42,52,511,51,1732,50,1079,49,821,54,417,55,4612,56,1543,64,1,79,318,53.5
2026-04-18 02:34:28 AM,KXWTACHALLENGERMATCH-26APR18MARKRA-MAR,53,42,52,511,51,1732,50,1079,49,821,54,417,55,1834,56,1543,64,1,79,318,53.5
2026-04-18 02:34:28 AM,KXWTACHALLENGERMATCH-26APR18MARKRA-MAR,53,42,52,511,51,1732,50,1079,49,821,54,417,55,4612,56,1543,64,1,79,318,53.5
2026-04-18 02:36:01 AM,KXWTACHALLENGERMATCH-26APR18MARKRA-MAR,53,42,52,511,51,1732,50,1079,49,821,54,417,55,4612,56,1543,61,35,64,1,53.5
2026-04-18 02:36:17 AM,KXWTACHALLENGERMATCH-26APR18MARKRA-MAR,53,42,52,511,51,1732,50,1079,49,821,54,417,55,1834,56,1543,61,35,64,1,53.5
2026-04-18 02:36:17 AM,KXWTACHALLENGERMATCH-26APR18MARKRA-MAR,53,42,52,511,51,1732,50,1079,49,821,54,417,55,4612,56,1543,61,35,64,1,53.5
