ts_et,ticker,bid_1,bid_1_sz,bid_2,bid_2_sz,bid_3,bid_3_sz,bid_4,bid_4_sz,bid_5,bid_5_sz,ask_1,ask_1_sz,ask_2,ask_2_sz,ask_3,ask_3_sz,ask_4,ask_4_sz,ask_5,ask_5_sz,mid
2026-04-18 11:58:57 AM,KXWTAMATCH-26APR19KOSPOD-POD,8,200,6,416,5,494,4,323,3,540,93,200,94,315,95,325,96,343,97,82,50.5
2026-04-18 12:06:37 PM,KXWTAMATCH-26APR19KOSPOD-POD,8,200,6,416,5,494,4,323,3,540,92,11,93,200,94,315,95,325,96,343,50.0
2026-04-18 12:07:15 PM,KXWTAMATCH-26APR19KOSPOD-POD,8,200,6,416,5,494,4,323,3,540,91,1000,92,11,93,200,94,315,95,325,49.5
2026-04-18 12:07:15 PM,KXWTAMATCH-26APR19KOSPOD-POD,8,200,6,416,5,494,4,323,3,540,91,1000,93,200,94,315,95,325,96,343,49.5
2026-04-18 12:07:15 PM,KXWTAMATCH-26APR19KOSPOD-POD,8,200,6,416,5,494,4,323,3,540,90,11,91,1000,93,200,94,315,95,325,49.0
2026-04-18 12:07:15 PM,KXWTAMATCH-26APR19KOSPOD-POD,8,200,7,19,6,416,5,494,4,323,90,11,91,1000,93,200,94,315,95,325,49.0
2026-04-18 12:07:15 PM,KXWTAMATCH-26APR19KOSPOD-POD,8,200,7,19,6,430,5,494,4,323,90,11,91,1000,93,200,94,315,95,325,49.0
2026-04-18 12:07:15 PM,KXWTAMATCH-26APR19KOSPOD-POD,8,200,7,19,6,430,5,494,4,323,90,36,91,1000,93,200,94,315,95,325,49.0
2026-04-18 12:07:15 PM,KXWTAMATCH-26APR19KOSPOD-POD,8,200,7,19,6,430,5,494,4,323,90,36,91,1043,93,200,94,315,95,325,49.0
2026-04-18 12:07:15 PM,KXWTAMATCH-26APR19KOSPOD-POD,8,200,7,19,6,430,5,494,4,323,89,25,90,36,91,1043,93,200,94,315,48.5
2026-04-18 12:07:15 PM,KXWTAMATCH-26APR19KOSPOD-POD,8,200,7,19,6,430,5,494,4,323,89,25,90,54,91,1043,93,200,94,315,48.5
2026-04-18 12:07:15 PM,KXWTAMATCH-26APR19KOSPOD-POD,8,200,7,19,6,430,5,494,4,323,89,25,90,54,91,1000,93,200,94,315,48.5
2026-04-18 12:07:15 PM,KXWTAMATCH-26APR19KOSPOD-POD,8,200,7,19,6,430,5,494,4,323,89,25,90,43,91,1000,93,200,94,315,48.5
2026-04-18 12:07:15 PM,KXWTAMATCH-26APR19KOSPOD-POD,8,200,7,19,6,430,5,494,4,323,88,11,89,25,90,43,91,1000,93,200,48.0
2026-04-18 12:07:16 PM,KXWTAMATCH-26APR19KOSPOD-POD,8,206,7,19,6,430,5,494,4,323,88,11,89,25,90,43,91,1000,93,200,48.0
2026-04-18 12:07:16 PM,KXWTAMATCH-26APR19KOSPOD-POD,8,206,7,19,6,430,5,494,4,323,87,25,88,11,89,25,90,43,91,1000,47.5
2026-04-18 12:07:16 PM,KXWTAMATCH-26APR19KOSPOD-POD,8,206,7,19,6,416,5,494,4,323,87,25,88,11,89,25,90,43,91,1000,47.5
2026-04-18 12:07:16 PM,KXWTAMATCH-26APR19KOSPOD-POD,8,206,7,19,6,416,5,494,4,323,87,25,88,11,90,43,91,1000,93,200,47.5
2026-04-18 12:07:16 PM,KXWTAMATCH-26APR19KOSPOD-POD,8,206,7,19,6,416,5,494,4,323,87,25,90,43,91,1000,93,200,94,315,47.5
2026-04-18 12:07:16 PM,KXWTAMATCH-26APR19KOSPOD-POD,8,200,7,19,6,416,5,494,4,323,87,25,90,43,91,1000,93,200,94,315,47.5
2026-04-18 12:07:16 PM,KXWTAMATCH-26APR19KOSPOD-POD,8,200,7,19,6,416,5,494,4,323,90,43,91,1000,93,200,94,315,95,325,49.0
2026-04-18 12:07:16 PM,KXWTAMATCH-26APR19KOSPOD-POD,8,200,7,19,6,416,5,494,4,323,90,18,91,1000,93,200,94,315,95,325,49.0
2026-04-18 12:07:16 PM,KXWTAMATCH-26APR19KOSPOD-POD,8,200,7,19,6,416,5,494,4,323,91,1000,93,200,94,315,95,325,96,343,49.5
2026-04-18 12:07:16 PM,KXWTAMATCH-26APR19KOSPOD-POD,8,200,7,19,6,430,5,494,4,323,91,1000,93,200,94,315,95,325,96,343,49.5
2026-04-18 12:07:16 PM,KXWTAMATCH-26APR19KOSPOD-POD,8,200,7,19,6,430,5,494,4,323,86,19,91,1000,93,200,94,315,95,325,47.0
2026-04-18 12:07:16 PM,KXWTAMATCH-26APR19KOSPOD-POD,8,200,7,19,6,430,5,494,4,323,86,19,89,40,91,1000,93,200,94,315,47.0
2026-04-18 12:07:16 PM,KXWTAMATCH-26APR19KOSPOD-POD,8,200,7,19,6,430,5,494,4,323,86,19,89,51,91,1000,93,200,94,315,47.0
2026-04-18 12:07:16 PM,KXWTAMATCH-26APR19KOSPOD-POD,8,200,7,19,6,430,5,494,4,323,86,19,89,40,91,1000,93,200,94,315,47.0
2026-04-18 12:07:17 PM,KXWTAMATCH-26APR19KOSPOD-POD,8,200,7,19,6,430,5,494,4,323,86,19,89,40,90,25,91,1000,93,200,47.0
2026-04-18 12:07:17 PM,KXWTAMATCH-26APR19KOSPOD-POD,8,200,7,19,6,430,5,494,4,323,89,40,90,25,91,1000,93,200,94,315,48.5
2026-04-18 12:07:17 PM,KXWTAMATCH-26APR19KOSPOD-POD,8,200,7,19,6,430,5,494,4,323,89,40,90,25,91,1000,92,43,93,200,48.5
2026-04-18 12:07:17 PM,KXWTAMATCH-26APR19KOSPOD-POD,8,200,7,19,6,430,5,494,4,323,90,25,91,1000,92,43,93,200,94,315,49.0
2026-04-18 12:07:17 PM,KXWTAMATCH-26APR19KOSPOD-POD,8,206,7,19,6,430,5,494,4,323,90,25,91,1000,92,43,93,200,94,315,49.0
2026-04-18 12:07:17 PM,KXWTAMATCH-26APR19KOSPOD-POD,8,206,7,19,6,416,5,494,4,323,90,25,91,1000,92,43,93,200,94,315,49.0
2026-04-18 12:07:18 PM,KXWTAMATCH-26APR19KOSPOD-POD,8,206,7,19,6,416,5,494,4,323,89,11,90,25,91,1000,92,43,93,200,48.5
2026-04-18 12:07:18 PM,KXWTAMATCH-26APR19KOSPOD-POD,8,206,7,19,6,416,5,494,4,323,89,11,90,25,91,1000,93,200,94,315,48.5
2026-04-18 12:07:22 PM,KXWTAMATCH-26APR19KOSPOD-POD,8,206,7,19,6,416,5,494,4,323,89,12,90,25,91,1000,93,200,94,315,48.5
2026-04-18 12:07:35 PM,KXWTAMATCH-26APR19KOSPOD-POD,8,206,7,19,6,416,5,494,4,323,89,12,90,25,93,200,94,315,95,325,48.5
2026-04-18 12:07:35 PM,KXWTAMATCH-26APR19KOSPOD-POD,8,206,7,19,6,416,5,494,4,323,50,500,89,12,90,25,93,200,94,315,29.0
2026-04-18 12:07:35 PM,KXWTAMATCH-26APR19KOSPOD-POD,8,206,7,19,6,416,5,494,4,323,50,500,88,25,89,12,90,25,93,200,29.0
2026-04-18 12:07:35 PM,KXWTAMATCH-26APR19KOSPOD-POD,8,206,7,19,6,416,5,494,4,323,50,500,88,25,89,12,90,25,92,43,29.0
2026-04-18 12:07:35 PM,KXWTAMATCH-26APR19KOSPOD-POD,8,206,7,19,6,416,5,494,4,323,50,500,88,25,89,12,92,43,93,200,29.0
2026-04-18 12:07:35 PM,KXWTAMATCH-26APR19KOSPOD-POD,8,206,7,19,6,416,5,494,4,323,50,500,88,25,92,43,93,200,94,315,29.0
2026-04-18 12:07:35 PM,KXWTAMATCH-26APR19KOSPOD-POD,8,200,7,19,6,416,5,494,4,323,50,500,88,25,92,43,93,200,94,315,29.0
2026-04-18 12:07:35 PM,KXWTAMATCH-26APR19KOSPOD-POD,8,200,7,19,6,431,5,494,4,323,50,500,88,25,92,43,93,200,94,315,29.0
2026-04-18 12:07:35 PM,KXWTAMATCH-26APR19KOSPOD-POD,8,200,7,19,6,431,5,494,4,323,50,500,92,43,93,200,94,315,95,325,29.0
2026-04-18 12:07:36 PM,KXWTAMATCH-26APR19KOSPOD-POD,8,200,7,19,6,431,5,494,4,323,50,500,51,22,92,43,93,200,94,315,29.0
2026-04-18 12:10:45 PM,KXWTAMATCH-26APR19KOSPOD-POD,8,200,7,19,6,431,5,494,4,323,50,499,51,22,92,43,93,200,94,315,29.0
2026-04-18 12:11:17 PM,KXWTAMATCH-26APR19KOSPOD-POD,8,200,7,19,6,431,5,494,4,323,50,500,51,22,92,43,93,200,94,315,29.0
2026-04-18 12:11:26 PM,KXWTAMATCH-26APR19KOSPOD-POD,8,200,7,19,6,431,5,494,4,323,50,500,51,22,79,1,92,43,93,200,29.0
2026-04-18 12:11:26 PM,KXWTAMATCH-26APR19KOSPOD-POD,8,200,7,19,6,431,5,494,4,323,50,500,51,22,79,1,89,1,92,43,29.0
2026-04-18 12:11:26 PM,KXWTAMATCH-26APR19KOSPOD-POD,8,200,7,19,6,431,5,494,4,323,50,500,51,22,79,1,89,1,93,200,29.0
2026-04-18 12:11:26 PM,KXWTAMATCH-26APR19KOSPOD-POD,8,200,7,19,6,431,5,494,4,323,50,500,51,22,78,43,79,1,89,1,29.0
2026-04-18 12:16:25 PM,KXWTAMATCH-26APR19KOSPOD-POD,8,222,7,19,6,431,5,494,4,323,50,500,51,22,78,43,79,1,89,1,29.0
2026-04-18 12:16:25 PM,KXWTAMATCH-26APR19KOSPOD-POD,8,222,7,19,6,416,5,494,4,323,50,500,51,22,78,43,79,1,89,1,29.0
2026-04-18 12:18:15 PM,KXWTAMATCH-26APR19KOSPOD-POD,8,200,7,19,6,416,5,494,4,323,50,500,51,22,78,43,79,1,89,1,29.0
2026-04-18 12:18:15 PM,KXWTAMATCH-26APR19KOSPOD-POD,9,22,8,200,7,19,6,416,5,494,50,500,51,22,78,43,79,1,89,1,29.5
2026-04-18 12:18:15 PM,KXWTAMATCH-26APR19KOSPOD-POD,9,22,8,200,7,30,6,416,5,494,50,500,51,22,78,43,79,1,89,1,29.5
2026-04-18 12:18:15 PM,KXWTAMATCH-26APR19KOSPOD-POD,9,22,8,200,7,30,6,416,5,494,50,500,78,43,79,1,89,1,93,200,29.5
2026-04-18 12:18:15 PM,KXWTAMATCH-26APR19KOSPOD-POD,9,22,8,200,7,30,6,416,5,494,50,507,78,43,79,1,89,1,93,200,29.5
2026-04-18 12:18:27 PM,KXWTAMATCH-26APR19KOSPOD-POD,8,200,7,30,6,416,5,494,4,323,50,507,78,43,79,1,89,1,93,200,29.0
2026-04-18 12:18:27 PM,KXWTAMATCH-26APR19KOSPOD-POD,9,7,8,200,7,30,6,416,5,494,50,507,78,43,79,1,89,1,93,200,29.5
2026-04-18 12:18:27 PM,KXWTAMATCH-26APR19KOSPOD-POD,9,7,8,215,7,30,6,416,5,494,50,507,78,43,79,1,89,1,93,200,29.5
2026-04-18 12:18:27 PM,KXWTAMATCH-26APR19KOSPOD-POD,9,7,8,215,7,11,6,416,5,494,50,507,78,43,79,1,89,1,93,200,29.5
2026-04-18 12:18:27 PM,KXWTAMATCH-26APR19KOSPOD-POD,9,7,8,215,6,416,5,494,4,323,50,507,78,43,79,1,89,1,93,200,29.5
2026-04-18 12:18:27 PM,KXWTAMATCH-26APR19KOSPOD-POD,9,7,8,200,6,416,5,494,4,323,50,507,78,43,79,1,89,1,93,200,29.5
2026-04-18 12:18:27 PM,KXWTAMATCH-26APR19KOSPOD-POD,9,7,8,200,7,30,6,416,5,494,50,507,78,43,79,1,89,1,93,200,29.5
2026-04-18 12:18:28 PM,KXWTAMATCH-26APR19KOSPOD-POD,9,7,8,200,7,30,6,416,5,494,49,20,50,507,78,43,79,1,89,1,29.0
2026-04-18 12:18:28 PM,KXWTAMATCH-26APR19KOSPOD-POD,10,20,9,7,8,200,7,30,6,416,49,20,50,507,78,43,79,1,89,1,29.5
2026-04-18 12:18:28 PM,KXWTAMATCH-26APR19KOSPOD-POD,10,20,8,200,7,30,6,416,5,494,49,20,50,507,78,43,79,1,89,1,29.5
2026-04-18 12:18:28 PM,KXWTAMATCH-26APR19KOSPOD-POD,10,20,8,200,6,416,5,494,4,323,49,20,50,507,78,43,79,1,89,1,29.5
2026-04-18 12:18:28 PM,KXWTAMATCH-26APR19KOSPOD-POD,10,20,8,200,6,416,5,494,4,323,49,20,50,500,78,43,79,1,89,1,29.5
2026-04-18 12:18:39 PM,KXWTAMATCH-26APR19KOSPOD-POD,8,200,6,416,5,494,4,323,3,540,49,20,50,500,78,43,79,1,89,1,28.5
2026-04-18 12:18:39 PM,KXWTAMATCH-26APR19KOSPOD-POD,8,200,6,416,5,494,4,323,3,540,50,500,78,43,79,1,89,1,93,200,29.0
2026-04-18 12:18:39 PM,KXWTAMATCH-26APR19KOSPOD-POD,9,22,8,200,6,416,5,494,4,323,50,500,78,43,79,1,89,1,93,200,29.5
2026-04-18 12:18:39 PM,KXWTAMATCH-26APR19KOSPOD-POD,9,22,8,200,7,30,6,416,5,494,50,500,78,43,79,1,89,1,93,200,29.5
2026-04-18 12:18:39 PM,KXWTAMATCH-26APR19KOSPOD-POD,9,22,8,200,7,30,6,416,5,494,50,522,78,43,79,1,89,1,93,200,29.5
2026-04-18 12:18:39 PM,KXWTAMATCH-26APR19KOSPOD-POD,9,22,8,200,7,30,6,416,5,494,50,500,78,43,79,1,89,1,93,200,29.5
2026-04-18 12:18:39 PM,KXWTAMATCH-26APR19KOSPOD-POD,9,22,8,200,7,30,6,416,5,494,50,507,78,43,79,1,89,1,93,200,29.5
2026-04-18 12:18:40 PM,KXWTAMATCH-26APR19KOSPOD-POD,8,200,7,30,6,416,5,494,4,323,50,507,78,43,79,1,89,1,93,200,29.0
2026-04-18 12:18:40 PM,KXWTAMATCH-26APR19KOSPOD-POD,9,7,8,200,7,30,6,416,5,494,50,507,78,43,79,1,89,1,93,200,29.5
2026-04-18 12:18:40 PM,KXWTAMATCH-26APR19KOSPOD-POD,9,7,8,215,7,30,6,416,5,494,50,507,78,43,79,1,89,1,93,200,29.5
2026-04-18 12:18:40 PM,KXWTAMATCH-26APR19KOSPOD-POD,9,7,8,215,6,416,5,494,4,323,50,507,78,43,79,1,89,1,93,200,29.5
2026-04-18 12:18:40 PM,KXWTAMATCH-26APR19KOSPOD-POD,9,7,8,215,7,30,6,416,5,494,50,507,78,43,79,1,89,1,93,200,29.5
2026-04-18 12:18:40 PM,KXWTAMATCH-26APR19KOSPOD-POD,9,7,8,200,7,30,6,416,5,494,50,507,78,43,79,1,89,1,93,200,29.5
2026-04-18 12:18:41 PM,KXWTAMATCH-26APR19KOSPOD-POD,9,22,8,200,7,30,6,416,5,494,50,507,78,43,79,1,89,1,93,200,29.5
2026-04-18 12:18:42 PM,KXWTAMATCH-26APR19KOSPOD-POD,10,20,9,22,8,200,7,30,6,416,50,507,78,43,79,1,89,1,93,200,30.0
2026-04-18 12:18:42 PM,KXWTAMATCH-26APR19KOSPOD-POD,10,20,9,22,8,200,7,30,6,416,49,20,50,507,78,43,79,1,89,1,29.5
2026-04-18 12:18:42 PM,KXWTAMATCH-26APR19KOSPOD-POD,10,27,9,22,8,200,7,30,6,416,49,20,50,507,78,43,79,1,89,1,29.5
2026-04-18 12:18:42 PM,KXWTAMATCH-26APR19KOSPOD-POD,10,27,9,22,8,200,6,416,5,494,49,20,50,507,78,43,79,1,89,1,29.5
2026-04-18 12:18:42 PM,KXWTAMATCH-26APR19KOSPOD-POD,10,20,9,22,8,200,6,416,5,494,49,20,50,507,78,43,79,1,89,1,29.5
2026-04-18 12:18:42 PM,KXWTAMATCH-26APR19KOSPOD-POD,10,20,9,22,8,215,6,416,5,494,49,20,50,507,78,43,79,1,89,1,29.5
2026-04-18 12:18:42 PM,KXWTAMATCH-26APR19KOSPOD-POD,10,20,9,22,8,215,6,416,5,494,49,20,50,522,78,43,79,1,89,1,29.5
2026-04-18 12:18:53 PM,KXWTAMATCH-26APR19KOSPOD-POD,9,22,8,215,6,416,5,494,4,323,49,20,50,522,78,43,79,1,89,1,29.0
2026-04-18 12:18:53 PM,KXWTAMATCH-26APR19KOSPOD-POD,9,22,8,215,6,416,5,494,4,323,50,522,78,43,79,1,89,1,93,200,29.5
2026-04-18 12:18:53 PM,KXWTAMATCH-26APR19KOSPOD-POD,9,22,8,215,7,30,6,416,5,494,50,522,78,43,79,1,89,1,93,200,29.5
2026-04-18 12:18:53 PM,KXWTAMATCH-26APR19KOSPOD-POD,9,22,8,200,7,30,6,416,5,494,50,522,78,43,79,1,89,1,93,200,29.5
2026-04-18 12:18:53 PM,KXWTAMATCH-26APR19KOSPOD-POD,9,15,8,200,7,30,6,416,5,494,50,522,78,43,79,1,89,1,93,200,29.5
2026-04-18 12:18:53 PM,KXWTAMATCH-26APR19KOSPOD-POD,8,200,7,30,6,416,5,494,4,323,50,522,78,43,79,1,89,1,93,200,29.0
2026-04-18 12:18:53 PM,KXWTAMATCH-26APR19KOSPOD-POD,8,200,7,30,6,416,5,494,4,323,50,515,78,43,79,1,89,1,93,200,29.0
2026-04-18 12:18:53 PM,KXWTAMATCH-26APR19KOSPOD-POD,8,200,7,30,6,416,5,494,4,323,50,500,78,43,79,1,89,1,93,200,29.0
2026-04-18 12:18:53 PM,KXWTAMATCH-26APR19KOSPOD-POD,8,200,6,416,5,494,4,323,3,540,50,500,78,43,79,1,89,1,93,200,29.0
2026-04-18 12:18:53 PM,KXWTAMATCH-26APR19KOSPOD-POD,9,7,8,200,6,416,5,494,4,323,50,500,78,43,79,1,89,1,93,200,29.5
2026-04-18 12:18:54 PM,KXWTAMATCH-26APR19KOSPOD-POD,9,22,8,200,6,416,5,494,4,323,50,500,78,43,79,1,89,1,93,200,29.5
2026-04-18 12:18:54 PM,KXWTAMATCH-26APR19KOSPOD-POD,9,22,8,200,7,30,6,416,5,494,50,500,78,43,79,1,89,1,93,200,29.5
2026-04-18 12:18:54 PM,KXWTAMATCH-26APR19KOSPOD-POD,9,22,8,200,7,30,6,416,5,494,50,507,78,43,79,1,89,1,93,200,29.5
2026-04-18 12:18:55 PM,KXWTAMATCH-26APR19KOSPOD-POD,9,22,8,200,7,30,6,416,5,494,49,20,50,507,78,43,79,1,89,1,29.0
2026-04-18 12:18:55 PM,KXWTAMATCH-26APR19KOSPOD-POD,10,20,9,22,8,200,7,30,6,416,49,20,50,507,78,43,79,1,89,1,29.5
2026-04-18 12:18:55 PM,KXWTAMATCH-26APR19KOSPOD-POD,10,20,9,22,8,200,7,30,6,416,49,20,50,500,78,43,79,1,89,1,29.5
2026-04-18 12:18:55 PM,KXWTAMATCH-26APR19KOSPOD-POD,10,20,9,22,8,215,7,30,6,416,49,20,50,500,78,43,79,1,89,1,29.5
2026-04-18 12:18:55 PM,KXWTAMATCH-26APR19KOSPOD-POD,10,20,9,22,8,215,6,416,5,494,49,20,50,500,78,43,79,1,89,1,29.5
2026-04-18 12:18:55 PM,KXWTAMATCH-26APR19KOSPOD-POD,10,20,9,22,8,215,6,416,5,494,49,20,50,522,78,43,79,1,89,1,29.5
2026-04-18 12:19:06 PM,KXWTAMATCH-26APR19KOSPOD-POD,9,22,8,215,6,416,5,494,4,323,49,20,50,522,78,43,79,1,89,1,29.0
2026-04-18 12:19:06 PM,KXWTAMATCH-26APR19KOSPOD-POD,9,22,8,215,6,416,5,494,4,323,50,522,78,43,79,1,89,1,93,200,29.5
2026-04-18 12:19:06 PM,KXWTAMATCH-26APR19KOSPOD-POD,9,22,8,200,6,416,5,494,4,323,50,522,78,43,79,1,89,1,93,200,29.5
2026-04-18 12:19:06 PM,KXWTAMATCH-26APR19KOSPOD-POD,9,15,8,200,6,416,5,494,4,323,50,522,78,43,79,1,89,1,93,200,29.5
2026-04-18 12:19:06 PM,KXWTAMATCH-26APR19KOSPOD-POD,8,200,6,416,5,494,4,323,3,540,50,522,78,43,79,1,89,1,93,200,29.0
2026-04-18 12:19:06 PM,KXWTAMATCH-26APR19KOSPOD-POD,8,200,6,416,5,494,4,323,3,540,50,500,78,43,79,1,89,1,93,200,29.0
2026-04-18 12:19:07 PM,KXWTAMATCH-26APR19KOSPOD-POD,9,22,8,200,6,416,5,494,4,323,50,500,78,43,79,1,89,1,93,200,29.5
2026-04-18 12:19:07 PM,KXWTAMATCH-26APR19KOSPOD-POD,9,22,8,200,7,30,6,416,5,494,50,500,78,43,79,1,89,1,93,200,29.5
2026-04-18 12:19:07 PM,KXWTAMATCH-26APR19KOSPOD-POD,9,22,8,200,7,30,6,416,5,494,50,500,51,22,78,43,79,1,89,1,29.5
2026-04-18 12:19:08 PM,KXWTAMATCH-26APR19KOSPOD-POD,9,22,8,200,7,30,6,416,5,494,50,500,78,43,79,1,89,1,93,200,29.5
2026-04-18 12:19:08 PM,KXWTAMATCH-26APR19KOSPOD-POD,9,22,8,200,7,30,6,416,5,494,50,507,78,43,79,1,89,1,93,200,29.5
2026-04-18 12:19:08 PM,KXWTAMATCH-26APR19KOSPOD-POD,10,20,9,22,8,200,7,30,6,416,50,507,78,43,79,1,89,1,93,200,30.0
2026-04-18 12:19:08 PM,KXWTAMATCH-26APR19KOSPOD-POD,10,20,9,22,8,200,7,30,6,416,49,20,50,507,78,43,79,1,89,1,29.5
2026-04-18 12:19:08 PM,KXWTAMATCH-26APR19KOSPOD-POD,10,20,9,22,8,215,7,30,6,416,49,20,50,507,78,43,79,1,89,1,29.5
2026-04-18 12:19:08 PM,KXWTAMATCH-26APR19KOSPOD-POD,10,20,9,22,8,215,6,416,5,494,49,20,50,507,78,43,79,1,89,1,29.5
2026-04-18 12:19:08 PM,KXWTAMATCH-26APR19KOSPOD-POD,10,20,9,22,8,215,6,416,5,494,49,20,50,522,78,43,79,1,89,1,29.5
2026-04-18 12:19:19 PM,KXWTAMATCH-26APR19KOSPOD-POD,9,22,8,215,6,416,5,494,4,323,49,20,50,522,78,43,79,1,89,1,29.0
2026-04-18 12:19:19 PM,KXWTAMATCH-26APR19KOSPOD-POD,9,22,8,200,6,416,5,494,4,323,49,20,50,522,78,43,79,1,89,1,29.0
2026-04-18 12:19:19 PM,KXWTAMATCH-26APR19KOSPOD-POD,9,22,8,200,6,416,5,494,4,323,50,522,78,43,79,1,89,1,93,200,29.5
2026-04-18 12:19:19 PM,KXWTAMATCH-26APR19KOSPOD-POD,9,22,8,200,7,30,6,416,5,494,50,522,78,43,79,1,89,1,93,200,29.5
2026-04-18 12:19:19 PM,KXWTAMATCH-26APR19KOSPOD-POD,8,200,7,30,6,416,5,494,4,323,50,522,78,43,79,1,89,1,93,200,29.0
2026-04-18 12:19:19 PM,KXWTAMATCH-26APR19KOSPOD-POD,8,200,7,30,6,416,5,494,4,323,50,515,78,43,79,1,89,1,93,200,29.0
2026-04-18 12:19:19 PM,KXWTAMATCH-26APR19KOSPOD-POD,8,200,7,30,6,416,5,494,4,323,50,500,78,43,79,1,89,1,93,200,29.0
2026-04-18 12:19:19 PM,KXWTAMATCH-26APR19KOSPOD-POD,8,200,6,416,5,494,4,323,3,540,50,500,78,43,79,1,89,1,93,200,29.0
2026-04-18 12:19:19 PM,KXWTAMATCH-26APR19KOSPOD-POD,9,7,8,200,6,416,5,494,4,323,50,500,78,43,79,1,89,1,93,200,29.5
2026-04-18 12:19:19 PM,KXWTAMATCH-26APR19KOSPOD-POD,9,7,8,215,6,416,5,494,4,323,50,500,78,43,79,1,89,1,93,200,29.5
2026-04-18 12:19:19 PM,KXWTAMATCH-26APR19KOSPOD-POD,9,7,8,215,6,416,5,494,4,323,50,507,78,43,79,1,89,1,93,200,29.5
2026-04-18 12:19:20 PM,KXWTAMATCH-26APR19KOSPOD-POD,9,7,8,215,7,30,6,416,5,494,50,507,78,43,79,1,89,1,93,200,29.5
2026-04-18 12:19:20 PM,KXWTAMATCH-26APR19KOSPOD-POD,9,7,8,200,7,30,6,416,5,494,50,507,78,43,79,1,89,1,93,200,29.5
2026-04-18 12:19:20 PM,KXWTAMATCH-26APR19KOSPOD-POD,9,7,8,200,7,30,6,416,5,494,49,20,50,507,78,43,79,1,89,1,29.0
2026-04-18 12:19:20 PM,KXWTAMATCH-26APR19KOSPOD-POD,10,20,9,7,8,200,7,30,6,416,49,20,50,507,78,43,79,1,89,1,29.5
2026-04-18 12:19:20 PM,KXWTAMATCH-26APR19KOSPOD-POD,10,20,9,22,8,200,7,30,6,416,49,20,50,507,78,43,79,1,89,1,29.5
2026-04-18 12:19:20 PM,KXWTAMATCH-26APR19KOSPOD-POD,10,20,9,22,8,215,7,30,6,416,49,20,50,507,78,43,79,1,89,1,29.5
2026-04-18 12:19:20 PM,KXWTAMATCH-26APR19KOSPOD-POD,10,20,9,22,8,215,7,30,6,416,49,20,50,522,78,43,79,1,89,1,29.5
2026-04-18 12:19:20 PM,KXWTAMATCH-26APR19KOSPOD-POD,10,20,9,22,8,215,6,416,5,494,49,20,50,522,78,43,79,1,89,1,29.5
2026-04-18 12:19:30 PM,KXWTAMATCH-26APR19KOSPOD-POD,9,22,8,215,6,416,5,494,4,323,49,20,50,522,78,43,79,1,89,1,29.0
2026-04-18 12:19:30 PM,KXWTAMATCH-26APR19KOSPOD-POD,9,22,8,215,6,416,5,494,4,323,50,522,78,43,79,1,89,1,93,200,29.5
2026-04-18 12:19:30 PM,KXWTAMATCH-26APR19KOSPOD-POD,9,22,8,200,6,416,5,494,4,323,50,522,78,43,79,1,89,1,93,200,29.5
2026-04-18 12:19:30 PM,KXWTAMATCH-26APR19KOSPOD-POD,9,22,8,200,7,30,6,416,5,494,50,522,78,43,79,1,89,1,93,200,29.5
2026-04-18 12:19:31 PM,KXWTAMATCH-26APR19KOSPOD-POD,9,22,8,200,7,30,6,416,5,494,49,20,50,522,78,43,79,1,89,1,29.0
2026-04-18 12:19:31 PM,KXWTAMATCH-26APR19KOSPOD-POD,10,20,9,22,8,200,7,30,6,416,49,20,50,522,78,43,79,1,89,1,29.5
2026-04-18 12:19:31 PM,KXWTAMATCH-26APR19KOSPOD-POD,10,20,9,15,8,200,7,30,6,416,49,20,50,522,78,43,79,1,89,1,29.5
2026-04-18 12:19:31 PM,KXWTAMATCH-26APR19KOSPOD-POD,10,20,8,200,7,30,6,416,5,494,49,20,50,522,78,43,79,1,89,1,29.5
2026-04-18 12:19:31 PM,KXWTAMATCH-26APR19KOSPOD-POD,10,20,8,200,7,30,6,416,5,494,49,20,50,515,78,43,79,1,89,1,29.5
2026-04-18 12:19:31 PM,KXWTAMATCH-26APR19KOSPOD-POD,10,20,8,200,7,30,6,416,5,494,49,20,50,500,78,43,79,1,89,1,29.5
2026-04-18 12:19:31 PM,KXWTAMATCH-26APR19KOSPOD-POD,10,20,8,200,6,416,5,494,4,323,49,20,50,500,78,43,79,1,89,1,29.5
2026-04-18 12:19:31 PM,KXWTAMATCH-26APR19KOSPOD-POD,10,27,8,200,6,416,5,494,4,323,49,20,50,500,78,43,79,1,89,1,29.5
2026-04-18 12:19:31 PM,KXWTAMATCH-26APR19KOSPOD-POD,10,27,9,15,8,200,6,416,5,494,49,20,50,500,78,43,79,1,89,1,29.5
2026-04-18 12:19:31 PM,KXWTAMATCH-26APR19KOSPOD-POD,10,27,9,15,8,200,6,416,5,494,49,20,50,507,78,43,79,1,89,1,29.5
2026-04-18 12:19:31 PM,KXWTAMATCH-26APR19KOSPOD-POD,10,27,9,22,8,200,6,416,5,494,49,20,50,507,78,43,79,1,89,1,29.5
2026-04-18 12:19:31 PM,KXWTAMATCH-26APR19KOSPOD-POD,10,27,9,22,8,215,6,416,5,494,49,20,50,507,78,43,79,1,89,1,29.5
2026-04-18 12:19:31 PM,KXWTAMATCH-26APR19KOSPOD-POD,10,27,9,22,8,215,6,416,5,494,49,20,50,522,78,43,79,1,89,1,29.5
2026-04-18 12:19:31 PM,KXWTAMATCH-26APR19KOSPOD-POD,10,20,9,22,8,215,6,416,5,494,49,20,50,522,78,43,79,1,89,1,29.5
2026-04-18 12:19:32 PM,KXWTAMATCH-26APR19KOSPOD-POD,10,20,9,22,8,215,6,416,5,494,49,20,50,22,78,43,79,1,89,1,29.5
2026-04-18 12:19:32 PM,KXWTAMATCH-26APR19KOSPOD-POD,10,20,9,22,8,215,6,416,5,494,48,500,49,20,50,22,78,43,79,1,29.0
2026-04-18 12:19:32 PM,KXWTAMATCH-26APR19KOSPOD-POD,10,20,9,22,8,200,6,416,5,494,48,500,49,20,50,22,78,43,79,1,29.0
2026-04-18 12:19:32 PM,KXWTAMATCH-26APR19KOSPOD-POD,10,20,9,22,8,200,6,416,5,494,48,500,49,20,50,15,78,43,79,1,29.0
2026-04-18 12:19:32 PM,KXWTAMATCH-26APR19KOSPOD-POD,10,27,9,22,8,200,6,416,5,494,48,500,49,20,50,15,78,43,79,1,29.0
2026-04-18 12:19:32 PM,KXWTAMATCH-26APR19KOSPOD-POD,10,27,9,22,8,200,6,416,5,494,48,500,49,20,78,43,79,1,89,1,29.0
2026-04-18 12:19:32 PM,KXWTAMATCH-26APR19KOSPOD-POD,10,27,9,22,8,200,6,416,5,494,48,500,49,27,78,43,79,1,89,1,29.0
2026-04-18 12:19:33 PM,KXWTAMATCH-26APR19KOSPOD-POD,10,34,9,22,8,200,6,416,5,494,48,500,49,27,78,43,79,1,89,1,29.0
2026-04-18 12:19:33 PM,KXWTAMATCH-26APR19KOSPOD-POD,10,34,9,22,8,200,6,416,5,494,48,507,49,27,78,43,79,1,89,1,29.0
2026-04-18 12:19:33 PM,KXWTAMATCH-26APR19KOSPOD-POD,10,34,9,22,8,200,6,416,5,494,48,507,49,27,79,1,89,1,93,200,29.0
2026-04-18 12:19:33 PM,KXWTAMATCH-26APR19KOSPOD-POD,10,27,9,22,8,200,6,416,5,494,48,507,49,27,79,1,89,1,93,200,29.0
2026-04-18 12:19:33 PM,KXWTAMATCH-26APR19KOSPOD-POD,10,27,9,22,8,200,6,416,5,494,48,507,49,35,79,1,89,1,93,200,29.0
2026-04-18 12:19:42 PM,KXWTAMATCH-26APR19KOSPOD-POD,10,7,9,22,8,200,6,416,5,494,48,507,49,35,79,1,89,1,93,200,29.0
2026-04-18 12:19:42 PM,KXWTAMATCH-26APR19KOSPOD-POD,10,7,9,22,8,200,6,416,5,494,48,507,49,15,79,1,89,1,93,200,29.0
2026-04-18 12:19:42 PM,KXWTAMATCH-26APR19KOSPOD-POD,9,22,8,200,6,416,5,494,4,323,48,507,49,15,79,1,89,1,93,200,28.5
2026-04-18 12:19:42 PM,KXWTAMATCH-26APR19KOSPOD-POD,9,22,8,200,7,31,6,416,5,494,48,507,49,15,79,1,89,1,93,200,28.5
2026-04-18 12:19:43 PM,KXWTAMATCH-26APR19KOSPOD-POD,9,7,8,200,7,31,6,416,5,494,48,507,49,15,79,1,89,1,93,200,28.5
2026-04-18 12:19:43 PM,KXWTAMATCH-26APR19KOSPOD-POD,9,7,8,200,7,31,6,416,5,494,48,507,49,8,79,1,89,1,93,200,28.5
2026-04-18 12:19:43 PM,KXWTAMATCH-26APR19KOSPOD-POD,9,7,8,200,7,31,6,416,5,494,48,507,79,1,89,1,93,200,94,315,28.5
2026-04-18 12:19:43 PM,KXWTAMATCH-26APR19KOSPOD-POD,9,7,8,200,7,31,6,416,5,494,47,20,48,507,79,1,89,1,93,200,28.0
2026-04-18 12:19:43 PM,KXWTAMATCH-26APR19KOSPOD-POD,10,20,9,7,8,200,7,31,6,416,47,20,48,507,79,1,89,1,93,200,28.5
2026-04-18 12:19:43 PM,KXWTAMATCH-26APR19KOSPOD-POD,10,20,9,22,8,200,7,31,6,416,47,20,48,507,79,1,89,1,93,200,28.5
2026-04-18 12:19:43 PM,KXWTAMATCH-26APR19KOSPOD-POD,10,20,9,22,8,200,6,416,5,494,47,20,48,507,79,1,89,1,93,200,28.5
2026-04-18 12:19:44 PM,KXWTAMATCH-26APR19KOSPOD-POD,10,20,9,22,8,216,6,416,5,494,47,20,48,507,79,1,89,1,93,200,28.5
2026-04-18 12:19:44 PM,KXWTAMATCH-26APR19KOSPOD-POD,10,20,9,22,8,216,6,416,5,494,47,20,48,522,79,1,89,1,93,200,28.5
2026-04-18 12:19:44 PM,KXWTAMATCH-26APR19KOSPOD-POD,10,20,9,22,8,216,6,416,5,494,47,20,48,522,78,43,79,1,89,1,28.5
2026-04-18 12:19:54 PM,KXWTAMATCH-26APR19KOSPOD-POD,10,20,9,22,8,216,6,416,5,495,47,20,48,522,78,43,79,1,89,1,28.5
2026-04-18 12:19:54 PM,KXWTAMATCH-26APR19KOSPOD-POD,9,22,8,216,6,416,5,495,4,323,47,20,48,522,78,43,79,1,89,1,28.0
2026-04-18 12:19:54 PM,KXWTAMATCH-26APR19KOSPOD-POD,9,22,8,216,6,416,5,495,4,323,48,522,78,43,79,1,89,1,93,200,28.5
2026-04-18 12:19:54 PM,KXWTAMATCH-26APR19KOSPOD-POD,9,22,8,200,6,416,5,495,4,323,48,522,78,43,79,1,89,1,93,200,28.5
2026-04-18 12:19:54 PM,KXWTAMATCH-26APR19KOSPOD-POD,9,22,8,200,7,31,6,416,5,495,48,522,78,43,79,1,89,1,93,200,28.5
2026-04-18 12:19:55 PM,KXWTAMATCH-26APR19KOSPOD-POD,9,15,8,200,7,31,6,416,5,495,48,522,78,43,79,1,89,1,93,200,28.5
2026-04-18 12:19:55 PM,KXWTAMATCH-26APR19KOSPOD-POD,8,200,7,31,6,416,5,495,4,323,48,522,78,43,79,1,89,1,93,200,28.0
2026-04-18 12:19:55 PM,KXWTAMATCH-26APR19KOSPOD-POD,8,200,7,31,6,416,5,495,4,323,48,515,78,43,79,1,89,1,93,200,28.0
2026-04-18 12:19:55 PM,KXWTAMATCH-26APR19KOSPOD-POD,8,200,7,31,6,416,5,495,4,323,48,500,78,43,79,1,89,1,93,200,28.0
2026-04-18 12:19:55 PM,KXWTAMATCH-26APR19KOSPOD-POD,8,200,6,416,5,495,4,323,3,540,48,500,78,43,79,1,89,1,93,200,28.0
2026-04-18 12:19:55 PM,KXWTAMATCH-26APR19KOSPOD-POD,9,7,8,200,6,416,5,495,4,323,48,500,78,43,79,1,89,1,93,200,28.5
2026-04-18 12:19:55 PM,KXWTAMATCH-26APR19KOSPOD-POD,9,7,8,215,6,416,5,495,4,323,48,500,78,43,79,1,89,1,93,200,28.5
2026-04-18 12:19:55 PM,KXWTAMATCH-26APR19KOSPOD-POD,9,7,8,215,6,416,5,495,4,323,48,507,78,43,79,1,89,1,93,200,28.5
2026-04-18 12:19:55 PM,KXWTAMATCH-26APR19KOSPOD-POD,9,7,8,215,7,31,6,416,5,495,48,507,78,43,79,1,89,1,93,200,28.5
2026-04-18 12:19:55 PM,KXWTAMATCH-26APR19KOSPOD-POD,9,7,8,200,7,31,6,416,5,495,48,507,78,43,79,1,89,1,93,200,28.5
2026-04-18 12:19:55 PM,KXWTAMATCH-26APR19KOSPOD-POD,9,7,8,200,7,31,6,416,5,495,47,20,48,507,78,43,79,1,89,1,28.0
2026-04-18 12:19:55 PM,KXWTAMATCH-26APR19KOSPOD-POD,10,20,9,7,8,200,7,31,6,416,47,20,48,507,78,43,79,1,89,1,28.5
2026-04-18 12:19:56 PM,KXWTAMATCH-26APR19KOSPOD-POD,10,20,9,22,8,200,7,31,6,416,47,20,48,507,78,43,79,1,89,1,28.5
2026-04-18 12:19:56 PM,KXWTAMATCH-26APR19KOSPOD-POD,10,20,9,22,8,216,7,31,6,416,47,20,48,507,78,43,79,1,89,1,28.5
2026-04-18 12:19:56 PM,KXWTAMATCH-26APR19KOSPOD-POD,10,20,9,22,8,216,7,31,6,416,47,20,48,507,49,22,78,43,79,1,28.5
2026-04-18 12:19:56 PM,KXWTAMATCH-26APR19KOSPOD-POD,10,20,9,22,8,216,6,416,5,495,47,20,48,507,49,22,78,43,79,1,28.5
2026-04-18 12:19:56 PM,KXWTAMATCH-26APR19KOSPOD-POD,10,20,9,22,8,216,6,416,5,495,47,20,48,500,49,22,78,43,79,1,28.5
2026-04-18 12:19:56 PM,KXWTAMATCH-26APR19KOSPOD-POD,10,20,9,22,8,216,6,416,5,495,47,20,48,522,49,22,78,43,79,1,28.5
2026-04-18 12:19:56 PM,KXWTAMATCH-26APR19KOSPOD-POD,10,20,9,22,8,216,6,416,5,495,47,20,48,522,78,43,79,1,89,1,28.5
2026-04-18 12:20:07 PM,KXWTAMATCH-26APR19KOSPOD-POD,9,22,8,216,6,416,5,495,4,323,47,20,48,522,78,43,79,1,89,1,28.0
2026-04-18 12:20:07 PM,KXWTAMATCH-26APR19KOSPOD-POD,9,22,8,216,6,416,5,495,4,323,48,522,78,43,79,1,89,1,93,200,28.5
2026-04-18 12:20:07 PM,KXWTAMATCH-26APR19KOSPOD-POD,9,22,8,200,6,416,5,495,4,323,48,522,78,43,79,1,89,1,93,200,28.5
2026-04-18 12:20:07 PM,KXWTAMATCH-26APR19KOSPOD-POD,9,22,8,200,7,31,6,416,5,495,48,522,78,43,79,1,89,1,93,200,28.5
2026-04-18 12:20:08 PM,KXWTAMATCH-26APR19KOSPOD-POD,9,22,8,200,7,31,6,416,5,495,48,500,78,43,79,1,89,1,93,200,28.5
2026-04-18 12:20:08 PM,KXWTAMATCH-26APR19KOSPOD-POD,9,22,8,200,7,31,6,416,5,495,48,507,78,43,79,1,89,1,93,200,28.5
2026-04-18 12:20:08 PM,KXWTAMATCH-26APR19KOSPOD-POD,10,20,9,22,8,200,7,31,6,416,48,507,78,43,79,1,89,1,93,200,29.0
2026-04-18 12:20:08 PM,KXWTAMATCH-26APR19KOSPOD-POD,10,20,9,22,8,200,7,31,6,416,47,20,48,507,78,43,79,1,89,1,28.5
2026-04-18 12:20:08 PM,KXWTAMATCH-26APR19KOSPOD-POD,10,20,9,22,8,216,7,31,6,416,47,20,48,507,78,43,79,1,89,1,28.5
2026-04-18 12:20:08 PM,KXWTAMATCH-26APR19KOSPOD-POD,10,20,9,22,8,216,7,31,6,416,47,20,48,522,78,43,79,1,89,1,28.5
2026-04-18 12:20:08 PM,KXWTAMATCH-26APR19KOSPOD-POD,10,20,9,22,8,216,6,416,5,495,47,20,48,522,78,43,79,1,89,1,28.5
2026-04-18 12:20:19 PM,KXWTAMATCH-26APR19KOSPOD-POD,9,22,8,216,6,416,5,495,4,323,47,20,48,522,78,43,79,1,89,1,28.0
2026-04-18 12:20:19 PM,KXWTAMATCH-26APR19KOSPOD-POD,9,22,8,216,6,416,5,495,4,323,48,522,78,43,79,1,89,1,93,200,28.5
2026-04-18 12:20:19 PM,KXWTAMATCH-26APR19KOSPOD-POD,9,22,8,200,6,416,5,495,4,323,48,522,78,43,79,1,89,1,93,200,28.5
2026-04-18 12:20:19 PM,KXWTAMATCH-26APR19KOSPOD-POD,9,22,8,200,7,31,6,416,5,495,48,522,78,43,79,1,89,1,93,200,28.5
2026-04-18 12:20:20 PM,KXWTAMATCH-26APR19KOSPOD-POD,9,22,8,200,7,31,6,416,5,495,48,515,78,43,79,1,89,1,93,200,28.5
2026-04-18 12:20:20 PM,KXWTAMATCH-26APR19KOSPOD-POD,9,22,8,200,7,31,6,416,5,495,48,500,78,43,79,1,89,1,93,200,28.5
2026-04-18 12:20:20 PM,KXWTAMATCH-26APR19KOSPOD-POD,9,22,8,200,7,31,6,416,5,495,48,507,78,43,79,1,89,1,93,200,28.5
2026-04-18 12:20:21 PM,KXWTAMATCH-26APR19KOSPOD-POD,9,22,8,200,7,31,6,416,5,495,47,20,48,507,78,43,79,1,89,1,28.0
2026-04-18 12:20:21 PM,KXWTAMATCH-26APR19KOSPOD-POD,10,20,9,22,8,200,7,31,6,416,47,20,48,507,78,43,79,1,89,1,28.5
2026-04-18 12:20:21 PM,KXWTAMATCH-26APR19KOSPOD-POD,10,20,9,22,8,200,7,31,6,416,47,20,48,500,78,43,79,1,89,1,28.5
2026-04-18 12:20:21 PM,KXWTAMATCH-26APR19KOSPOD-POD,10,20,9,22,8,200,7,31,6,416,47,20,48,500,49,22,78,43,79,1,28.5
2026-04-18 12:20:21 PM,KXWTAMATCH-26APR19KOSPOD-POD,10,20,9,22,8,216,7,31,6,416,47,20,48,500,49,22,78,43,79,1,28.5
2026-04-18 12:20:21 PM,KXWTAMATCH-26APR19KOSPOD-POD,10,20,9,22,8,216,7,31,6,416,47,20,48,522,49,22,78,43,79,1,28.5
2026-04-18 12:20:21 PM,KXWTAMATCH-26APR19KOSPOD-POD,10,20,9,22,8,216,6,416,5,495,47,20,48,522,49,22,78,43,79,1,28.5
2026-04-18 12:20:21 PM,KXWTAMATCH-26APR19KOSPOD-POD,10,20,9,22,8,216,6,416,5,495,47,20,48,522,78,43,79,1,89,1,28.5
2026-04-18 12:20:32 PM,KXWTAMATCH-26APR19KOSPOD-POD,9,22,8,216,6,416,5,495,4,323,47,20,48,522,78,43,79,1,89,1,28.0
2026-04-18 12:20:32 PM,KXWTAMATCH-26APR19KOSPOD-POD,9,22,8,200,6,416,5,495,4,323,47,20,48,522,78,43,79,1,89,1,28.0
2026-04-18 12:20:32 PM,KXWTAMATCH-26APR19KOSPOD-POD,9,22,8,200,7,31,6,416,5,495,47,20,48,522,78,43,79,1,89,1,28.0
2026-04-18 12:20:32 PM,KXWTAMATCH-26APR19KOSPOD-POD,9,22,8,200,7,31,6,416,5,495,48,522,78,43,79,1,89,1,93,200,28.5
2026-04-18 12:20:33 PM,KXWTAMATCH-26APR19KOSPOD-POD,9,15,8,200,7,31,6,416,5,495,48,522,78,43,79,1,89,1,93,200,28.5
2026-04-18 12:20:33 PM,KXWTAMATCH-26APR19KOSPOD-POD,8,200,7,31,6,416,5,495,4,323,48,522,78,43,79,1,89,1,93,200,28.0
2026-04-18 12:20:33 PM,KXWTAMATCH-26APR19KOSPOD-POD,8,200,7,31,6,416,5,495,4,323,48,500,78,43,79,1,89,1,93,200,28.0
2026-04-18 12:20:33 PM,KXWTAMATCH-26APR19KOSPOD-POD,9,7,8,200,7,31,6,416,5,495,48,500,78,43,79,1,89,1,93,200,28.5
2026-04-18 12:20:33 PM,KXWTAMATCH-26APR19KOSPOD-POD,9,7,8,200,6,416,5,495,4,323,48,500,78,43,79,1,89,1,93,200,28.5
2026-04-18 12:20:33 PM,KXWTAMATCH-26APR19KOSPOD-POD,9,7,8,215,6,416,5,495,4,323,48,500,78,43,79,1,89,1,93,200,28.5
2026-04-18 12:20:33 PM,KXWTAMATCH-26APR19KOSPOD-POD,9,22,8,215,6,416,5,495,4,323,48,500,78,43,79,1,89,1,93,200,28.5
2026-04-18 12:20:33 PM,KXWTAMATCH-26APR19KOSPOD-POD,9,22,8,200,6,416,5,495,4,323,48,500,78,43,79,1,89,1,93,200,28.5
2026-04-18 12:20:34 PM,KXWTAMATCH-26APR19KOSPOD-POD,9,22,8,200,7,31,6,416,5,495,48,500,78,43,79,1,89,1,93,200,28.5
2026-04-18 12:20:34 PM,KXWTAMATCH-26APR19KOSPOD-POD,10,20,9,22,8,200,7,31,6,416,48,500,78,43,79,1,89,1,93,200,29.0
2026-04-18 12:20:34 PM,KXWTAMATCH-26APR19KOSPOD-POD,10,20,9,22,8,200,7,31,6,416,47,20,48,500,78,43,79,1,89,1,28.5
2026-04-18 12:20:34 PM,KXWTAMATCH-26APR19KOSPOD-POD,10,20,9,22,8,216,7,31,6,416,47,20,48,500,78,43,79,1,89,1,28.5
2026-04-18 12:20:34 PM,KXWTAMATCH-26APR19KOSPOD-POD,10,20,9,22,8,216,6,416,5,495,47,20,48,500,78,43,79,1,89,1,28.5
2026-04-18 12:20:45 PM,KXWTAMATCH-26APR19KOSPOD-POD,9,22,8,216,6,416,5,495,4,323,47,20,48,500,78,43,79,1,89,1,28.0
2026-04-18 12:20:45 PM,KXWTAMATCH-26APR19KOSPOD-POD,9,22,8,216,6,416,5,495,4,323,48,500,78,43,79,1,89,1,93,200,28.5
2026-04-18 12:20:45 PM,KXWTAMATCH-26APR19KOSPOD-POD,9,22,8,200,6,416,5,495,4,323,48,500,78,43,79,1,89,1,93,200,28.5
2026-04-18 12:20:45 PM,KXWTAMATCH-26APR19KOSPOD-POD,9,22,8,200,7,31,6,416,5,495,48,500,78,43,79,1,89,1,93,200,28.5
2026-04-18 12:20:45 PM,KXWTAMATCH-26APR19KOSPOD-POD,9,22,8,200,7,31,6,416,5,495,48,522,78,43,79,1,89,1,93,200,28.5
2026-04-18 12:20:46 PM,KXWTAMATCH-26APR19KOSPOD-POD,9,15,8,200,7,31,6,416,5,495,48,522,78,43,79,1,89,1,93,200,28.5
2026-04-18 12:20:46 PM,KXWTAMATCH-26APR19KOSPOD-POD,8,200,7,31,6,416,5,495,4,323,48,522,78,43,79,1,89,1,93,200,28.0
2026-04-18 12:20:46 PM,KXWTAMATCH-26APR19KOSPOD-POD,8,200,7,31,6,416,5,495,4,323,48,500,78,43,79,1,89,1,93,200,28.0
2026-04-18 12:20:46 PM,KXWTAMATCH-26APR19KOSPOD-POD,8,200,6,416,5,495,4,323,3,540,48,500,78,43,79,1,89,1,93,200,28.0
2026-04-18 12:20:46 PM,KXWTAMATCH-26APR19KOSPOD-POD,9,7,8,200,6,416,5,495,4,323,48,500,78,43,79,1,89,1,93,200,28.5
2026-04-18 12:20:46 PM,KXWTAMATCH-26APR19KOSPOD-POD,9,7,8,216,6,416,5,495,4,323,48,500,78,43,79,1,89,1,93,200,28.5
2026-04-18 12:20:46 PM,KXWTAMATCH-26APR19KOSPOD-POD,9,7,8,216,6,416,5,495,4,323,48,507,78,43,79,1,89,1,93,200,28.5
2026-04-18 12:20:46 PM,KXWTAMATCH-26APR19KOSPOD-POD,9,7,8,216,6,416,5,495,4,323,47,20,48,507,78,43,79,1,89,1,28.0
2026-04-18 12:20:46 PM,KXWTAMATCH-26APR19KOSPOD-POD,10,20,9,7,8,216,6,416,5,495,47,20,48,507,78,43,79,1,89,1,28.5
2026-04-18 12:20:46 PM,KXWTAMATCH-26APR19KOSPOD-POD,10,20,9,23,8,216,6,416,5,495,47,20,48,507,78,43,79,1,89,1,28.5
2026-04-18 12:20:57 PM,KXWTAMATCH-26APR19KOSPOD-POD,9,23,8,216,6,416,5,495,4,323,47,20,48,507,78,43,79,1,89,1,28.0
2026-04-18 12:20:57 PM,KXWTAMATCH-26APR19KOSPOD-POD,9,23,8,200,6,416,5,495,4,323,47,20,48,507,78,43,79,1,89,1,28.0
2026-04-18 12:20:57 PM,KXWTAMATCH-26APR19KOSPOD-POD,9,23,8,200,6,416,5,495,4,323,48,507,78,43,79,1,89,1,93,200,28.5
2026-04-18 12:20:57 PM,KXWTAMATCH-26APR19KOSPOD-POD,9,23,8,200,7,30,6,416,5,495,48,507,78,43,79,1,89,1,93,200,28.5
2026-04-18 12:20:57 PM,KXWTAMATCH-26APR19KOSPOD-POD,9,23,8,200,7,30,6,416,5,495,48,523,78,43,79,1,89,1,93,200,28.5
2026-04-18 12:20:57 PM,KXWTAMATCH-26APR19KOSPOD-POD,9,16,8,200,7,30,6,416,5,495,48,523,78,43,79,1,89,1,93,200,28.5
2026-04-18 12:20:57 PM,KXWTAMATCH-26APR19KOSPOD-POD,8,200,7,30,6,416,5,495,4,323,48,523,78,43,79,1,89,1,93,200,28.0
2026-04-18 12:20:57 PM,KXWTAMATCH-26APR19KOSPOD-POD,8,200,7,30,6,416,5,495,4,323,48,516,78,43,79,1,89,1,93,200,28.0
2026-04-18 12:20:57 PM,KXWTAMATCH-26APR19KOSPOD-POD,8,200,7,30,6,416,5,495,4,323,48,500,78,43,79,1,89,1,93,200,28.0
2026-04-18 12:20:58 PM,KXWTAMATCH-26APR19KOSPOD-POD,8,200,6,416,5,495,4,323,3,540,48,500,78,43,79,1,89,1,93,200,28.0
2026-04-18 12:20:58 PM,KXWTAMATCH-26APR19KOSPOD-POD,9,7,8,200,6,416,5,495,4,323,48,500,78,43,79,1,89,1,93,200,28.5
2026-04-18 12:20:58 PM,KXWTAMATCH-26APR19KOSPOD-POD,9,7,8,216,6,416,5,495,4,323,48,500,78,43,79,1,89,1,93,200,28.5
2026-04-18 12:20:58 PM,KXWTAMATCH-26APR19KOSPOD-POD,9,7,8,216,6,416,5,495,4,323,48,507,78,43,79,1,89,1,93,200,28.5
2026-04-18 12:20:58 PM,KXWTAMATCH-26APR19KOSPOD-POD,9,7,8,200,6,416,5,495,4,323,48,507,78,43,79,1,89,1,93,200,28.5
2026-04-18 12:20:58 PM,KXWTAMATCH-26APR19KOSPOD-POD,9,7,8,200,7,31,6,416,5,495,48,507,78,43,79,1,89,1,93,200,28.5
2026-04-18 12:20:58 PM,KXWTAMATCH-26APR19KOSPOD-POD,10,20,9,7,8,200,7,31,6,416,48,507,78,43,79,1,89,1,93,200,29.0
2026-04-18 12:20:58 PM,KXWTAMATCH-26APR19KOSPOD-POD,10,20,9,7,8,200,7,31,6,416,47,20,48,507,78,43,79,1,89,1,28.5
2026-04-18 12:20:59 PM,KXWTAMATCH-26APR19KOSPOD-POD,10,20,9,7,8,200,6,416,5,495,47,20,48,507,78,43,79,1,89,1,28.5
2026-04-18 12:20:59 PM,KXWTAMATCH-26APR19KOSPOD-POD,10,20,9,23,8,200,6,416,5,495,47,20,48,507,78,43,79,1,89,1,28.5
2026-04-18 12:20:59 PM,KXWTAMATCH-26APR19KOSPOD-POD,10,20,9,23,8,215,6,416,5,495,47,20,48,507,78,43,79,1,89,1,28.5
2026-04-18 12:20:59 PM,KXWTAMATCH-26APR19KOSPOD-POD,10,20,9,23,8,215,6,416,5,495,47,20,48,523,78,43,79,1,89,1,28.5
2026-04-18 12:21:09 PM,KXWTAMATCH-26APR19KOSPOD-POD,9,23,8,215,6,416,5,495,4,323,47,20,48,523,78,43,79,1,89,1,28.0
2026-04-18 12:21:10 PM,KXWTAMATCH-26APR19KOSPOD-POD,9,23,8,215,6,416,5,495,4,323,48,523,78,43,79,1,89,1,93,200,28.5
2026-04-18 12:21:10 PM,KXWTAMATCH-26APR19KOSPOD-POD,9,23,8,215,7,30,6,416,5,495,48,523,78,43,79,1,89,1,93,200,28.5
2026-04-18 12:21:10 PM,KXWTAMATCH-26APR19KOSPOD-POD,9,23,8,200,7,30,6,416,5,495,48,523,78,43,79,1,89,1,93,200,28.5
2026-04-18 12:21:10 PM,KXWTAMATCH-26APR19KOSPOD-POD,9,23,8,200,7,30,6,416,5,495,48,523,77,1435,78,43,79,1,89,1,28.5
2026-04-18 12:21:10 PM,KXWTAMATCH-26APR19KOSPOD-POD,9,23,8,200,7,30,6,416,5,495,48,523,76,43,77,1435,78,43,79,1,28.5
2026-04-18 12:21:10 PM,KXWTAMATCH-26APR19KOSPOD-POD,9,16,8,200,7,30,6,416,5,495,48,523,76,43,77,1435,78,43,79,1,28.5
2026-04-18 12:21:10 PM,KXWTAMATCH-26APR19KOSPOD-POD,8,200,7,30,6,416,5,495,4,323,48,523,76,43,77,1435,78,43,79,1,28.0
2026-04-18 12:21:10 PM,KXWTAMATCH-26APR19KOSPOD-POD,8,200,7,30,6,416,5,495,4,323,48,523,76,43,77,1435,79,1,89,1,28.0
2026-04-18 12:21:10 PM,KXWTAMATCH-26APR19KOSPOD-POD,8,200,7,30,6,416,5,495,4,323,48,516,76,43,77,1435,79,1,89,1,28.0
2026-04-18 12:21:10 PM,KXWTAMATCH-26APR19KOSPOD-POD,8,200,7,30,6,416,5,495,4,323,48,500,76,43,77,1435,79,1,89,1,28.0
2026-04-18 12:21:11 PM,KXWTAMATCH-26APR19KOSPOD-POD,9,7,8,200,7,30,6,416,5,495,48,500,76,43,77,1435,79,1,89,1,28.5
2026-04-18 12:21:12 PM,KXWTAMATCH-26APR19KOSPOD-POD,9,22,8,200,7,30,6,416,5,495,48,500,76,43,77,1435,79,1,89,1,28.5
2026-04-18 12:21:12 PM,KXWTAMATCH-26APR19KOSPOD-POD,9,22,8,200,7,30,6,416,5,495,48,507,76,43,77,1435,79,1,89,1,28.5
2026-04-18 12:21:13 PM,KXWTAMATCH-26APR19KOSPOD-POD,9,22,8,200,7,30,6,416,5,495,47,20,48,507,76,43,77,1435,79,1,28.0
2026-04-18 12:21:13 PM,KXWTAMATCH-26APR19KOSPOD-POD,10,20,9,22,8,200,7,30,6,416,47,20,48,507,76,43,77,1435,79,1,28.5
2026-04-18 12:21:13 PM,KXWTAMATCH-26APR19KOSPOD-POD,10,20,9,22,8,200,7,30,6,416,47,20,48,500,76,43,77,1435,79,1,28.5
2026-04-18 12:21:13 PM,KXWTAMATCH-26APR19KOSPOD-POD,10,20,9,22,8,200,7,30,6,416,47,20,48,500,49,22,76,43,77,1435,28.5
2026-04-18 12:21:13 PM,KXWTAMATCH-26APR19KOSPOD-POD,10,20,9,22,8,215,7,30,6,416,47,20,48,500,49,22,76,43,77,1435,28.5
2026-04-18 12:21:13 PM,KXWTAMATCH-26APR19KOSPOD-POD,10,20,9,22,8,215,7,30,6,416,47,20,48,523,49,22,76,43,77,1435,28.5
2026-04-18 12:21:13 PM,KXWTAMATCH-26APR19KOSPOD-POD,10,20,9,22,8,215,6,416,5,495,47,20,48,523,49,22,76,43,77,1435,28.5
2026-04-18 12:21:13 PM,KXWTAMATCH-26APR19KOSPOD-POD,10,20,9,22,8,215,6,416,5,495,47,20,48,523,76,43,77,1435,79,1,28.5
2026-04-18 12:21:16 PM,KXWTAMATCH-26APR19KOSPOD-POD,10,20,9,22,8,215,6,416,5,495,47,20,48,23,76,43,77,1435,79,1,28.5
2026-04-18 12:21:16 PM,KXWTAMATCH-26APR19KOSPOD-POD,10,20,9,22,8,215,6,416,5,495,46,500,47,20,48,23,76,43,77,1435,28.0
2026-04-18 12:21:16 PM,KXWTAMATCH-26APR19KOSPOD-POD,10,27,9,22,8,215,6,416,5,495,46,500,47,20,48,23,76,43,77,1435,28.0
2026-04-18 12:21:16 PM,KXWTAMATCH-26APR19KOSPOD-POD,10,27,9,22,8,200,6,416,5,495,46,500,47,20,48,23,76,43,77,1435,28.0
2026-04-18 12:21:16 PM,KXWTAMATCH-26APR19KOSPOD-POD,10,27,9,22,8,200,6,416,5,495,46,500,47,27,48,23,76,43,77,1435,28.0
2026-04-18 12:21:16 PM,KXWTAMATCH-26APR19KOSPOD-POD,10,27,9,22,8,200,6,416,5,495,46,500,47,27,76,43,77,1435,79,1,28.0
2026-04-18 12:21:17 PM,KXWTAMATCH-26APR19KOSPOD-POD,10,27,9,22,8,200,6,416,5,495,46,500,47,20,76,43,77,1435,79,1,28.0
2026-04-18 12:21:17 PM,KXWTAMATCH-26APR19KOSPOD-POD,10,27,9,22,8,200,6,416,5,495,46,507,47,20,76,43,77,1435,79,1,28.0
2026-04-18 12:21:24 PM,KXWTAMATCH-26APR19KOSPOD-POD,10,7,9,22,8,200,6,416,5,495,46,507,47,20,76,43,77,1435,79,1,28.0
2026-04-18 12:21:24 PM,KXWTAMATCH-26APR19KOSPOD-POD,10,7,9,22,8,200,6,416,5,495,46,507,76,43,77,1435,79,1,89,1,28.0
2026-04-18 12:21:24 PM,KXWTAMATCH-26APR19KOSPOD-POD,9,22,8,200,6,416,5,495,4,323,46,507,76,43,77,1435,79,1,89,1,27.5
2026-04-18 12:21:24 PM,KXWTAMATCH-26APR19KOSPOD-POD,9,22,8,200,7,31,6,416,5,495,46,507,76,43,77,1435,79,1,89,1,27.5
2026-04-18 12:21:25 PM,KXWTAMATCH-26APR19KOSPOD-POD,9,15,8,200,7,31,6,416,5,495,46,507,76,43,77,1435,79,1,89,1,27.5
2026-04-18 12:21:25 PM,KXWTAMATCH-26APR19KOSPOD-POD,8,200,7,31,6,416,5,495,4,323,46,507,76,43,77,1435,79,1,89,1,27.0
2026-04-18 12:21:25 PM,KXWTAMATCH-26APR19KOSPOD-POD,8,200,6,416,5,495,4,323,3,540,46,507,76,43,77,1435,79,1,89,1,27.0
2026-04-18 12:21:25 PM,KXWTAMATCH-26APR19KOSPOD-POD,9,7,8,200,6,416,5,495,4,323,46,507,76,43,77,1435,79,1,89,1,27.5
2026-04-18 12:21:25 PM,KXWTAMATCH-26APR19KOSPOD-POD,9,7,8,216,6,416,5,495,4,323,46,507,76,43,77,1435,79,1,89,1,27.5
2026-04-18 12:21:25 PM,KXWTAMATCH-26APR19KOSPOD-POD,9,7,8,200,6,416,5,495,4,323,46,507,76,43,77,1435,79,1,89,1,27.5
2026-04-18 12:21:25 PM,KXWTAMATCH-26APR19KOSPOD-POD,9,23,8,200,6,416,5,495,4,323,46,507,76,43,77,1435,79,1,89,1,27.5
2026-04-18 12:21:26 PM,KXWTAMATCH-26APR19KOSPOD-POD,9,23,8,200,7,31,6,416,5,495,46,507,76,43,77,1435,79,1,89,1,27.5
2026-04-18 12:21:26 PM,KXWTAMATCH-26APR19KOSPOD-POD,10,20,9,23,8,200,7,31,6,416,46,507,76,43,77,1435,79,1,89,1,28.0
2026-04-18 12:21:26 PM,KXWTAMATCH-26APR19KOSPOD-POD,10,20,9,23,8,200,7,31,6,416,45,20,46,507,76,43,77,1435,79,1,27.5
2026-04-18 12:21:26 PM,KXWTAMATCH-26APR19KOSPOD-POD,10,20,9,23,8,215,7,31,6,416,45,20,46,507,76,43,77,1435,79,1,27.5
2026-04-18 12:21:26 PM,KXWTAMATCH-26APR19KOSPOD-POD,10,20,9,23,8,215,6,416,5,495,45,20,46,507,76,43,77,1435,79,1,27.5
2026-04-18 12:21:27 PM,KXWTAMATCH-26APR19KOSPOD-POD,10,20,9,23,8,215,6,416,5,495,45,20,46,523,76,43,77,1435,79,1,27.5
2026-04-18 12:21:30 PM,KXWTAMATCH-26APR19KOSPOD-POD,11,500,10,20,9,23,8,215,6,416,45,20,46,523,76,43,77,1435,79,1,28.0
2026-04-18 12:21:30 PM,KXWTAMATCH-26APR19KOSPOD-POD,11,500,10,20,9,23,8,225,6,416,45,20,46,523,76,43,77,1435,79,1,28.0
2026-04-18 12:21:30 PM,KXWTAMATCH-26APR19KOSPOD-POD,11,500,10,20,9,23,8,225,6,416,44,25,45,20,46,523,76,43,77,1435,27.5
2026-04-18 12:21:30 PM,KXWTAMATCH-26APR19KOSPOD-POD,11,500,10,20,9,23,8,225,6,416,44,25,45,63,46,523,76,43,77,1435,27.5
2026-04-18 12:21:30 PM,KXWTAMATCH-26APR19KOSPOD-POD,11,500,10,20,9,23,8,225,6,416,44,25,45,63,46,523,77,1435,79,1,27.5
2026-04-18 12:21:30 PM,KXWTAMATCH-26APR19KOSPOD-POD,11,500,10,20,9,23,8,225,6,416,44,25,45,63,46,516,77,1435,79,1,27.5
2026-04-18 12:21:30 PM,KXWTAMATCH-26APR19KOSPOD-POD,11,500,10,20,9,23,8,225,6,416,44,25,45,63,46,500,77,1435,79,1,27.5
2026-04-18 12:21:30 PM,KXWTAMATCH-26APR19KOSPOD-POD,11,500,10,45,9,23,8,225,6,416,44,25,45,63,46,500,77,1435,79,1,27.5
2026-04-18 12:21:30 PM,KXWTAMATCH-26APR19KOSPOD-POD,11,500,10,45,9,23,8,210,6,416,44,25,45,63,46,500,77,1435,79,1,27.5
2026-04-18 12:21:30 PM,KXWTAMATCH-26APR19KOSPOD-POD,11,500,10,45,9,23,8,200,6,416,44,25,45,63,46,500,77,1435,79,1,27.5
2026-04-18 12:21:37 PM,KXWTAMATCH-26APR19KOSPOD-POD,11,500,10,25,9,23,8,200,6,416,44,25,45,63,46,500,77,1435,79,1,27.5
2026-04-18 12:21:37 PM,KXWTAMATCH-26APR19KOSPOD-POD,11,500,10,25,9,23,8,200,6,416,44,25,45,43,46,500,77,1435,79,1,27.5
2026-04-18 12:21:37 PM,KXWTAMATCH-26APR19KOSPOD-POD,11,500,10,25,9,23,8,200,6,416,45,43,46,500,77,1435,79,1,89,1,28.0
2026-04-18 12:21:37 PM,KXWTAMATCH-26APR19KOSPOD-POD,11,500,10,25,9,23,8,200,6,416,46,500,77,1435,79,1,89,1,93,200,28.5
2026-04-18 12:21:37 PM,KXWTAMATCH-26APR19KOSPOD-POD,11,500,10,25,9,23,8,200,6,416,46,500,76,43,77,1435,79,1,89,1,28.5
2026-04-18 12:21:38 PM,KXWTAMATCH-26APR19KOSPOD-POD,11,500,10,25,9,23,8,200,6,416,45,25,46,500,76,43,77,1435,79,1,28.0
2026-04-18 12:22:23 PM,KXWTAMATCH-26APR19KOSPOD-POD,11,500,10,25,9,23,8,200,6,416,45,25,76,43,77,1435,79,1,89,1,28.0
2026-04-18 12:22:23 PM,KXWTAMATCH-26APR19KOSPOD-POD,11,500,10,25,9,23,8,200,6,416,44,500,45,25,76,43,77,1435,79,1,27.5
2026-04-18 12:22:23 PM,KXWTAMATCH-26APR19KOSPOD-POD,11,500,10,25,9,23,8,200,6,416,44,500,76,43,77,1435,79,1,89,1,27.5
2026-04-18 12:22:23 PM,KXWTAMATCH-26APR19KOSPOD-POD,11,500,10,25,9,23,8,200,6,416,44,500,77,1435,79,1,89,1,93,200,27.5
2026-04-18 12:22:23 PM,KXWTAMATCH-26APR19KOSPOD-POD,11,500,10,25,9,23,8,200,6,416,44,500,77,1435,78,43,79,1,89,1,27.5
2026-04-18 12:22:24 PM,KXWTAMATCH-26APR19KOSPOD-POD,11,500,10,25,9,23,8,200,6,416,43,25,44,500,77,1435,78,43,79,1,27.0
2026-04-18 12:22:24 PM,KXWTAMATCH-26APR19KOSPOD-POD,11,500,10,25,9,23,8,200,6,416,43,25,44,500,77,1435,79,1,89,1,27.0
2026-04-18 12:22:24 PM,KXWTAMATCH-26APR19KOSPOD-POD,12,20,11,500,10,25,9,23,8,200,43,25,44,500,77,1435,79,1,89,1,27.5
2026-04-18 12:22:24 PM,KXWTAMATCH-26APR19KOSPOD-POD,12,20,11,500,10,25,9,23,8,200,42,20,43,25,44,500,77,1435,79,1,27.0
2026-04-18 12:22:24 PM,KXWTAMATCH-26APR19KOSPOD-POD,12,20,11,500,9,23,8,200,6,416,42,20,43,25,44,500,77,1435,79,1,27.0
2026-04-18 12:22:24 PM,KXWTAMATCH-26APR19KOSPOD-POD,12,20,11,500,9,16,8,200,6,416,42,20,43,25,44,500,77,1435,79,1,27.0
2026-04-18 12:22:24 PM,KXWTAMATCH-26APR19KOSPOD-POD,12,20,11,500,8,200,6,416,5,495,42,20,43,25,44,500,77,1435,79,1,27.0
2026-04-18 12:22:27 PM,KXWTAMATCH-26APR19KOSPOD-POD,12,20,11,500,8,200,6,416,5,495,42,20,43,25,77,1435,79,1,89,1,27.0
2026-04-18 12:22:27 PM,KXWTAMATCH-26APR19KOSPOD-POD,12,20,11,500,8,200,6,416,5,495,40,500,42,20,43,25,77,1435,79,1,26.0
2026-04-18 12:22:27 PM,KXWTAMATCH-26APR19KOSPOD-POD,12,20,11,500,8,200,6,416,5,495,40,500,42,20,77,1435,79,1,89,1,26.0
2026-04-18 12:22:36 PM,KXWTAMATCH-26APR19KOSPOD-POD,11,500,8,200,6,416,5,495,4,323,40,500,42,20,77,1435,79,1,89,1,25.5
2026-04-18 12:22:36 PM,KXWTAMATCH-26APR19KOSPOD-POD,11,525,8,200,6,416,5,495,4,323,40,500,42,20,77,1435,79,1,89,1,25.5
2026-04-18 12:22:36 PM,KXWTAMATCH-26APR19KOSPOD-POD,11,525,9,43,8,200,6,416,5,495,40,500,42,20,77,1435,79,1,89,1,25.5
2026-04-18 12:22:36 PM,KXWTAMATCH-26APR19KOSPOD-POD,11,525,9,43,8,200,6,416,5,495,39,25,40,500,42,20,77,1435,79,1,25.0
2026-04-18 12:22:36 PM,KXWTAMATCH-26APR19KOSPOD-POD,11,525,9,43,8,200,6,416,5,495,39,25,40,500,41,43,42,20,77,1435,25.0
2026-04-18 12:22:36 PM,KXWTAMATCH-26APR19KOSPOD-POD,11,525,9,43,8,200,6,416,5,495,39,25,40,500,41,43,77,1435,79,1,25.0
2026-04-18 12:22:37 PM,KXWTAMATCH-26APR19KOSPOD-POD,11,525,10,25,9,43,8,200,6,416,39,25,40,500,41,43,77,1435,79,1,25.0
2026-04-18 12:22:37 PM,KXWTAMATCH-26APR19KOSPOD-POD,11,500,10,25,9,43,8,200,6,416,39,25,40,500,41,43,77,1435,79,1,25.0
2026-04-18 12:22:37 PM,KXWTAMATCH-26APR19KOSPOD-POD,11,500,10,25,8,200,6,416,5,495,39,25,40,500,41,43,77,1435,79,1,25.0
2026-04-18 12:22:37 PM,KXWTAMATCH-26APR19KOSPOD-POD,11,500,10,25,8,200,6,416,5,495,39,25,40,500,41,43,76,43,77,1435,25.0
2026-04-18 12:22:37 PM,KXWTAMATCH-26APR19KOSPOD-POD,11,500,10,25,8,200,6,416,5,495,39,25,40,500,76,43,77,1435,79,1,25.0
2026-04-18 12:22:37 PM,KXWTAMATCH-26APR19KOSPOD-POD,11,500,10,25,9,24,8,200,6,416,39,25,40,500,76,43,77,1435,79,1,25.0
2026-04-18 12:22:37 PM,KXWTAMATCH-26APR19KOSPOD-POD,11,500,10,25,9,24,8,200,6,416,38,20,39,25,40,500,76,43,77,1435,24.5
2026-04-18 12:22:37 PM,KXWTAMATCH-26APR19KOSPOD-POD,12,20,11,500,10,25,9,24,8,200,38,20,39,25,40,500,76,43,77,1435,25.0
2026-04-18 12:22:38 PM,KXWTAMATCH-26APR19KOSPOD-POD,12,20,11,525,10,25,9,24,8,200,38,20,39,25,40,500,76,43,77,1435,25.0
2026-04-18 12:22:38 PM,KXWTAMATCH-26APR19KOSPOD-POD,12,20,11,525,10,25,9,43,8,200,38,20,39,25,40,500,76,43,77,1435,25.0
2026-04-18 12:22:38 PM,KXWTAMATCH-26APR19KOSPOD-POD,12,20,11,525,10,25,9,43,8,200,37,25,38,20,39,25,40,500,76,43,24.5
2026-04-18 12:22:38 PM,KXWTAMATCH-26APR19KOSPOD-POD,12,20,11,525,10,25,9,43,8,200,37,25,38,20,39,43,40,500,76,43,24.5
2026-04-18 12:22:38 PM,KXWTAMATCH-26APR19KOSPOD-POD,12,20,11,525,9,43,8,200,6,416,37,25,38,20,39,43,40,500,76,43,24.5
2026-04-18 12:22:38 PM,KXWTAMATCH-26APR19KOSPOD-POD,12,20,11,525,9,43,8,200,6,416,37,25,38,20,39,43,40,500,77,1435,24.5
2026-04-18 12:22:49 PM,KXWTAMATCH-26APR19KOSPOD-POD,11,525,9,43,8,200,6,416,5,495,37,25,38,20,39,43,40,500,77,1435,24.0
2026-04-18 12:22:49 PM,KXWTAMATCH-26APR19KOSPOD-POD,11,525,9,43,8,200,6,416,5,495,37,25,39,43,40,500,77,1435,79,1,24.0
2026-04-18 12:22:49 PM,KXWTAMATCH-26APR19KOSPOD-POD,11,525,9,43,8,200,6,416,5,495,37,25,39,43,40,500,76,43,77,1435,24.0
2026-04-18 12:22:49 PM,KXWTAMATCH-26APR19KOSPOD-POD,11,525,9,43,8,200,6,416,5,495,39,43,40,500,76,43,77,1435,79,1,25.0
2026-04-18 12:22:49 PM,KXWTAMATCH-26APR19KOSPOD-POD,11,525,9,43,8,200,6,416,5,495,39,18,40,500,76,43,77,1435,79,1,25.0
2026-04-18 12:22:49 PM,KXWTAMATCH-26APR19KOSPOD-POD,11,525,9,43,8,200,6,416,5,495,39,25,40,500,76,43,77,1435,79,1,25.0
2026-04-18 12:22:50 PM,KXWTAMATCH-26APR19KOSPOD-POD,11,525,9,43,8,200,6,416,5,495,39,25,76,43,77,1435,79,1,89,1,25.0
2026-04-18 12:22:50 PM,KXWTAMATCH-26APR19KOSPOD-POD,11,525,9,43,8,200,6,416,5,495,30,500,39,25,76,43,77,1435,79,1,20.5
2026-04-18 12:22:50 PM,KXWTAMATCH-26APR19KOSPOD-POD,11,525,9,43,8,200,6,416,5,495,30,500,39,25,76,43,77,1435,78,43,20.5
2026-04-18 12:22:50 PM,KXWTAMATCH-26APR19KOSPOD-POD,11,525,9,43,8,200,6,416,5,495,30,500,39,7,76,43,77,1435,78,43,20.5
2026-04-18 12:22:50 PM,KXWTAMATCH-26APR19KOSPOD-POD,11,525,9,43,8,200,6,416,5,495,30,500,76,43,77,1435,78,43,79,1,20.5
2026-04-18 12:22:50 PM,KXWTAMATCH-26APR19KOSPOD-POD,11,525,9,43,8,200,6,416,5,495,30,500,77,1435,78,43,79,1,89,1,20.5
2026-04-18 12:22:50 PM,KXWTAMATCH-26APR19KOSPOD-POD,12,20,11,525,9,43,8,200,6,416,30,500,77,1435,78,43,79,1,89,1,21.0
2026-04-18 12:22:50 PM,KXWTAMATCH-26APR19KOSPOD-POD,12,20,11,525,9,43,8,200,6,416,30,500,38,20,77,1435,78,43,79,1,21.0
2026-04-18 12:22:50 PM,KXWTAMATCH-26APR19KOSPOD-POD,12,20,11,525,9,19,8,200,6,416,30,500,38,20,77,1435,78,43,79,1,21.0
2026-04-18 12:22:50 PM,KXWTAMATCH-26APR19KOSPOD-POD,12,20,11,525,8,200,6,416,5,495,30,500,38,20,77,1435,78,43,79,1,21.0
2026-04-18 12:22:50 PM,KXWTAMATCH-26APR19KOSPOD-POD,12,29,11,525,8,200,6,416,5,495,30,500,38,20,77,1435,78,43,79,1,21.0
2026-04-18 12:22:50 PM,KXWTAMATCH-26APR19KOSPOD-POD,12,29,11,525,8,200,6,416,5,495,29,25,30,500,38,20,77,1435,78,43,20.5
2026-04-18 12:22:50 PM,KXWTAMATCH-26APR19KOSPOD-POD,12,29,11,525,8,200,6,416,5,495,29,25,30,500,38,20,77,1435,79,1,20.5
2026-04-18 12:22:50 PM,KXWTAMATCH-26APR19KOSPOD-POD,12,29,11,525,8,200,6,416,5,495,29,25,30,500,37,43,38,20,77,1435,20.5
2026-04-18 12:22:51 PM,KXWTAMATCH-26APR19KOSPOD-POD,12,20,11,525,8,200,6,416,5,495,29,25,30,500,37,43,38,20,77,1435,20.5
2026-04-18 12:22:51 PM,KXWTAMATCH-26APR19KOSPOD-POD,12,20,11,525,9,43,8,200,6,416,29,25,30,500,37,43,38,20,77,1435,20.5
2026-04-18 12:23:01 PM,KXWTAMATCH-26APR19KOSPOD-POD,11,525,9,43,8,200,6,416,5,495,29,25,30,500,37,43,38,20,77,1435,20.0
2026-04-18 12:23:01 PM,KXWTAMATCH-26APR19KOSPOD-POD,11,525,9,43,8,200,6,416,5,495,29,25,30,500,37,43,77,1435,79,1,20.0
2026-04-18 12:23:01 PM,KXWTAMATCH-26APR19KOSPOD-POD,11,525,9,43,8,200,6,416,5,495,29,25,30,500,37,43,76,43,77,1435,20.0
2026-04-18 12:23:01 PM,KXWTAMATCH-26APR19KOSPOD-POD,11,525,9,43,8,200,6,416,5,495,29,25,30,500,76,43,77,1435,79,1,20.0
2026-04-18 12:24:39 PM,KXWTAMATCH-26APR19KOSPOD-POD,11,525,9,43,8,200,6,416,5,495,30,500,76,43,77,1435,79,1,89,1,20.5
2026-04-18 12:24:39 PM,KXWTAMATCH-26APR19KOSPOD-POD,11,500,9,43,8,200,6,416,5,495,30,500,76,43,77,1435,79,1,89,1,20.5
2026-04-18 12:24:39 PM,KXWTAMATCH-26APR19KOSPOD-POD,12,19,11,500,9,43,8,200,6,416,30,500,76,43,77,1435,79,1,89,1,21.0
2026-04-18 12:24:39 PM,KXWTAMATCH-26APR19KOSPOD-POD,12,19,11,500,9,43,8,200,6,416,29,25,30,500,76,43,77,1435,79,1,20.5
2026-04-18 12:24:51 PM,KXWTAMATCH-26APR19KOSPOD-POD,12,19,11,500,9,43,8,200,6,416,30,500,76,43,77,1435,79,1,89,1,21.0
2026-04-18 12:24:51 PM,KXWTAMATCH-26APR19KOSPOD-POD,12,19,11,500,9,43,8,200,6,416,29,25,30,500,76,43,77,1435,79,1,20.5
2026-04-18 12:25:03 PM,KXWTAMATCH-26APR19KOSPOD-POD,12,19,11,500,9,43,8,200,6,416,30,500,76,43,77,1435,79,1,89,1,21.0
2026-04-18 12:25:03 PM,KXWTAMATCH-26APR19KOSPOD-POD,12,19,11,500,9,43,8,200,6,416,29,25,30,500,76,43,77,1435,79,1,20.5
2026-04-18 12:25:14 PM,KXWTAMATCH-26APR19KOSPOD-POD,12,19,11,500,9,43,8,200,6,416,30,500,76,43,77,1435,79,1,89,1,21.0
2026-04-18 12:25:14 PM,KXWTAMATCH-26APR19KOSPOD-POD,12,19,11,500,9,43,8,200,6,416,29,25,30,500,76,43,77,1435,79,1,20.5
2026-04-18 12:25:21 PM,KXWTAMATCH-26APR19KOSPOD-POD,12,19,11,500,9,43,8,200,6,416,30,500,76,43,77,1435,79,1,89,1,21.0
2026-04-18 12:25:21 PM,KXWTAMATCH-26APR19KOSPOD-POD,12,19,11,500,9,43,8,200,6,416,29,25,30,500,76,43,77,1435,79,1,20.5
2026-04-18 12:25:21 PM,KXWTAMATCH-26APR19KOSPOD-POD,12,19,11,500,9,43,8,200,6,416,29,25,30,500,77,1435,79,1,89,1,20.5
2026-04-18 12:25:22 PM,KXWTAMATCH-26APR19KOSPOD-POD,12,19,11,500,9,43,8,200,6,416,29,25,30,500,76,17,77,1435,79,1,20.5
2026-04-18 12:25:31 PM,KXWTAMATCH-26APR19KOSPOD-POD,12,19,11,500,9,43,8,200,6,416,30,500,76,17,77,1435,79,1,89,1,21.0
2026-04-18 12:25:31 PM,KXWTAMATCH-26APR19KOSPOD-POD,12,19,11,500,9,43,8,200,6,416,30,500,77,1435,79,1,89,1,93,200,21.0
2026-04-18 12:25:31 PM,KXWTAMATCH-26APR19KOSPOD-POD,12,19,11,500,9,43,8,200,6,416,29,17,30,500,77,1435,79,1,89,1,20.5
2026-04-18 12:25:41 PM,KXWTAMATCH-26APR19KOSPOD-POD,12,19,11,500,9,43,8,200,6,416,30,500,77,1435,79,1,89,1,93,200,21.0
2026-04-18 12:25:54 PM,KXWTAMATCH-26APR19KOSPOD-POD,12,19,11,500,9,43,8,200,6,416,30,188,77,1435,79,1,89,1,93,200,21.0
2026-04-18 12:26:16 PM,KXWTAMATCH-26APR19KOSPOD-POD,12,19,11,500,9,43,8,200,6,416,77,1435,79,1,89,1,93,200,94,315,44.5
2026-04-18 12:26:16 PM,KXWTAMATCH-26APR19KOSPOD-POD,12,19,11,500,9,43,8,200,6,416,40,500,77,1435,79,1,89,1,93,200,26.0
2026-04-18 12:26:17 PM,KXWTAMATCH-26APR19KOSPOD-POD,12,19,11,500,9,43,8,200,6,416,39,20,40,500,77,1435,79,1,89,1,25.5
2026-04-18 12:26:17 PM,KXWTAMATCH-26APR19KOSPOD-POD,13,20,12,19,11,500,9,43,8,200,39,20,40,500,77,1435,79,1,89,1,26.0
2026-04-18 12:26:17 PM,KXWTAMATCH-26APR19KOSPOD-POD,13,20,12,19,11,500,8,200,6,416,39,20,40,500,77,1435,79,1,89,1,26.0
2026-04-18 12:26:17 PM,KXWTAMATCH-26APR19KOSPOD-POD,14,25,13,20,12,19,11,500,8,200,39,20,40,500,77,1435,79,1,89,1,26.5
2026-04-18 12:26:17 PM,KXWTAMATCH-26APR19KOSPOD-POD,14,25,13,20,12,43,11,500,8,200,39,20,40,500,77,1435,79,1,89,1,26.5
2026-04-18 12:26:21 PM,KXWTAMATCH-26APR19KOSPOD-POD,14,25,13,20,12,43,11,500,8,200,39,20,77,1435,79,1,89,1,93,200,26.5
2026-04-18 12:26:21 PM,KXWTAMATCH-26APR19KOSPOD-POD,14,25,13,20,12,43,11,500,8,200,35,500,39,20,77,1435,79,1,89,1,24.5
2026-04-18 12:26:29 PM,KXWTAMATCH-26APR19KOSPOD-POD,14,25,12,43,11,500,8,200,6,416,35,500,39,20,77,1435,79,1,89,1,24.5
2026-04-18 12:26:29 PM,KXWTAMATCH-26APR19KOSPOD-POD,12,43,11,500,8,200,6,416,5,495,35,500,39,20,77,1435,79,1,89,1,23.5
2026-04-18 12:26:29 PM,KXWTAMATCH-26APR19KOSPOD-POD,12,24,11,500,8,200,6,416,5,495,35,500,39,20,77,1435,79,1,89,1,23.5
2026-04-18 12:26:29 PM,KXWTAMATCH-26APR19KOSPOD-POD,12,24,11,500,8,200,6,416,5,495,35,500,77,1435,79,1,89,1,93,200,23.5
2026-04-18 12:26:29 PM,KXWTAMATCH-26APR19KOSPOD-POD,12,24,11,500,9,43,8,200,6,416,35,500,77,1435,79,1,89,1,93,200,23.5
2026-04-18 12:26:30 PM,KXWTAMATCH-26APR19KOSPOD-POD,12,24,11,500,9,43,8,200,6,416,34,20,35,500,77,1435,79,1,89,1,23.0
2026-04-18 12:26:30 PM,KXWTAMATCH-26APR19KOSPOD-POD,13,20,12,24,11,500,9,43,8,200,34,20,35,500,77,1435,79,1,89,1,23.5
2026-04-18 12:26:30 PM,KXWTAMATCH-26APR19KOSPOD-POD,13,20,12,24,11,500,8,200,6,416,34,20,35,500,77,1435,79,1,89,1,23.5
2026-04-18 12:26:30 PM,KXWTAMATCH-26APR19KOSPOD-POD,14,25,13,20,12,24,11,500,8,200,34,20,35,500,77,1435,79,1,89,1,24.0
2026-04-18 12:26:30 PM,KXWTAMATCH-26APR19KOSPOD-POD,14,25,13,20,12,43,11,500,8,200,34,20,35,500,77,1435,79,1,89,1,24.0
2026-04-18 12:26:42 PM,KXWTAMATCH-26APR19KOSPOD-POD,14,25,12,43,11,500,8,200,6,416,34,20,35,500,77,1435,79,1,89,1,24.0
2026-04-18 12:26:42 PM,KXWTAMATCH-26APR19KOSPOD-POD,12,43,11,500,8,200,6,416,5,495,34,20,35,500,77,1435,79,1,89,1,23.0
2026-04-18 12:26:42 PM,KXWTAMATCH-26APR19KOSPOD-POD,12,19,11,500,8,200,6,416,5,495,34,20,35,500,77,1435,79,1,89,1,23.0
2026-04-18 12:26:42 PM,KXWTAMATCH-26APR19KOSPOD-POD,12,19,11,500,9,43,8,200,6,416,34,20,35,500,77,1435,79,1,89,1,23.0
2026-04-18 12:26:42 PM,KXWTAMATCH-26APR19KOSPOD-POD,12,19,11,500,9,43,8,200,6,416,35,500,77,1435,79,1,89,1,93,200,23.5
2026-04-18 12:26:47 PM,KXWTAMATCH-26APR19KOSPOD-POD,12,19,11,500,9,43,8,200,6,416,77,1435,79,1,89,1,93,200,94,315,44.5
2026-04-18 12:26:47 PM,KXWTAMATCH-26APR19KOSPOD-POD,12,19,11,500,9,43,8,200,6,416,40,500,77,1435,79,1,89,1,93,200,26.0
2026-04-18 12:27:12 PM,KXWTAMATCH-26APR19KOSPOD-POD,12,19,11,500,9,43,8,200,6,416,77,1435,79,1,89,1,93,200,94,315,44.5
2026-04-18 12:27:12 PM,KXWTAMATCH-26APR19KOSPOD-POD,12,19,11,500,9,43,8,200,6,416,49,500,77,1435,79,1,89,1,93,200,30.5
2026-04-18 12:27:22 PM,KXWTAMATCH-26APR19KOSPOD-POD,13,313,12,19,11,500,9,43,8,200,49,500,77,1435,79,1,89,1,93,200,31.0
2026-04-18 12:27:22 PM,KXWTAMATCH-26APR19KOSPOD-POD,13,313,12,19,11,500,8,200,6,416,49,500,77,1435,79,1,89,1,93,200,31.0
2026-04-18 12:27:22 PM,KXWTAMATCH-26APR19KOSPOD-POD,14,25,13,313,12,19,11,500,8,200,49,500,77,1435,79,1,89,1,93,200,31.5
2026-04-18 12:27:22 PM,KXWTAMATCH-26APR19KOSPOD-POD,14,25,13,313,12,43,11,500,8,200,49,500,77,1435,79,1,89,1,93,200,31.5
2026-04-18 12:27:30 PM,KXWTAMATCH-26APR19KOSPOD-POD,14,25,12,43,11,500,8,200,6,416,49,500,77,1435,79,1,89,1,93,200,31.5
2026-04-18 12:27:30 PM,KXWTAMATCH-26APR19KOSPOD-POD,14,25,12,356,11,500,8,200,6,416,49,500,77,1435,79,1,89,1,93,200,31.5
2026-04-18 12:27:30 PM,KXWTAMATCH-26APR19KOSPOD-POD,14,25,12,356,11,500,9,43,8,200,49,500,77,1435,79,1,89,1,93,200,31.5
2026-04-18 12:27:30 PM,KXWTAMATCH-26APR19KOSPOD-POD,12,356,11,500,9,43,8,200,6,416,49,500,77,1435,79,1,89,1,93,200,30.5
2026-04-18 12:27:30 PM,KXWTAMATCH-26APR19KOSPOD-POD,12,337,11,500,9,43,8,200,6,416,49,500,77,1435,79,1,89,1,93,200,30.5
2026-04-18 12:27:30 PM,KXWTAMATCH-26APR19KOSPOD-POD,12,337,11,500,8,200,6,416,5,495,49,500,77,1435,79,1,89,1,93,200,30.5
2026-04-18 12:27:30 PM,KXWTAMATCH-26APR19KOSPOD-POD,13,25,12,337,11,500,8,200,6,416,49,500,77,1435,79,1,89,1,93,200,31.0
2026-04-18 12:27:30 PM,KXWTAMATCH-26APR19KOSPOD-POD,13,25,12,356,11,500,8,200,6,416,49,500,77,1435,79,1,89,1,93,200,31.0
2026-04-18 12:27:49 PM,KXWTAMATCH-26APR19KOSPOD-POD,13,25,12,356,11,500,8,200,6,416,49,500,76,200,77,1435,79,1,89,1,31.0
2026-04-18 12:27:49 PM,KXWTAMATCH-26APR19KOSPOD-POD,13,25,12,356,11,500,8,200,7,123,49,500,76,200,77,1435,79,1,89,1,31.0
2026-04-18 12:28:53 PM,KXWTAMATCH-26APR19KOSPOD-POD,13,25,12,356,11,500,8,200,7,123,19,100,49,500,76,200,77,1435,79,1,16.0
2026-04-18 12:28:53 PM,KXWTAMATCH-26APR19KOSPOD-POD,13,25,12,356,11,500,8,200,7,123,19,100,49,500,77,1435,79,1,89,1,16.0
2026-04-18 12:28:53 PM,KXWTAMATCH-26APR19KOSPOD-POD,13,25,12,356,11,500,8,200,7,123,19,100,48,200,49,500,77,1435,79,1,16.0
2026-04-18 12:28:54 PM,KXWTAMATCH-26APR19KOSPOD-POD,13,25,12,356,11,500,8,200,6,1768,19,100,48,200,49,500,77,1435,79,1,16.0
2026-04-18 12:29:00 PM,KXWTAMATCH-26APR19KOSPOD-POD,13,25,12,456,11,500,8,200,6,1768,19,100,48,200,49,500,77,1435,79,1,16.0
2026-04-18 12:29:00 PM,KXWTAMATCH-26APR19KOSPOD-POD,14,100,13,25,12,456,11,500,8,200,19,100,48,200,49,500,77,1435,79,1,16.5
2026-04-18 12:29:00 PM,KXWTAMATCH-26APR19KOSPOD-POD,15,25,14,100,13,25,12,456,11,500,19,100,48,200,49,500,77,1435,79,1,17.0
2026-04-18 12:29:00 PM,KXWTAMATCH-26APR19KOSPOD-POD,15,25,14,100,13,25,12,432,11,500,19,100,48,200,49,500,77,1435,79,1,17.0
2026-04-18 12:29:00 PM,KXWTAMATCH-26APR19KOSPOD-POD,15,25,14,100,13,43,12,432,11,500,19,100,48,200,49,500,77,1435,79,1,17.0
2026-04-18 12:29:00 PM,KXWTAMATCH-26APR19KOSPOD-POD,15,25,14,100,13,43,12,413,11,500,19,100,48,200,49,500,77,1435,79,1,17.0
2026-04-18 12:29:14 PM,KXWTAMATCH-26APR19KOSPOD-POD,15,25,14,100,13,43,12,413,11,500,19,100,48,200,77,1435,79,1,83,100,17.0
2026-04-18 12:29:14 PM,KXWTAMATCH-26APR19KOSPOD-POD,15,25,14,100,13,43,12,413,11,500,19,100,47,500,48,200,77,1435,79,1,17.0
2026-04-18 12:29:14 PM,KXWTAMATCH-26APR19KOSPOD-POD,15,25,14,100,13,43,12,413,11,500,19,100,47,500,77,1435,79,1,83,100,17.0
2026-04-18 12:29:14 PM,KXWTAMATCH-26APR19KOSPOD-POD,15,25,14,100,13,43,12,413,11,500,19,100,46,200,47,500,77,1435,79,1,17.0
2026-04-18 12:29:17 PM,KXWTAMATCH-26APR19KOSPOD-POD,15,25,14,100,13,43,12,413,11,500,19,100,46,200,77,1435,79,1,83,100,17.0
2026-04-18 12:29:17 PM,KXWTAMATCH-26APR19KOSPOD-POD,15,25,14,100,13,43,12,413,11,500,19,100,40,500,46,200,77,1435,79,1,17.0
2026-04-18 12:29:17 PM,KXWTAMATCH-26APR19KOSPOD-POD,15,25,14,100,13,43,12,413,11,500,19,100,40,500,77,1435,79,1,83,100,17.0
2026-04-18 12:29:17 PM,KXWTAMATCH-26APR19KOSPOD-POD,15,25,14,100,13,43,12,413,11,500,19,100,39,200,40,500,77,1435,79,1,17.0
2026-04-18 12:29:20 PM,KXWTAMATCH-26APR19KOSPOD-POD,15,25,14,100,13,43,12,413,11,500,19,100,39,200,77,1435,79,1,83,100,17.0
2026-04-18 12:29:20 PM,KXWTAMATCH-26APR19KOSPOD-POD,15,25,14,100,13,43,12,413,11,500,19,100,30,500,39,200,77,1435,79,1,17.0
2026-04-18 12:29:20 PM,KXWTAMATCH-26APR19KOSPOD-POD,15,25,14,100,13,43,12,413,11,500,19,100,30,500,77,1435,79,1,83,100,17.0
2026-04-18 12:29:20 PM,KXWTAMATCH-26APR19KOSPOD-POD,15,25,14,100,13,43,12,413,11,500,19,100,30,500,76,200,77,1435,79,1,17.0
2026-04-18 12:29:26 PM,KXWTAMATCH-26APR19KOSPOD-POD,15,25,14,100,13,43,12,413,11,500,19,100,76,200,77,1435,79,1,83,100,17.0
2026-04-18 12:29:26 PM,KXWTAMATCH-26APR19KOSPOD-POD,15,25,14,100,13,43,12,413,11,500,19,100,35,500,76,200,77,1435,79,1,17.0
2026-04-18 12:29:34 PM,KXWTAMATCH-26APR19KOSPOD-POD,15,25,14,100,13,43,12,413,11,500,19,100,76,200,77,1435,79,1,83,100,17.0
2026-04-18 12:29:34 PM,KXWTAMATCH-26APR19KOSPOD-POD,15,25,14,100,13,43,12,413,11,500,19,100,40,500,76,200,77,1435,79,1,17.0
2026-04-18 12:29:40 PM,KXWTAMATCH-26APR19KOSPOD-POD,15,25,14,100,13,43,12,413,11,500,19,100,76,200,77,1435,79,1,83,100,17.0
2026-04-18 12:29:40 PM,KXWTAMATCH-26APR19KOSPOD-POD,15,25,14,100,13,43,12,413,11,500,19,100,45,500,76,200,77,1435,79,1,17.0
2026-04-18 12:29:43 PM,KXWTAMATCH-26APR19KOSPOD-POD,15,25,14,100,13,43,12,413,11,500,19,100,76,200,77,1435,79,1,83,100,17.0
2026-04-18 12:29:43 PM,KXWTAMATCH-26APR19KOSPOD-POD,15,25,14,100,13,43,12,413,11,500,19,100,49,500,76,200,77,1435,79,1,17.0
2026-04-18 12:29:43 PM,KXWTAMATCH-26APR19KOSPOD-POD,15,25,14,100,13,43,12,413,11,500,19,100,49,500,77,1435,79,1,83,100,17.0
2026-04-18 12:29:43 PM,KXWTAMATCH-26APR19KOSPOD-POD,15,25,14,100,13,43,12,413,11,500,19,100,48,200,49,500,77,1435,79,1,17.0
2026-04-18 12:29:46 PM,KXWTAMATCH-26APR19KOSPOD-POD,15,25,14,100,13,43,12,413,11,500,19,100,48,200,77,1435,79,1,83,100,17.0
2026-04-18 12:29:46 PM,KXWTAMATCH-26APR19KOSPOD-POD,15,25,14,100,13,43,12,413,11,500,19,100,45,500,48,200,77,1435,79,1,17.0
2026-04-18 12:29:46 PM,KXWTAMATCH-26APR19KOSPOD-POD,15,25,14,100,13,43,12,413,11,500,19,100,45,500,77,1435,79,1,83,100,17.0
2026-04-18 12:29:46 PM,KXWTAMATCH-26APR19KOSPOD-POD,15,25,14,100,13,43,12,413,11,500,19,100,44,200,45,500,77,1435,79,1,17.0
2026-04-18 12:29:50 PM,KXWTAMATCH-26APR19KOSPOD-POD,15,25,14,100,13,43,12,413,11,500,19,100,44,200,77,1435,79,1,83,100,17.0
2026-04-18 12:29:50 PM,KXWTAMATCH-26APR19KOSPOD-POD,15,25,14,100,13,43,12,413,11,500,19,100,40,500,44,200,77,1435,79,1,17.0
2026-04-18 12:29:50 PM,KXWTAMATCH-26APR19KOSPOD-POD,15,25,14,100,13,43,12,413,11,500,19,100,40,500,77,1435,79,1,83,100,17.0
2026-04-18 12:29:50 PM,KXWTAMATCH-26APR19KOSPOD-POD,15,25,14,100,13,43,12,413,11,500,19,100,39,200,40,500,77,1435,79,1,17.0
2026-04-18 12:29:53 PM,KXWTAMATCH-26APR19KOSPOD-POD,15,25,14,100,13,43,12,413,11,500,19,100,39,200,77,1435,79,1,83,100,17.0
2026-04-18 12:29:53 PM,KXWTAMATCH-26APR19KOSPOD-POD,15,25,14,100,13,43,12,413,11,500,19,100,38,500,39,200,77,1435,79,1,17.0
2026-04-18 12:29:53 PM,KXWTAMATCH-26APR19KOSPOD-POD,15,25,14,100,13,43,12,413,11,500,19,100,38,500,77,1435,79,1,83,100,17.0
2026-04-18 12:29:53 PM,KXWTAMATCH-26APR19KOSPOD-POD,15,25,14,100,13,43,12,413,11,500,19,100,37,200,38,500,77,1435,79,1,17.0
2026-04-18 12:29:56 PM,KXWTAMATCH-26APR19KOSPOD-POD,15,25,14,100,13,43,12,413,11,500,19,100,37,200,77,1435,79,1,83,100,17.0
2026-04-18 12:29:56 PM,KXWTAMATCH-26APR19KOSPOD-POD,15,25,14,100,13,43,12,413,11,500,19,100,35,500,37,200,77,1435,79,1,17.0
2026-04-18 12:29:56 PM,KXWTAMATCH-26APR19KOSPOD-POD,15,25,14,100,13,43,12,413,11,500,19,100,35,500,77,1435,79,1,83,100,17.0
2026-04-18 12:29:56 PM,KXWTAMATCH-26APR19KOSPOD-POD,15,25,14,100,13,43,12,413,11,500,19,100,34,200,35,500,77,1435,79,1,17.0
2026-04-18 12:30:01 PM,KXWTAMATCH-26APR19KOSPOD-POD,15,25,14,100,13,43,12,413,11,500,34,200,35,500,77,1435,79,1,83,100,24.5
2026-04-18 12:30:01 PM,KXWTAMATCH-26APR19KOSPOD-POD,15,25,14,100,13,43,12,413,11,500,35,500,77,1435,79,1,83,100,86,100,25.0
2026-04-18 12:30:01 PM,KXWTAMATCH-26APR19KOSPOD-POD,15,25,14,100,13,43,12,413,11,500,33,37,35,500,77,1435,79,1,83,100,24.0
2026-04-18 12:30:01 PM,KXWTAMATCH-26APR19KOSPOD-POD,15,139,14,100,13,43,12,413,11,500,33,37,35,500,77,1435,79,1,83,100,24.0
2026-04-18 12:30:01 PM,KXWTAMATCH-26APR19KOSPOD-POD,15,139,14,100,13,18,12,413,11,500,33,37,35,500,77,1435,79,1,83,100,24.0
2026-04-18 12:30:01 PM,KXWTAMATCH-26APR19KOSPOD-POD,15,139,14,100,12,413,11,500,8,200,33,37,35,500,77,1435,79,1,83,100,24.0
2026-04-18 12:30:01 PM,KXWTAMATCH-26APR19KOSPOD-POD,15,25,14,100,12,413,11,500,8,200,33,37,35,500,77,1435,79,1,83,100,24.0
2026-04-18 12:30:01 PM,KXWTAMATCH-26APR19KOSPOD-POD,15,25,14,100,12,413,11,500,8,200,35,500,77,1435,79,1,83,100,86,100,25.0
2026-04-18 12:30:01 PM,KXWTAMATCH-26APR19KOSPOD-POD,15,25,14,100,12,413,11,500,8,200,34,37,35,500,77,1435,79,1,83,100,24.5
2026-04-18 12:30:01 PM,KXWTAMATCH-26APR19KOSPOD-POD,15,25,14,100,12,413,11,500,8,200,34,37,35,500,76,200,77,1435,79,1,24.5
2026-04-18 12:30:02 PM,KXWTAMATCH-26APR19KOSPOD-POD,15,25,14,100,12,413,11,500,8,200,34,37,76,200,77,1435,79,1,83,100,24.5
2026-04-18 12:30:02 PM,KXWTAMATCH-26APR19KOSPOD-POD,15,25,14,100,12,413,11,500,8,200,32,500,34,37,76,200,77,1435,79,1,23.5
2026-04-18 12:30:02 PM,KXWTAMATCH-26APR19KOSPOD-POD,15,145,14,100,12,413,11,500,8,200,32,500,34,37,76,200,77,1435,79,1,23.5
2026-04-18 12:30:02 PM,KXWTAMATCH-26APR19KOSPOD-POD,15,25,14,100,12,413,11,500,8,200,32,500,34,37,76,200,77,1435,79,1,23.5
2026-04-18 12:30:02 PM,KXWTAMATCH-26APR19KOSPOD-POD,15,25,14,100,12,413,11,500,8,200,32,500,76,200,77,1435,79,1,83,100,23.5
2026-04-18 12:30:02 PM,KXWTAMATCH-26APR19KOSPOD-POD,15,25,14,100,12,413,11,500,8,200,32,536,76,200,77,1435,79,1,83,100,23.5
2026-04-18 12:30:02 PM,KXWTAMATCH-26APR19KOSPOD-POD,15,25,14,100,13,43,12,413,11,500,32,536,76,200,77,1435,79,1,83,100,23.5
2026-04-18 12:30:04 PM,KXWTAMATCH-26APR19KOSPOD-POD,15,25,14,100,13,43,12,413,8,200,32,536,76,200,77,1435,79,1,83,100,23.5
2026-04-18 12:30:05 PM,KXWTAMATCH-26APR19KOSPOD-POD,15,25,14,100,13,43,12,413,10,500,32,536,76,200,77,1435,79,1,83,100,23.5
2026-04-18 12:30:24 PM,KXWTAMATCH-26APR19KOSPOD-POD,15,25,14,100,13,43,12,413,10,500,32,531,76,200,77,1435,79,1,83,100,23.5
2026-04-18 12:30:53 PM,KXWTAMATCH-26APR19KOSPOD-POD,15,25,14,100,13,43,12,413,10,500,32,531,77,1435,79,1,83,100,86,100,23.5
2026-04-18 12:31:18 PM,KXWTAMATCH-26APR19KOSPOD-POD,31,46,15,25,14,100,13,43,12,413,32,531,77,1435,79,1,83,100,86,100,31.5
2026-04-18 12:31:18 PM,KXWTAMATCH-26APR19KOSPOD-POD,31,32,15,25,14,100,13,43,12,413,32,531,77,1435,79,1,83,100,86,100,31.5
2026-04-18 12:31:18 PM,KXWTAMATCH-26APR19KOSPOD-POD,31,32,18,18,15,25,14,100,13,43,32,531,77,1435,79,1,83,100,86,100,31.5
2026-04-18 12:31:19 PM,KXWTAMATCH-26APR19KOSPOD-POD,31,32,18,18,15,43,14,100,13,43,32,531,77,1435,79,1,83,100,86,100,31.5
2026-04-18 12:31:19 PM,KXWTAMATCH-26APR19KOSPOD-POD,31,32,18,18,15,43,14,100,12,413,32,531,77,1435,79,1,83,100,86,100,31.5
2026-04-18 12:31:19 PM,KXWTAMATCH-26APR19KOSPOD-POD,31,32,18,18,15,43,14,100,12,413,32,495,77,1435,79,1,83,100,86,100,31.5
2026-04-18 12:31:19 PM,KXWTAMATCH-26APR19KOSPOD-POD,31,32,15,43,14,100,12,413,10,500,32,495,77,1435,79,1,83,100,86,100,31.5
2026-04-18 12:31:19 PM,KXWTAMATCH-26APR19KOSPOD-POD,31,2,15,43,14,100,12,413,10,500,32,495,77,1435,79,1,83,100,86,100,31.5
2026-04-18 12:31:19 PM,KXWTAMATCH-26APR19KOSPOD-POD,31,1,15,43,14,100,12,413,10,500,32,495,77,1435,79,1,83,100,86,100,31.5
2026-04-18 12:31:19 PM,KXWTAMATCH-26APR19KOSPOD-POD,15,43,14,100,12,413,10,500,8,200,32,495,77,1435,79,1,83,100,86,100,23.5
2026-04-18 12:31:19 PM,KXWTAMATCH-26APR19KOSPOD-POD,15,43,14,100,13,43,12,413,10,500,32,495,77,1435,79,1,83,100,86,100,23.5
2026-04-18 12:31:19 PM,KXWTAMATCH-26APR19KOSPOD-POD,15,43,14,100,13,43,12,413,10,500,31,1,32,495,77,1435,79,1,83,100,23.0
2026-04-18 12:31:19 PM,KXWTAMATCH-26APR19KOSPOD-POD,15,18,14,100,13,43,12,413,10,500,31,1,32,495,77,1435,79,1,83,100,23.0
2026-04-18 12:31:42 PM,KXWTAMATCH-26APR19KOSPOD-POD,15,18,14,100,13,43,12,413,10,500,31,1,77,1435,79,1,83,100,86,100,23.0
2026-04-18 12:31:42 PM,KXWTAMATCH-26APR19KOSPOD-POD,15,18,14,100,13,43,12,413,10,500,30,500,31,1,77,1435,79,1,83,100,22.5
2026-04-18 12:31:42 PM,KXWTAMATCH-26APR19KOSPOD-POD,15,18,14,100,13,43,12,413,10,500,30,500,77,1435,79,1,83,100,86,100,22.5
2026-04-18 12:31:42 PM,KXWTAMATCH-26APR19KOSPOD-POD,15,25,14,100,13,43,12,413,10,500,30,500,77,1435,79,1,83,100,86,100,22.5
2026-04-18 12:31:43 PM,KXWTAMATCH-26APR19KOSPOD-POD,15,25,14,100,13,43,12,413,10,500,30,456,77,1435,79,1,83,100,86,100,22.5
2026-04-18 12:31:43 PM,KXWTAMATCH-26APR19KOSPOD-POD,15,25,14,100,13,43,12,413,10,500,29,1,30,456,77,1435,79,1,83,100,22.0
2026-04-18 12:31:50 PM,KXWTAMATCH-26APR19KOSPOD-POD,15,25,14,100,13,43,12,413,10,500,29,1,77,1435,79,1,83,100,86,100,22.0
2026-04-18 12:31:50 PM,KXWTAMATCH-26APR19KOSPOD-POD,15,25,14,100,13,43,12,413,10,500,29,1,40,456,77,1435,79,1,83,100,22.0
2026-04-18 12:31:50 PM,KXWTAMATCH-26APR19KOSPOD-POD,15,25,14,100,13,43,12,413,10,500,40,456,77,1435,79,1,83,100,86,100,27.5
2026-04-18 12:31:50 PM,KXWTAMATCH-26APR19KOSPOD-POD,15,25,14,100,13,43,12,413,10,500,40,456,76,1,77,1435,79,1,83,100,27.5
2026-04-18 12:31:51 PM,KXWTAMATCH-26APR19KOSPOD-POD,15,25,14,100,13,43,12,413,10,500,39,1,40,456,76,1,77,1435,79,1,27.0
2026-04-18 12:31:51 PM,KXWTAMATCH-26APR19KOSPOD-POD,15,25,14,100,13,43,12,413,10,500,39,1,40,456,77,1435,79,1,83,100,27.0
2026-04-18 12:32:00 PM,KXWTAMATCH-26APR19KOSPOD-POD,15,25,14,100,13,43,12,413,10,500,39,1,77,1435,79,1,83,100,86,100,27.0
2026-04-18 12:32:00 PM,KXWTAMATCH-26APR19KOSPOD-POD,15,25,14,100,13,43,12,413,10,500,39,1,50,500,77,1435,79,1,83,100,27.0
2026-04-18 12:32:00 PM,KXWTAMATCH-26APR19KOSPOD-POD,15,25,14,100,13,43,12,413,10,500,50,500,77,1435,79,1,83,100,86,100,32.5
2026-04-18 12:32:00 PM,KXWTAMATCH-26APR19KOSPOD-POD,15,25,14,100,13,43,12,413,10,500,50,500,76,1,77,1435,79,1,83,100,32.5
2026-04-18 12:32:01 PM,KXWTAMATCH-26APR19KOSPOD-POD,15,25,14,100,13,43,12,413,10,500,49,1,50,500,76,1,77,1435,79,1,32.0
2026-04-18 12:32:01 PM,KXWTAMATCH-26APR19KOSPOD-POD,15,25,14,100,13,43,12,413,10,500,49,1,50,500,77,1435,79,1,83,100,32.0
2026-04-18 12:32:01 PM,KXWTAMATCH-26APR19KOSPOD-POD,15,25,14,100,13,43,12,413,10,500,49,21,50,500,77,1435,79,1,83,100,32.0
2026-04-18 12:32:01 PM,KXWTAMATCH-26APR19KOSPOD-POD,16,20,15,25,14,100,13,43,12,413,49,21,50,500,77,1435,79,1,83,100,32.5
2026-04-18 12:32:01 PM,KXWTAMATCH-26APR19KOSPOD-POD,17,25,16,20,15,25,14,100,13,43,49,21,50,500,77,1435,79,1,83,100,33.0
2026-04-18 12:32:01 PM,KXWTAMATCH-26APR19KOSPOD-POD,17,25,16,20,15,43,14,100,13,43,49,21,50,500,77,1435,79,1,83,100,33.0
2026-04-18 12:32:01 PM,KXWTAMATCH-26APR19KOSPOD-POD,17,25,16,20,15,43,14,100,13,43,48,1,49,21,50,500,77,1435,79,1,32.5
2026-04-18 12:32:01 PM,KXWTAMATCH-26APR19KOSPOD-POD,17,25,16,20,15,43,14,100,12,413,48,1,49,21,50,500,77,1435,79,1,32.5
2026-04-18 12:32:01 PM,KXWTAMATCH-26APR19KOSPOD-POD,17,25,16,20,15,43,14,100,12,413,48,1,49,20,50,500,77,1435,79,1,32.5
2026-04-18 12:32:05 PM,KXWTAMATCH-26APR19KOSPOD-POD,17,25,16,20,15,43,14,100,12,413,48,1,49,20,77,1435,79,1,83,100,32.5
2026-04-18 12:32:05 PM,KXWTAMATCH-26APR19KOSPOD-POD,17,25,16,20,15,43,14,100,12,413,40,500,48,1,49,20,77,1435,79,1,28.5
2026-04-18 12:32:05 PM,KXWTAMATCH-26APR19KOSPOD-POD,17,25,16,20,15,43,14,100,12,413,39,1,40,500,48,1,49,20,77,1435,28.0
2026-04-18 12:32:05 PM,KXWTAMATCH-26APR19KOSPOD-POD,17,25,16,20,15,43,14,100,12,413,39,1,40,500,49,20,77,1435,79,1,28.0
2026-04-18 12:32:07 PM,KXWTAMATCH-26APR19KOSPOD-POD,17,25,16,20,15,43,14,100,12,413,19,100,39,1,40,500,49,20,77,1435,18.0
2026-04-18 12:32:07 PM,KXWTAMATCH-26APR19KOSPOD-POD,16,20,15,43,14,100,12,413,10,500,19,100,39,1,40,500,49,20,77,1435,17.5
2026-04-18 12:32:07 PM,KXWTAMATCH-26APR19KOSPOD-POD,16,20,15,43,14,100,12,413,10,500,19,100,40,500,49,20,77,1435,79,1,17.5
2026-04-18 12:32:07 PM,KXWTAMATCH-26APR19KOSPOD-POD,16,45,15,43,14,100,12,413,10,500,19,100,40,500,49,20,77,1435,79,1,17.5
2026-04-18 12:32:07 PM,KXWTAMATCH-26APR19KOSPOD-POD,16,45,15,43,14,100,12,413,10,500,19,100,24,1,40,500,49,20,77,1435,17.5
2026-04-18 12:32:08 PM,KXWTAMATCH-26APR19KOSPOD-POD,16,45,15,43,14,100,12,413,10,500,19,100,23,1,24,1,40,500,49,20,17.5
2026-04-18 12:32:08 PM,KXWTAMATCH-26APR19KOSPOD-POD,16,45,15,43,14,100,12,413,10,500,19,100,23,1,40,500,49,20,77,1435,17.5
2026-04-18 12:32:12 PM,KXWTAMATCH-26APR19KOSPOD-POD,16,25,15,43,14,100,12,413,10,500,19,100,23,1,40,500,49,20,77,1435,17.5
2026-04-18 12:32:12 PM,KXWTAMATCH-26APR19KOSPOD-POD,16,25,15,43,14,100,12,413,10,500,19,100,23,1,40,500,77,1435,79,1,17.5
2026-04-18 12:32:12 PM,KXWTAMATCH-26APR19KOSPOD-POD,15,43,14,100,12,413,10,500,8,200,19,100,23,1,40,500,77,1435,79,1,17.0
2026-04-18 12:32:12 PM,KXWTAMATCH-26APR19KOSPOD-POD,15,25,14,100,12,413,10,500,8,200,19,100,23,1,40,500,77,1435,79,1,17.0
2026-04-18 12:32:12 PM,KXWTAMATCH-26APR19KOSPOD-POD,15,25,14,100,13,43,12,413,10,500,19,100,23,1,40,500,77,1435,79,1,17.0
2026-04-18 12:32:13 PM,KXWTAMATCH-26APR19KOSPOD-POD,15,25,14,100,13,43,12,413,10,500,19,100,23,1,77,1435,79,1,83,100,17.0
2026-04-18 12:32:13 PM,KXWTAMATCH-26APR19KOSPOD-POD,15,25,14,100,13,43,12,413,10,500,19,100,22,500,23,1,77,1435,79,1,17.0
2026-04-18 12:35:24 PM,KXWTAMATCH-26APR19KOSPOD-POD,15,25,14,100,13,43,12,413,10,500,19,53,22,500,23,1,77,1435,79,1,17.0
2026-04-18 12:37:34 PM,KXWTAMATCH-26APR19KOSPOD-POD,15,25,14,100,13,43,12,413,10,500,19,100,22,500,23,1,77,1435,79,1,17.0
2026-04-18 12:42:29 PM,KXWTAMATCH-26APR19KOSPOD-POD,15,25,14,100,13,43,12,413,10,500,19,100,22,500,23,2,77,1435,79,1,17.0
2026-04-18 12:43:38 PM,KXWTAMATCH-26APR19KOSPOD-POD,15,25,14,100,13,43,12,413,10,500,19,47,22,500,23,2,77,1435,79,1,17.0
2026-04-18 12:43:38 PM,KXWTAMATCH-26APR19KOSPOD-POD,15,25,14,100,13,43,12,413,10,500,22,500,23,2,77,1435,79,1,83,100,18.5
2026-04-18 12:43:52 PM,KXWTAMATCH-26APR19KOSPOD-POD,15,25,14,100,13,43,12,413,10,500,22,553,23,2,77,1435,79,1,83,100,18.5
2026-04-18 12:44:09 PM,KXWTAMATCH-26APR19KOSPOD-POD,15,25,14,100,13,43,12,413,10,500,22,428,23,2,77,1435,79,1,83,100,18.5
2026-04-18 12:44:56 PM,KXWTAMATCH-26APR19KOSPOD-POD,15,25,14,100,13,43,12,413,10,500,22,428,23,2,27,35,77,1435,79,1,18.5
2026-04-18 12:46:18 PM,KXWTAMATCH-26APR19KOSPOD-POD,15,18,14,100,13,43,12,413,10,500,22,428,23,2,27,35,77,1435,79,1,18.5
2026-04-18 12:46:18 PM,KXWTAMATCH-26APR19KOSPOD-POD,14,100,13,43,12,413,10,500,8,200,22,428,23,2,27,35,77,1435,79,1,18.0
2026-04-18 12:46:18 PM,KXWTAMATCH-26APR19KOSPOD-POD,13,43,12,413,10,500,8,200,6,1768,22,428,23,2,27,35,77,1435,79,1,17.5
2026-04-18 12:46:18 PM,KXWTAMATCH-26APR19KOSPOD-POD,12,413,10,500,8,200,6,1768,5,495,22,428,23,2,27,35,77,1435,79,1,17.0
2026-04-18 12:46:18 PM,KXWTAMATCH-26APR19KOSPOD-POD,12,413,10,1035,8,200,6,1768,5,495,22,428,23,2,27,35,77,1435,79,1,17.0
2026-04-18 12:46:18 PM,KXWTAMATCH-26APR19KOSPOD-POD,12,413,10,1035,8,200,6,1768,5,495,21,535,22,428,23,2,27,35,77,1435,16.5
2026-04-18 12:46:18 PM,KXWTAMATCH-26APR19KOSPOD-POD,15,7,12,413,10,1035,8,200,6,1768,21,535,22,428,23,2,27,35,77,1435,18.0
2026-04-18 12:46:18 PM,KXWTAMATCH-26APR19KOSPOD-POD,15,7,12,413,10,1035,8,200,6,1768,21,535,22,428,23,2,77,1435,79,1,18.0
2026-04-18 12:46:18 PM,KXWTAMATCH-26APR19KOSPOD-POD,15,7,12,413,10,1035,8,200,6,1768,21,535,22,428,23,9,77,1435,79,1,18.0
2026-04-18 12:46:18 PM,KXWTAMATCH-26APR19KOSPOD-POD,12,413,10,1035,8,200,6,1768,5,495,21,535,22,428,23,9,77,1435,79,1,16.5
2026-04-18 12:46:18 PM,KXWTAMATCH-26APR19KOSPOD-POD,12,413,10,1035,8,200,6,1768,5,495,21,566,22,428,23,9,77,1435,79,1,16.5
2026-04-18 12:46:18 PM,KXWTAMATCH-26APR19KOSPOD-POD,13,25,12,413,10,1035,8,200,6,1768,21,566,22,428,23,9,77,1435,79,1,17.0
2026-04-18 12:46:18 PM,KXWTAMATCH-26APR19KOSPOD-POD,13,25,12,413,11,43,10,1035,8,200,21,566,22,428,23,9,77,1435,79,1,17.0
2026-04-18 12:46:18 PM,KXWTAMATCH-26APR19KOSPOD-POD,13,25,12,413,11,43,10,1035,8,200,20,25,21,566,22,428,23,9,77,1435,16.5
2026-04-18 12:46:18 PM,KXWTAMATCH-26APR19KOSPOD-POD,13,25,12,413,11,43,10,1035,8,200,20,25,21,566,22,428,23,8,77,1435,16.5
2026-04-18 12:46:18 PM,KXWTAMATCH-26APR19KOSPOD-POD,13,25,12,413,11,43,10,1035,8,200,20,25,21,609,22,428,23,8,77,1435,16.5
2026-04-18 12:46:18 PM,KXWTAMATCH-26APR19KOSPOD-POD,13,25,12,413,11,43,10,1035,8,200,20,25,21,609,22,428,23,7,77,1435,16.5
2026-04-18 12:46:18 PM,KXWTAMATCH-26APR19KOSPOD-POD,13,25,12,413,11,43,10,1035,8,200,20,25,21,609,22,428,77,1435,79,1,16.5
2026-04-18 12:46:19 PM,KXWTAMATCH-26APR19KOSPOD-POD,13,25,12,413,11,43,10,1035,8,200,20,25,21,578,22,428,77,1435,79,1,16.5
2026-04-18 12:46:19 PM,KXWTAMATCH-26APR19KOSPOD-POD,13,25,12,413,11,43,10,1035,8,200,19,30,20,25,21,578,22,428,77,1435,16.0
2026-04-18 12:46:19 PM,KXWTAMATCH-26APR19KOSPOD-POD,13,25,12,413,11,43,10,1035,8,200,19,30,20,25,21,578,22,375,77,1435,16.0
2026-04-18 12:46:19 PM,KXWTAMATCH-26APR19KOSPOD-POD,13,25,12,413,11,43,10,1035,8,200,18,12,19,30,20,25,21,578,22,375,15.5
2026-04-18 12:46:19 PM,KXWTAMATCH-26APR19KOSPOD-POD,13,25,12,413,11,43,10,1035,8,200,18,12,19,30,20,25,21,535,22,375,15.5
2026-04-18 12:46:19 PM,KXWTAMATCH-26APR19KOSPOD-POD,13,25,12,413,11,43,10,1035,8,200,18,12,19,30,20,42,21,535,22,375,15.5
2026-04-18 12:46:19 PM,KXWTAMATCH-26APR19KOSPOD-POD,13,25,12,413,11,43,10,1035,8,200,18,12,20,42,21,535,22,375,77,1435,15.5
2026-04-18 12:46:19 PM,KXWTAMATCH-26APR19KOSPOD-POD,13,25,12,413,11,43,10,1035,8,200,18,12,20,77,21,535,22,375,77,1435,15.5
2026-04-18 12:46:19 PM,KXWTAMATCH-26APR19KOSPOD-POD,13,60,12,413,11,43,10,1035,8,200,18,12,20,77,21,535,22,375,77,1435,15.5
2026-04-18 12:46:19 PM,KXWTAMATCH-26APR19KOSPOD-POD,13,60,12,413,11,43,10,1035,8,200,18,12,20,77,21,587,22,375,77,1435,15.5
2026-04-18 12:46:19 PM,KXWTAMATCH-26APR19KOSPOD-POD,14,25,13,60,12,413,11,43,10,1035,18,12,20,77,21,587,22,375,77,1435,16.0
2026-04-18 12:46:19 PM,KXWTAMATCH-26APR19KOSPOD-POD,14,25,13,60,12,413,10,1035,8,200,18,12,20,77,21,587,22,375,77,1435,16.0
2026-04-18 12:46:19 PM,KXWTAMATCH-26APR19KOSPOD-POD,14,25,13,60,12,413,10,1035,8,200,20,77,21,587,22,375,77,1435,79,1,17.0
2026-04-18 12:46:19 PM,KXWTAMATCH-26APR19KOSPOD-POD,14,25,13,60,12,413,10,1035,8,200,19,25,20,77,21,587,22,375,77,1435,16.5
2026-04-18 12:46:20 PM,KXWTAMATCH-26APR19KOSPOD-POD,13,60,12,413,10,1035,8,200,6,1768,19,25,20,77,21,587,22,375,77,1435,16.0
2026-04-18 12:46:20 PM,KXWTAMATCH-26APR19KOSPOD-POD,14,19,13,60,12,413,10,1035,8,200,19,25,20,77,21,587,22,375,77,1435,16.5
2026-04-18 12:46:20 PM,KXWTAMATCH-26APR19KOSPOD-POD,14,19,13,60,12,413,10,1035,8,200,19,25,20,77,21,535,22,375,77,1435,16.5
2026-04-18 12:46:20 PM,KXWTAMATCH-26APR19KOSPOD-POD,14,19,13,70,12,413,10,1035,8,200,19,25,20,77,21,535,22,375,77,1435,16.5
2026-04-18 12:46:21 PM,KXWTAMATCH-26APR19KOSPOD-POD,14,19,13,70,12,413,10,1035,8,200,19,76,20,77,21,535,22,375,77,1435,16.5
2026-04-18 12:46:21 PM,KXWTAMATCH-26APR19KOSPOD-POD,14,19,13,70,12,413,10,1035,8,200,18,21,19,76,20,77,21,535,22,375,16.0
2026-04-18 12:46:21 PM,KXWTAMATCH-26APR19KOSPOD-POD,14,19,13,70,12,413,10,1035,8,200,18,21,19,76,20,52,21,535,22,375,16.0
2026-04-18 12:46:21 PM,KXWTAMATCH-26APR19KOSPOD-POD,14,19,13,70,12,413,10,1035,8,200,18,21,19,76,20,35,21,535,22,375,16.0
2026-04-18 12:46:21 PM,KXWTAMATCH-26APR19KOSPOD-POD,13,70,12,413,10,1035,8,200,6,1768,18,21,19,76,20,35,21,535,22,375,15.5
2026-04-18 12:46:21 PM,KXWTAMATCH-26APR19KOSPOD-POD,13,70,12,413,10,1035,8,200,6,1768,18,21,19,76,21,535,22,375,77,1435,15.5
2026-04-18 12:46:21 PM,KXWTAMATCH-26APR19KOSPOD-POD,13,70,12,413,10,1035,8,200,6,1768,18,21,19,76,20,35,21,535,22,375,15.5
2026-04-18 12:46:21 PM,KXWTAMATCH-26APR19KOSPOD-POD,13,45,12,413,10,1035,8,200,6,1768,18,21,19,76,20,35,21,535,22,375,15.5
2026-04-18 12:46:21 PM,KXWTAMATCH-26APR19KOSPOD-POD,14,11,13,45,12,413,10,1035,8,200,18,21,19,76,20,35,21,535,22,375,16.0
2026-04-18 12:46:22 PM,KXWTAMATCH-26APR19KOSPOD-POD,14,11,13,45,12,413,10,1035,8,200,18,21,19,25,20,35,21,535,22,375,16.0
2026-04-18 12:46:22 PM,KXWTAMATCH-26APR19KOSPOD-POD,14,25,13,45,12,413,10,1035,8,200,18,21,19,25,20,35,21,535,22,375,16.0
2026-04-18 12:46:22 PM,KXWTAMATCH-26APR19KOSPOD-POD,14,25,13,62,12,413,10,1035,8,200,18,21,19,25,20,35,21,535,22,375,16.0
2026-04-18 12:46:22 PM,KXWTAMATCH-26APR19KOSPOD-POD,14,25,13,62,12,413,10,1035,8,200,19,25,20,35,21,535,22,375,77,1435,16.5
2026-04-18 12:46:22 PM,KXWTAMATCH-26APR19KOSPOD-POD,14,25,13,62,12,413,10,1035,8,200,19,25,20,78,21,535,22,375,77,1435,16.5
2026-04-18 12:46:22 PM,KXWTAMATCH-26APR19KOSPOD-POD,14,25,13,62,12,413,10,1035,8,200,18,51,19,25,20,78,21,535,22,375,16.0
2026-04-18 12:46:22 PM,KXWTAMATCH-26APR19KOSPOD-POD,14,25,13,62,12,413,10,1035,8,200,17,8,18,51,19,25,20,78,21,535,15.5
2026-04-18 12:46:22 PM,KXWTAMATCH-26APR19KOSPOD-POD,14,25,13,62,12,413,10,1035,8,200,17,8,18,51,19,42,20,78,21,535,15.5
2026-04-18 12:46:22 PM,KXWTAMATCH-26APR19KOSPOD-POD,14,25,13,62,12,413,10,1035,8,200,17,8,18,51,19,42,20,35,21,535,15.5
2026-04-18 12:46:23 PM,KXWTAMATCH-26APR19KOSPOD-POD,14,25,13,62,12,413,10,1035,8,200,18,51,19,42,20,35,21,535,22,375,16.0
2026-04-18 12:46:23 PM,KXWTAMATCH-26APR19KOSPOD-POD,14,25,13,62,12,413,10,1035,8,200,18,51,19,17,20,35,21,535,22,375,16.0
2026-04-18 12:46:23 PM,KXWTAMATCH-26APR19KOSPOD-POD,14,25,13,62,12,413,10,1035,8,200,18,76,19,17,20,35,21,535,22,375,16.0
2026-04-18 12:46:23 PM,KXWTAMATCH-26APR19KOSPOD-POD,14,14,13,62,12,413,10,1035,8,200,18,76,19,17,20,35,21,535,22,375,16.0
2026-04-18 12:46:23 PM,KXWTAMATCH-26APR19KOSPOD-POD,13,62,12,413,10,1035,8,200,6,1768,18,76,19,17,20,35,21,535,22,375,15.5
2026-04-18 12:46:23 PM,KXWTAMATCH-26APR19KOSPOD-POD,13,62,12,413,10,1035,8,200,6,1768,18,25,19,17,20,35,21,535,22,375,15.5
2026-04-18 12:46:23 PM,KXWTAMATCH-26APR19KOSPOD-POD,13,62,12,416,10,1035,8,200,6,1768,18,25,19,17,20,35,21,535,22,375,15.5
2026-04-18 12:46:23 PM,KXWTAMATCH-26APR19KOSPOD-POD,13,62,12,416,10,1035,8,200,6,1768,18,25,19,25,20,35,21,535,22,375,15.5
2026-04-18 12:46:23 PM,KXWTAMATCH-26APR19KOSPOD-POD,13,62,12,416,10,1035,8,200,6,1768,18,25,19,25,20,78,21,535,22,375,15.5
2026-04-18 12:46:23 PM,KXWTAMATCH-26APR19KOSPOD-POD,13,62,12,416,10,1035,8,200,6,1768,19,25,20,78,21,535,22,375,77,1435,16.0
2026-04-18 12:46:24 PM,KXWTAMATCH-26APR19KOSPOD-POD,13,62,12,434,10,1035,8,200,6,1768,19,25,20,78,21,535,22,375,77,1435,16.0
2026-04-18 12:46:27 PM,KXWTAMATCH-26APR19KOSPOD-POD,13,62,12,434,10,1035,8,200,6,1768,17,529,19,25,20,78,21,535,22,375,15.0
2026-04-18 12:46:27 PM,KXWTAMATCH-26APR19KOSPOD-POD,13,62,12,434,10,1035,8,200,6,1768,17,529,19,25,20,35,21,535,22,375,15.0
2026-04-18 12:46:27 PM,KXWTAMATCH-26APR19KOSPOD-POD,13,62,12,434,10,1035,8,200,6,1768,17,548,19,25,20,35,21,535,22,375,15.0
2026-04-18 12:46:27 PM,KXWTAMATCH-26APR19KOSPOD-POD,13,62,12,434,10,1035,8,200,6,1768,17,548,19,42,20,35,21,535,22,375,15.0
2026-04-18 12:46:27 PM,KXWTAMATCH-26APR19KOSPOD-POD,13,62,12,434,10,1035,8,200,6,1768,17,548,19,42,20,35,22,375,77,1435,15.0
2026-04-18 12:46:27 PM,KXWTAMATCH-26APR19KOSPOD-POD,13,62,12,434,10,1035,8,200,6,1768,17,548,19,42,22,375,77,1435,79,1,15.0
2026-04-18 12:46:27 PM,KXWTAMATCH-26APR19KOSPOD-POD,13,62,12,434,10,1035,8,200,6,1768,17,548,19,42,21,43,22,375,77,1435,15.0
2026-04-18 12:46:27 PM,KXWTAMATCH-26APR19KOSPOD-POD,13,62,12,434,10,1035,8,200,6,1768,17,548,19,25,21,43,22,375,77,1435,15.0
2026-04-18 12:46:27 PM,KXWTAMATCH-26APR19KOSPOD-POD,13,62,12,434,10,1035,8,200,6,1768,17,548,19,17,21,43,22,375,77,1435,15.0
2026-04-18 12:46:27 PM,KXWTAMATCH-26APR19KOSPOD-POD,13,62,12,434,10,1035,8,200,6,1768,17,548,21,43,22,375,77,1435,79,1,15.0
2026-04-18 12:46:27 PM,KXWTAMATCH-26APR19KOSPOD-POD,13,62,12,434,10,1035,8,200,6,1768,17,548,21,43,22,375,24,35,77,1435,15.0
2026-04-18 12:47:07 PM,KXWTAMATCH-26APR19KOSPOD-POD,13,62,12,434,10,1035,8,200,6,1768,17,285,21,43,22,375,24,35,77,1435,15.0
2026-04-18 12:47:07 PM,KXWTAMATCH-26APR19KOSPOD-POD,13,62,12,434,10,1035,8,200,6,1768,17,285,21,43,22,375,77,1435,79,1,15.0
2026-04-18 12:47:07 PM,KXWTAMATCH-26APR19KOSPOD-POD,13,62,12,434,10,1035,8,200,6,1768,17,285,21,43,22,375,27,35,77,1435,15.0
2026-04-18 12:47:08 PM,KXWTAMATCH-26APR19KOSPOD-POD,13,62,12,434,10,1035,8,200,6,1768,17,548,21,43,22,375,27,35,77,1435,15.0
2026-04-18 12:47:10 PM,KXWTAMATCH-26APR19KOSPOD-POD,13,62,12,434,10,1035,8,200,6,1768,17,548,21,43,27,35,77,1435,79,1,15.0
2026-04-18 12:47:10 PM,KXWTAMATCH-26APR19KOSPOD-POD,13,62,12,434,10,1035,8,200,6,1768,17,548,20,100,21,43,27,35,77,1435,15.0
2026-04-18 12:47:11 PM,KXWTAMATCH-26APR19KOSPOD-POD,13,62,12,434,10,1035,8,200,6,1768,17,548,20,100,21,43,77,1435,79,1,15.0
2026-04-18 12:47:11 PM,KXWTAMATCH-26APR19KOSPOD-POD,13,62,12,434,10,1035,8,200,6,1768,17,548,20,100,77,1435,79,1,83,100,15.0
2026-04-18 12:47:11 PM,KXWTAMATCH-26APR19KOSPOD-POD,13,62,12,434,10,1035,8,200,6,1768,17,548,20,100,26,43,77,1435,79,1,15.0
2026-04-18 12:47:11 PM,KXWTAMATCH-26APR19KOSPOD-POD,13,62,12,434,10,1035,8,200,6,1768,17,548,19,42,20,100,26,43,77,1435,15.0
2026-04-18 12:47:11 PM,KXWTAMATCH-26APR19KOSPOD-POD,13,62,12,434,10,1035,8,200,6,1768,17,548,19,42,20,100,77,1435,79,1,15.0
2026-04-18 12:47:11 PM,KXWTAMATCH-26APR19KOSPOD-POD,13,62,12,434,10,1035,8,200,6,1768,17,548,19,42,20,100,24,35,77,1435,15.0
2026-04-18 12:47:15 PM,KXWTAMATCH-26APR19KOSPOD-POD,13,62,12,434,10,1035,8,200,6,1768,17,548,19,42,24,35,77,1435,79,1,15.0
2026-04-18 12:47:15 PM,KXWTAMATCH-26APR19KOSPOD-POD,13,62,12,434,10,1035,8,200,6,1768,17,548,19,42,23,100,24,35,77,1435,15.0
2026-04-18 12:47:15 PM,KXWTAMATCH-26APR19KOSPOD-POD,13,62,12,434,10,1035,8,200,6,1768,17,548,23,100,24,35,77,1435,79,1,15.0
2026-04-18 12:47:15 PM,KXWTAMATCH-26APR19KOSPOD-POD,13,62,12,434,10,1035,8,200,6,1768,17,548,23,143,24,35,77,1435,79,1,15.0
2026-04-18 12:47:15 PM,KXWTAMATCH-26APR19KOSPOD-POD,13,62,12,434,10,1035,8,200,6,1768,17,548,22,43,23,143,24,35,77,1435,15.0
2026-04-18 12:47:15 PM,KXWTAMATCH-26APR19KOSPOD-POD,13,62,12,434,10,1035,8,200,6,1768,17,548,22,43,23,100,24,35,77,1435,15.0
2026-04-18 12:47:20 PM,KXWTAMATCH-26APR19KOSPOD-POD,13,62,12,434,10,1035,8,200,6,1768,17,285,22,43,23,100,24,35,77,1435,15.0
2026-04-18 12:47:20 PM,KXWTAMATCH-26APR19KOSPOD-POD,13,62,12,434,10,1035,8,200,6,1768,17,285,22,43,23,100,77,1435,79,1,15.0
2026-04-18 12:47:20 PM,KXWTAMATCH-26APR19KOSPOD-POD,13,62,12,434,11,529,10,1035,8,200,17,285,22,43,23,100,77,1435,79,1,15.0
2026-04-18 12:47:21 PM,KXWTAMATCH-26APR19KOSPOD-POD,13,62,12,434,11,529,10,1035,8,200,17,548,22,43,23,100,77,1435,79,1,15.0
2026-04-18 12:47:21 PM,KXWTAMATCH-26APR19KOSPOD-POD,13,62,12,434,11,529,10,500,8,200,17,548,22,43,23,100,77,1435,79,1,15.0
2026-04-18 12:47:25 PM,KXWTAMATCH-26APR19KOSPOD-POD,13,62,12,434,11,529,8,200,6,1768,17,548,22,43,23,100,77,1435,79,1,15.0
2026-04-18 12:47:28 PM,KXWTAMATCH-26APR19KOSPOD-POD,13,62,12,434,11,529,8,200,7,500,17,548,22,43,23,100,77,1435,79,1,15.0
2026-04-18 12:47:34 PM,KXWTAMATCH-26APR19KOSPOD-POD,13,62,12,434,11,529,8,200,7,500,17,548,19,100,22,43,23,100,77,1435,15.0
2026-04-18 12:47:34 PM,KXWTAMATCH-26APR19KOSPOD-POD,13,62,12,434,11,529,8,200,7,500,17,548,19,100,23,100,77,1435,79,1,15.0
2026-04-18 12:47:34 PM,KXWTAMATCH-26APR19KOSPOD-POD,13,62,12,434,11,529,8,200,7,500,17,548,18,21,19,100,23,100,77,1435,15.0
2026-04-18 12:48:05 PM,KXWTAMATCH-26APR19KOSPOD-POD,13,62,12,434,11,529,8,200,7,500,17,548,18,37,19,100,23,100,77,1435,15.0
2026-04-18 12:48:39 PM,KXWTAMATCH-26APR19KOSPOD-POD,13,62,12,434,11,529,8,200,7,500,17,548,18,37,19,100,77,1435,79,1,15.0
2026-04-18 12:48:39 PM,KXWTAMATCH-26APR19KOSPOD-POD,13,62,12,434,11,529,8,200,7,500,17,548,18,37,19,100,76,100,77,1435,15.0
2026-04-18 12:49:24 PM,KXWTAMATCH-26APR19KOSPOD-POD,13,62,12,434,11,529,8,200,7,500,17,545,18,37,19,100,76,100,77,1435,15.0
2026-04-18 12:49:24 PM,KXWTAMATCH-26APR19KOSPOD-POD,13,62,12,434,11,529,8,200,7,500,17,526,18,37,19,100,76,100,77,1435,15.0
2026-04-18 12:49:24 PM,KXWTAMATCH-26APR19KOSPOD-POD,13,62,12,434,11,529,8,200,7,500,17,405,18,37,19,100,76,100,77,1435,15.0
2026-04-18 12:49:24 PM,KXWTAMATCH-26APR19KOSPOD-POD,13,62,12,434,11,529,8,200,7,500,17,430,18,37,19,100,76,100,77,1435,15.0
2026-04-18 12:49:34 PM,KXWTAMATCH-26APR19KOSPOD-POD,13,62,12,434,11,529,8,200,7,500,16,88,17,430,18,37,19,100,76,100,14.5
2026-04-18 12:49:34 PM,KXWTAMATCH-26APR19KOSPOD-POD,13,62,12,434,11,529,8,200,7,500,16,88,17,430,18,16,19,100,76,100,14.5
2026-04-18 12:49:34 PM,KXWTAMATCH-26APR19KOSPOD-POD,13,62,12,434,11,529,8,200,7,500,16,88,17,430,19,100,76,100,77,1435,14.5
2026-04-18 12:49:34 PM,KXWTAMATCH-26APR19KOSPOD-POD,13,62,12,434,11,529,8,200,7,500,16,113,17,430,19,100,76,100,77,1435,14.5
2026-04-18 12:49:35 PM,KXWTAMATCH-26APR19KOSPOD-POD,13,62,12,434,11,529,8,200,7,500,16,113,17,430,19,100,24,35,76,100,14.5
2026-04-18 12:50:07 PM,KXWTAMATCH-26APR19KOSPOD-POD,13,62,12,434,11,529,8,200,7,500,16,113,17,430,19,100,24,35,77,1435,14.5
2026-04-18 12:50:07 PM,KXWTAMATCH-26APR19KOSPOD-POD,13,62,12,434,11,529,8,200,7,500,16,113,17,430,19,100,23,100,24,35,14.5
2026-04-18 12:51:31 PM,KXWTAMATCH-26APR19KOSPOD-POD,13,62,12,434,11,529,8,200,6,1768,16,113,17,430,19,100,23,100,24,35,14.5
2026-04-18 12:51:32 PM,KXWTAMATCH-26APR19KOSPOD-POD,13,62,12,434,11,529,8,200,6,1768,16,88,17,430,19,100,23,100,24,35,14.5
2026-04-18 12:51:32 PM,KXWTAMATCH-26APR19KOSPOD-POD,13,62,12,434,11,529,8,200,6,1768,16,88,17,405,19,100,23,100,24,35,14.5
2026-04-18 12:51:32 PM,KXWTAMATCH-26APR19KOSPOD-POD,13,62,12,434,11,529,8,200,6,1768,16,88,17,405,18,21,19,100,23,100,14.5
2026-04-18 12:51:32 PM,KXWTAMATCH-26APR19KOSPOD-POD,13,62,12,434,11,529,8,700,6,1768,16,88,17,405,18,21,19,100,23,100,14.5
2026-04-18 12:51:33 PM,KXWTAMATCH-26APR19KOSPOD-POD,13,62,12,434,11,529,8,700,6,1768,16,88,17,416,18,21,19,100,23,100,14.5
2026-04-18 12:51:42 PM,KXWTAMATCH-26APR19KOSPOD-POD,13,62,12,434,11,529,8,700,6,1768,16,831,17,416,18,21,19,100,23,100,14.5
2026-04-18 12:51:42 PM,KXWTAMATCH-26APR19KOSPOD-POD,13,27,12,434,11,529,8,700,6,1768,16,831,17,416,18,21,19,100,23,100,14.5
2026-04-18 12:51:42 PM,KXWTAMATCH-26APR19KOSPOD-POD,13,17,12,434,11,529,8,700,6,1768,16,831,17,416,18,21,19,100,23,100,14.5
2026-04-18 12:51:42 PM,KXWTAMATCH-26APR19KOSPOD-POD,12,434,11,529,8,700,6,1768,5,495,16,831,17,416,18,21,19,100,23,100,14.0
2026-04-18 12:51:42 PM,KXWTAMATCH-26APR19KOSPOD-POD,12,434,11,548,8,700,6,1768,5,495,16,831,17,416,18,21,19,100,23,100,14.0
2026-04-18 12:51:42 PM,KXWTAMATCH-26APR19KOSPOD-POD,12,434,11,548,8,700,6,1768,5,495,15,497,16,831,17,416,18,21,19,100,13.5
2026-04-18 12:51:42 PM,KXWTAMATCH-26APR19KOSPOD-POD,12,434,11,548,9,35,8,700,6,1768,15,497,16,831,17,416,18,21,19,100,13.5
2026-04-18 12:51:43 PM,KXWTAMATCH-26APR19KOSPOD-POD,12,434,11,548,9,35,8,700,6,1768,15,497,16,831,17,416,19,100,23,100,13.5
2026-04-18 12:51:43 PM,KXWTAMATCH-26APR19KOSPOD-POD,12,434,11,556,9,35,8,700,6,1768,15,497,16,831,17,416,19,100,23,100,13.5
2026-04-18 12:51:43 PM,KXWTAMATCH-26APR19KOSPOD-POD,12,434,11,556,9,35,8,700,6,1768,15,497,16,843,17,416,19,100,23,100,13.5
2026-04-18 12:51:43 PM,KXWTAMATCH-26APR19KOSPOD-POD,12,434,11,556,9,35,8,700,6,1768,15,497,16,843,17,427,19,100,23,100,13.5
2026-04-18 12:51:43 PM,KXWTAMATCH-26APR19KOSPOD-POD,12,434,11,556,9,35,8,700,6,1768,15,497,16,843,17,164,19,100,23,100,13.5
2026-04-18 12:51:43 PM,KXWTAMATCH-26APR19KOSPOD-POD,12,434,11,556,9,35,8,700,6,1768,15,497,16,843,17,23,19,100,23,100,13.5
2026-04-18 12:52:30 PM,KXWTAMATCH-26APR19KOSPOD-POD,12,121,11,556,9,35,8,700,6,1768,15,497,16,843,17,23,19,100,23,100,13.5
2026-04-18 12:52:30 PM,KXWTAMATCH-26APR19KOSPOD-POD,12,121,11,556,10,497,9,35,8,700,15,497,16,843,17,23,19,100,23,100,13.5
2026-04-18 12:52:35 PM,KXWTAMATCH-26APR19KOSPOD-POD,12,121,11,556,9,35,8,700,6,1768,15,497,16,843,17,23,19,100,23,100,13.5
2026-04-18 12:52:48 PM,KXWTAMATCH-26APR19KOSPOD-POD,12,121,11,556,9,35,8,700,6,1768,15,497,16,755,17,23,19,100,23,100,13.5
2026-04-18 12:52:48 PM,KXWTAMATCH-26APR19KOSPOD-POD,12,121,11,556,10,497,9,35,8,700,15,497,16,755,17,23,19,100,23,100,13.5
2026-04-18 12:52:53 PM,KXWTAMATCH-26APR19KOSPOD-POD,12,121,11,556,10,497,9,522,8,700,15,497,16,755,17,23,19,100,23,100,13.5
2026-04-18 12:53:15 PM,KXWTAMATCH-26APR19KOSPOD-POD,12,121,11,556,10,497,9,522,8,700,16,755,17,23,19,100,23,100,24,35,14.0
2026-04-18 12:53:15 PM,KXWTAMATCH-26APR19KOSPOD-POD,12,121,11,556,10,497,9,522,8,700,16,743,17,23,19,100,23,100,24,35,14.0
2026-04-18 12:53:15 PM,KXWTAMATCH-26APR19KOSPOD-POD,12,121,11,556,10,497,9,487,8,700,16,743,17,23,19,100,23,100,24,35,14.0
2026-04-18 12:53:15 PM,KXWTAMATCH-26APR19KOSPOD-POD,12,121,11,556,10,497,9,487,8,700,16,743,17,12,19,100,23,100,24,35,14.0
2026-04-18 12:53:15 PM,KXWTAMATCH-26APR19KOSPOD-POD,12,121,11,556,10,497,9,487,8,700,16,743,17,12,18,21,19,100,23,100,14.0
2026-04-18 12:53:15 PM,KXWTAMATCH-26APR19KOSPOD-POD,12,121,11,556,9,487,8,700,7,497,16,743,17,12,18,21,19,100,23,100,14.0
2026-04-18 12:53:15 PM,KXWTAMATCH-26APR19KOSPOD-POD,12,121,11,556,9,487,8,700,7,497,15,269,16,743,17,12,18,21,19,100,13.5
2026-04-18 12:53:15 PM,KXWTAMATCH-26APR19KOSPOD-POD,12,121,11,27,9,487,8,700,7,497,15,269,16,743,17,12,18,21,19,100,13.5
2026-04-18 12:53:15 PM,KXWTAMATCH-26APR19KOSPOD-POD,12,121,11,8,9,487,8,700,7,497,15,269,16,743,17,12,18,21,19,100,13.5
2026-04-18 12:53:15 PM,KXWTAMATCH-26APR19KOSPOD-POD,12,121,9,487,8,700,7,497,6,1768,15,269,16,743,17,12,18,21,19,100,13.5
2026-04-18 12:53:15 PM,KXWTAMATCH-26APR19KOSPOD-POD,12,121,10,19,9,487,8,700,7,497,15,269,16,743,17,12,18,21,19,100,13.5
2026-04-18 12:53:15 PM,KXWTAMATCH-26APR19KOSPOD-POD,12,121,10,19,9,487,8,700,7,497,15,269,16,743,17,1,18,21,19,100,13.5
2026-04-18 12:53:15 PM,KXWTAMATCH-26APR19KOSPOD-POD,12,121,10,19,9,487,8,700,7,497,15,269,16,755,17,1,18,21,19,100,13.5
2026-04-18 12:53:15 PM,KXWTAMATCH-26APR19KOSPOD-POD,12,121,10,19,9,487,8,700,7,497,15,269,16,755,17,1,18,43,19,100,13.5
2026-04-18 12:53:16 PM,KXWTAMATCH-26APR19KOSPOD-POD,12,121,10,43,9,487,8,700,7,497,15,269,16,755,17,1,18,43,19,100,13.5
2026-04-18 12:53:16 PM,KXWTAMATCH-26APR19KOSPOD-POD,12,121,10,43,9,487,8,700,7,497,15,269,16,755,17,1,18,22,19,100,13.5
2026-04-18 12:53:16 PM,KXWTAMATCH-26APR19KOSPOD-POD,12,121,10,43,9,487,8,700,7,497,15,269,16,755,17,23,18,22,19,100,13.5
2026-04-18 12:53:16 PM,KXWTAMATCH-26APR19KOSPOD-POD,12,121,10,43,9,487,8,700,7,497,15,269,16,755,17,23,19,100,23,100,13.5
2026-04-18 12:53:24 PM,KXWTAMATCH-26APR19KOSPOD-POD,12,121,11,497,10,43,9,487,8,700,15,269,16,755,17,23,19,100,23,100,13.5
2026-04-18 12:53:24 PM,KXWTAMATCH-26APR19KOSPOD-POD,12,121,11,497,10,24,9,487,8,700,15,269,16,755,17,23,19,100,23,100,13.5
2026-04-18 12:53:24 PM,KXWTAMATCH-26APR19KOSPOD-POD,12,121,11,497,9,487,8,700,7,497,15,269,16,755,17,23,19,100,23,100,13.5
2026-04-18 12:53:24 PM,KXWTAMATCH-26APR19KOSPOD-POD,12,121,11,500,9,487,8,700,7,497,15,269,16,755,17,23,19,100,23,100,13.5
2026-04-18 12:53:24 PM,KXWTAMATCH-26APR19KOSPOD-POD,12,121,11,524,9,487,8,700,7,497,15,269,16,755,17,23,19,100,23,100,13.5
2026-04-18 12:53:24 PM,KXWTAMATCH-26APR19KOSPOD-POD,12,121,11,524,9,487,8,700,6,1768,15,269,16,755,17,23,19,100,23,100,13.5
2026-04-18 12:53:32 PM,KXWTAMATCH-26APR19KOSPOD-POD,12,121,11,524,10,497,9,487,8,700,15,269,16,755,17,23,19,100,23,100,13.5
2026-04-18 12:53:32 PM,KXWTAMATCH-26APR19KOSPOD-POD,12,121,11,524,9,487,8,700,6,1768,15,269,16,755,17,23,19,100,23,100,13.5
2026-04-18 12:54:16 PM,KXWTAMATCH-26APR19KOSPOD-POD,12,121,11,524,10,497,9,487,8,700,15,269,16,755,17,23,19,100,23,100,13.5
2026-04-18 12:54:24 PM,KXWTAMATCH-26APR19KOSPOD-POD,12,121,11,524,9,487,8,700,6,1768,15,269,16,755,17,23,19,100,23,100,13.5
2026-04-18 12:54:24 PM,KXWTAMATCH-26APR19KOSPOD-POD,12,121,11,27,9,487,8,700,6,1768,15,269,16,755,17,23,19,100,23,100,13.5
2026-04-18 12:54:24 PM,KXWTAMATCH-26APR19KOSPOD-POD,12,121,11,27,10,19,9,487,8,700,15,269,16,755,17,23,19,100,23,100,13.5
2026-04-18 12:54:24 PM,KXWTAMATCH-26APR19KOSPOD-POD,12,121,11,24,10,19,9,487,8,700,15,269,16,755,17,23,19,100,23,100,13.5
2026-04-18 12:54:24 PM,KXWTAMATCH-26APR19KOSPOD-POD,12,121,10,19,9,487,8,700,6,1768,15,269,16,755,17,23,19,100,23,100,13.5
2026-04-18 12:54:24 PM,KXWTAMATCH-26APR19KOSPOD-POD,12,121,10,54,9,487,8,700,6,1768,15,269,16,755,17,23,19,100,23,100,13.5
2026-04-18 12:54:24 PM,KXWTAMATCH-26APR19KOSPOD-POD,12,121,10,35,9,487,8,700,6,1768,15,269,16,755,17,23,19,100,23,100,13.5
2026-04-18 12:54:24 PM,KXWTAMATCH-26APR19KOSPOD-POD,12,121,11,27,10,35,9,487,8,700,15,269,16,755,17,23,19,100,23,100,13.5
2026-04-18 12:54:25 PM,KXWTAMATCH-26APR19KOSPOD-POD,12,121,11,27,10,532,9,487,8,700,15,269,16,755,17,23,19,100,23,100,13.5
2026-04-18 12:54:42 PM,KXWTAMATCH-26APR19KOSPOD-POD,12,121,11,524,10,532,9,487,8,700,15,269,16,755,17,23,19,100,23,100,13.5
2026-04-18 12:54:52 PM,KXWTAMATCH-26APR19KOSPOD-POD,12,121,11,524,10,35,9,487,8,700,15,269,16,755,17,23,19,100,23,100,13.5
2026-04-18 12:55:10 PM,KXWTAMATCH-26APR19KOSPOD-POD,12,121,11,524,10,35,9,487,8,700,15,211,16,755,17,23,19,100,23,100,13.5
2026-04-18 12:55:10 PM,KXWTAMATCH-26APR19KOSPOD-POD,12,121,11,524,9,487,8,700,6,1768,15,211,16,755,17,23,19,100,23,100,13.5
2026-04-18 12:55:10 PM,KXWTAMATCH-26APR19KOSPOD-POD,12,121,11,524,10,497,9,487,8,700,15,211,16,755,17,23,19,100,23,100,13.5
2026-04-18 12:55:21 PM,KXWTAMATCH-26APR19KOSPOD-POD,12,121,11,524,9,487,8,700,7,497,15,211,16,755,17,23,19,100,23,100,13.5
2026-04-18 12:55:22 PM,KXWTAMATCH-26APR19KOSPOD-POD,12,121,11,524,9,487,8,700,6,1768,15,211,16,755,17,23,19,100,23,100,13.5
2026-04-18 12:55:25 PM,KXWTAMATCH-26APR19KOSPOD-POD,12,121,11,524,9,487,8,700,6,1768,15,153,16,755,17,23,19,100,23,100,13.5
2026-04-18 12:55:31 PM,KXWTAMATCH-26APR19KOSPOD-POD,12,121,11,524,10,497,9,487,8,700,15,153,16,755,17,23,19,100,23,100,13.5
2026-04-18 12:55:31 PM,KXWTAMATCH-26APR19KOSPOD-POD,12,156,11,524,10,497,9,487,8,700,15,153,16,755,17,23,19,100,23,100,13.5
2026-04-18 12:55:37 PM,KXWTAMATCH-26APR19KOSPOD-POD,12,156,11,524,9,487,8,700,6,1768,15,153,16,755,17,23,19,100,23,100,13.5
2026-04-18 12:55:37 PM,KXWTAMATCH-26APR19KOSPOD-POD,12,121,11,524,9,487,8,700,6,1768,15,153,16,755,17,23,19,100,23,100,13.5
2026-04-18 12:55:42 PM,KXWTAMATCH-26APR19KOSPOD-POD,12,121,11,524,10,497,9,487,8,700,15,153,16,755,17,23,19,100,23,100,13.5
2026-04-18 12:55:42 PM,KXWTAMATCH-26APR19KOSPOD-POD,12,121,11,524,9,487,8,700,6,1768,15,153,16,755,17,23,19,100,23,100,13.5
2026-04-18 12:55:42 PM,KXWTAMATCH-26APR19KOSPOD-POD,12,121,11,524,9,487,8,700,6,1768,15,153,16,755,17,23,23,100,24,35,13.5
2026-04-18 12:55:42 PM,KXWTAMATCH-26APR19KOSPOD-POD,12,121,11,524,9,487,8,700,6,1768,15,153,16,755,17,23,20,101,23,100,13.5
2026-04-18 12:55:42 PM,KXWTAMATCH-26APR19KOSPOD-POD,12,121,11,524,9,487,8,700,7,1159,15,153,16,755,17,23,20,101,23,100,13.5
2026-04-18 12:55:42 PM,KXWTAMATCH-26APR19KOSPOD-POD,12,121,11,524,10,35,9,487,8,700,15,153,16,755,17,23,20,101,23,100,13.5
2026-04-18 12:56:26 PM,KXWTAMATCH-26APR19KOSPOD-POD,12,121,11,524,10,35,9,487,8,700,15,153,16,755,17,1,20,101,23,100,13.5
2026-04-18 12:56:26 PM,KXWTAMATCH-26APR19KOSPOD-POD,12,121,11,524,10,35,9,487,8,700,15,166,16,755,17,1,20,101,23,100,13.5
2026-04-18 12:56:26 PM,KXWTAMATCH-26APR19KOSPOD-POD,12,121,11,524,10,35,9,487,8,700,15,166,16,765,17,1,20,101,23,100,13.5
2026-04-18 12:56:36 PM,KXWTAMATCH-26APR19KOSPOD-POD,12,121,11,524,10,35,9,487,8,700,15,206,16,765,17,1,20,101,23,100,13.5
2026-04-18 12:57:10 PM,KXWTAMATCH-26APR19KOSPOD-POD,12,121,11,524,10,35,9,487,8,700,15,53,16,765,17,1,20,101,23,100,13.5
2026-04-18 12:57:10 PM,KXWTAMATCH-26APR19KOSPOD-POD,12,121,11,524,10,35,9,487,8,700,15,40,16,765,17,1,20,101,23,100,13.5
2026-04-18 12:57:10 PM,KXWTAMATCH-26APR19KOSPOD-POD,12,121,11,524,10,35,9,487,8,700,16,765,17,1,20,101,23,100,24,35,14.0
2026-04-18 12:57:10 PM,KXWTAMATCH-26APR19KOSPOD-POD,12,121,11,524,10,35,9,487,8,700,16,765,17,33,20,101,23,100,24,35,14.0
2026-04-18 12:57:10 PM,KXWTAMATCH-26APR19KOSPOD-POD,12,121,11,524,9,487,8,700,7,1159,16,765,17,33,20,101,23,100,24,35,14.0
2026-04-18 12:57:10 PM,KXWTAMATCH-26APR19KOSPOD-POD,12,121,11,524,10,497,9,487,8,700,16,765,17,33,20,101,23,100,24,35,14.0
2026-04-18 12:57:10 PM,KXWTAMATCH-26APR19KOSPOD-POD,12,156,11,524,10,497,9,487,8,700,16,765,17,33,20,101,23,100,24,35,14.0
2026-04-18 12:57:10 PM,KXWTAMATCH-26APR19KOSPOD-POD,12,156,11,524,10,497,9,487,8,700,15,124,16,765,17,33,20,101,23,100,13.5
2026-04-18 12:57:10 PM,KXWTAMATCH-26APR19KOSPOD-POD,12,156,11,524,9,487,8,700,7,1159,15,124,16,765,17,33,20,101,23,100,13.5
2026-04-18 12:57:17 PM,KXWTAMATCH-26APR19KOSPOD-POD,12,156,11,524,9,487,8,700,7,1159,16,765,17,33,20,101,23,100,24,35,14.0
2026-04-18 12:57:19 PM,KXWTAMATCH-26APR19KOSPOD-POD,12,156,11,524,9,487,8,700,7,1159,15,59,16,765,17,33,20,101,23,100,13.5
2026-04-18 12:57:23 PM,KXWTAMATCH-26APR19KOSPOD-POD,12,156,11,524,9,487,8,700,7,1159,16,765,17,33,20,101,23,100,24,35,14.0
2026-04-18 12:57:37 PM,KXWTAMATCH-26APR19KOSPOD-POD,12,156,11,524,9,487,8,700,7,1159,15,26,16,765,17,33,20,101,23,100,13.5
2026-04-18 12:57:39 PM,KXWTAMATCH-26APR19KOSPOD-POD,12,156,11,524,9,487,8,700,7,1159,16,765,17,33,20,101,23,100,77,1435,14.0
2026-04-18 12:57:39 PM,KXWTAMATCH-26APR19KOSPOD-POD,12,156,11,524,9,487,8,700,7,1159,16,544,17,33,20,101,23,100,77,1435,14.0
