ts_et,ticker,bid_1,bid_1_sz,bid_2,bid_2_sz,bid_3,bid_3_sz,bid_4,bid_4_sz,bid_5,bid_5_sz,ask_1,ask_1_sz,ask_2,ask_2_sz,ask_3,ask_3_sz,ask_4,ask_4_sz,ask_5,ask_5_sz,mid
2026-04-17 09:43:06 PM,KXWTAMATCH-26APR18RYBAND-RYB,57,18,56,51,55,3294,54,3665,53,224,58,3301,59,3718,60,5509,61,5586,62,21,57.5
2026-04-17 09:44:25 PM,KXWTAMATCH-26APR18RYBAND-RYB,57,18,56,51,55,3294,54,3665,53,224,58,3296,59,3718,60,5509,61,5586,62,21,57.5
2026-04-17 09:44:26 PM,KXWTAMATCH-26APR18RYBAND-RYB,57,18,56,51,55,3294,54,3665,53,224,58,3045,59,3718,60,5509,61,5586,62,21,57.5
2026-04-17 09:44:26 PM,KXWTAMATCH-26APR18RYBAND-RYB,57,18,56,51,55,3294,54,3665,53,224,58,3296,59,3718,60,5509,61,5586,62,21,57.5
2026-04-17 09:45:05 PM,KXWTAMATCH-26APR18RYBAND-RYB,57,18,56,51,55,3294,54,3665,53,224,58,3045,59,3718,60,5509,61,5586,62,21,57.5
2026-04-17 09:45:05 PM,KXWTAMATCH-26APR18RYBAND-RYB,57,18,56,51,55,3294,54,3665,53,224,58,3296,59,3718,60,5509,61,5586,62,21,57.5
2026-04-17 09:45:36 PM,KXWTAMATCH-26APR18RYBAND-RYB,57,18,56,51,55,3294,54,3665,53,224,58,3296,59,3718,60,5711,61,5586,62,21,57.5
2026-04-17 09:45:57 PM,KXWTAMATCH-26APR18RYBAND-RYB,57,18,56,51,55,3294,54,3665,53,136,58,3296,59,3718,60,5711,61,5586,62,21,57.5
2026-04-17 09:46:06 PM,KXWTAMATCH-26APR18RYBAND-RYB,57,18,56,51,55,3294,54,3665,53,224,58,3296,59,3718,60,5711,61,5586,62,21,57.5
2026-04-17 09:46:06 PM,KXWTAMATCH-26APR18RYBAND-RYB,57,18,56,51,55,3294,54,3665,53,224,58,3296,59,3718,60,5509,61,5586,62,21,57.5
2026-04-17 09:46:25 PM,KXWTAMATCH-26APR18RYBAND-RYB,57,18,56,51,55,3294,54,3665,53,136,58,3296,59,3718,60,5509,61,5586,62,21,57.5
2026-04-17 09:46:28 PM,KXWTAMATCH-26APR18RYBAND-RYB,57,18,56,51,55,3294,54,3665,53,136,58,3208,59,3718,60,5509,61,5586,62,21,57.5
2026-04-17 09:46:32 PM,KXWTAMATCH-26APR18RYBAND-RYB,57,18,56,51,55,3294,54,3665,53,136,58,3296,59,3718,60,5509,61,5586,62,21,57.5
2026-04-17 09:47:02 PM,KXWTAMATCH-26APR18RYBAND-RYB,57,18,56,51,55,3294,54,3665,53,224,58,3296,59,3718,60,5509,61,5586,62,21,57.5
2026-04-17 09:47:02 PM,KXWTAMATCH-26APR18RYBAND-RYB,57,18,56,51,55,3294,54,3665,53,136,58,3296,59,3718,60,5509,61,5586,62,21,57.5
2026-04-17 09:47:20 PM,KXWTAMATCH-26APR18RYBAND-RYB,57,18,56,51,55,3294,54,3665,53,224,58,3296,59,3718,60,5509,61,5586,62,21,57.5
2026-04-17 09:48:14 PM,KXWTAMATCH-26APR18RYBAND-RYB,57,18,56,51,55,3294,54,3665,53,224,58,3297,59,3718,60,5509,61,5586,62,21,57.5
2026-04-17 09:48:15 PM,KXWTAMATCH-26APR18RYBAND-RYB,57,18,56,51,55,3294,54,3665,53,224,58,3296,59,3718,60,5509,61,5586,62,21,57.5
2026-04-17 09:48:19 PM,KXWTAMATCH-26APR18RYBAND-RYB,57,18,56,51,55,3294,54,3665,53,224,58,3045,59,3718,60,5509,61,5586,62,21,57.5
2026-04-17 09:48:19 PM,KXWTAMATCH-26APR18RYBAND-RYB,57,18,56,51,55,3294,54,3665,53,224,58,3296,59,3718,60,5509,61,5586,62,21,57.5
2026-04-17 09:48:48 PM,KXWTAMATCH-26APR18RYBAND-RYB,57,18,56,51,55,3281,54,3665,53,224,58,3296,59,3718,60,5509,61,5586,62,21,57.5
2026-04-17 09:48:48 PM,KXWTAMATCH-26APR18RYBAND-RYB,57,18,56,51,55,3281,54,3665,53,224,58,3490,59,3718,60,5509,61,5586,62,21,57.5
2026-04-17 09:48:51 PM,KXWTAMATCH-26APR18RYBAND-RYB,57,18,56,51,55,3281,54,3665,53,224,58,3239,59,3718,60,5509,61,5586,62,21,57.5
2026-04-17 09:48:51 PM,KXWTAMATCH-26APR18RYBAND-RYB,57,18,56,51,55,3281,54,3665,53,224,58,3490,59,3718,60,5509,61,5586,62,21,57.5
2026-04-17 09:49:10 PM,KXWTAMATCH-26APR18RYBAND-RYB,57,18,56,51,55,3281,54,3665,53,136,58,3490,59,3718,60,5509,61,5586,62,21,57.5
2026-04-17 09:49:21 PM,KXWTAMATCH-26APR18RYBAND-RYB,57,18,56,51,55,3281,54,3665,53,224,58,3490,59,3718,60,5509,61,5586,62,21,57.5
2026-04-17 09:49:27 PM,KXWTAMATCH-26APR18RYBAND-RYB,57,18,56,36,55,3281,54,3665,53,224,58,3490,59,3718,60,5509,61,5586,62,21,57.5
2026-04-17 09:49:27 PM,KXWTAMATCH-26APR18RYBAND-RYB,57,18,56,36,55,3281,54,3665,53,224,58,3603,59,3718,60,5509,61,5586,62,21,57.5
2026-04-17 09:49:30 PM,KXWTAMATCH-26APR18RYBAND-RYB,57,18,56,36,55,3281,54,3665,53,224,58,3352,59,3718,60,5509,61,5586,62,21,57.5
2026-04-17 09:49:30 PM,KXWTAMATCH-26APR18RYBAND-RYB,57,18,56,36,55,3281,54,3665,53,224,58,3603,59,3718,60,5509,61,5586,62,21,57.5
2026-04-17 09:49:32 PM,KXWTAMATCH-26APR18RYBAND-RYB,57,18,56,36,55,3281,54,3665,53,224,58,3514,59,3718,60,5509,61,5586,62,21,57.5
2026-04-17 09:49:32 PM,KXWTAMATCH-26APR18RYBAND-RYB,57,18,56,36,55,3281,54,3665,53,224,58,3504,59,3718,60,5509,61,5586,62,21,57.5
2026-04-17 09:49:34 PM,KXWTAMATCH-26APR18RYBAND-RYB,57,18,56,36,55,3281,54,3665,53,224,58,3253,59,3718,60,5509,61,5586,62,21,57.5
2026-04-17 09:49:34 PM,KXWTAMATCH-26APR18RYBAND-RYB,57,18,56,36,55,3281,54,3665,53,224,58,3504,59,3718,60,5509,61,5586,62,21,57.5
2026-04-17 09:49:37 PM,KXWTAMATCH-26APR18RYBAND-RYB,57,18,56,36,55,3281,54,3665,53,224,58,3617,59,3718,60,5509,61,5586,62,21,57.5
2026-04-17 09:49:40 PM,KXWTAMATCH-26APR18RYBAND-RYB,57,18,56,36,55,3281,54,3665,53,224,58,3366,59,3718,60,5509,61,5586,62,21,57.5
2026-04-17 09:49:40 PM,KXWTAMATCH-26APR18RYBAND-RYB,57,18,56,36,55,3281,54,3665,53,224,58,3617,59,3718,60,5509,61,5586,62,21,57.5
2026-04-17 09:49:46 PM,KXWTAMATCH-26APR18RYBAND-RYB,57,18,56,36,55,3281,54,3665,53,136,58,3617,59,3718,60,5509,61,5586,62,21,57.5
2026-04-17 09:49:55 PM,KXWTAMATCH-26APR18RYBAND-RYB,57,18,56,36,55,3281,54,3665,53,224,58,3617,59,3718,60,5509,61,5586,62,21,57.5
2026-04-17 09:49:55 PM,KXWTAMATCH-26APR18RYBAND-RYB,57,18,56,36,55,3281,54,3665,53,136,58,3617,59,3718,60,5509,61,5586,62,21,57.5
2026-04-17 09:49:58 PM,KXWTAMATCH-26APR18RYBAND-RYB,57,18,56,36,55,3268,54,3665,53,136,58,3617,59,3718,60,5509,61,5586,62,21,57.5
2026-04-17 09:49:58 PM,KXWTAMATCH-26APR18RYBAND-RYB,57,18,56,36,55,3268,54,3665,53,136,58,3653,59,3718,60,5509,61,5586,62,21,57.5
2026-04-17 09:50:02 PM,KXWTAMATCH-26APR18RYBAND-RYB,57,18,56,36,55,3268,54,3665,53,136,58,3402,59,3718,60,5509,61,5586,62,21,57.5
2026-04-17 09:50:02 PM,KXWTAMATCH-26APR18RYBAND-RYB,57,18,56,36,55,3268,54,3665,53,136,58,3653,59,3718,60,5509,61,5586,62,21,57.5
2026-04-17 09:50:03 PM,KXWTAMATCH-26APR18RYBAND-RYB,57,18,56,36,55,3268,54,3665,53,224,58,3653,59,3718,60,5509,61,5586,62,21,57.5
2026-04-17 09:50:09 PM,KXWTAMATCH-26APR18RYBAND-RYB,57,18,56,36,55,3268,54,3665,53,224,58,3741,59,3718,60,5509,61,5586,62,21,57.5
2026-04-17 09:50:12 PM,KXWTAMATCH-26APR18RYBAND-RYB,57,18,56,36,55,3268,54,3665,53,224,58,3490,59,3718,60,5509,61,5586,62,21,57.5
2026-04-17 09:50:12 PM,KXWTAMATCH-26APR18RYBAND-RYB,57,18,56,36,55,3268,54,3665,53,224,58,3741,59,3718,60,5509,61,5586,62,21,57.5
2026-04-17 09:50:30 PM,KXWTAMATCH-26APR18RYBAND-RYB,57,18,56,25,55,3268,54,3665,53,224,58,3741,59,3718,60,5509,61,5586,62,21,57.5
2026-04-17 09:50:30 PM,KXWTAMATCH-26APR18RYBAND-RYB,57,18,56,25,55,3256,54,3665,53,224,58,3741,59,3718,60,5509,61,5586,62,21,57.5
2026-04-17 09:50:30 PM,KXWTAMATCH-26APR18RYBAND-RYB,57,18,56,25,55,3256,54,3665,53,224,58,3801,59,3718,60,5509,61,5586,62,21,57.5
2026-04-17 09:50:33 PM,KXWTAMATCH-26APR18RYBAND-RYB,57,18,56,25,55,3256,54,3665,53,224,58,3550,59,3718,60,5509,61,5586,62,21,57.5
2026-04-17 09:50:33 PM,KXWTAMATCH-26APR18RYBAND-RYB,57,18,56,25,55,3256,54,3665,53,224,58,3801,59,3718,60,5509,61,5586,62,21,57.5
2026-04-17 09:51:05 PM,KXWTAMATCH-26APR18RYBAND-RYB,57,18,56,25,55,3256,54,3665,53,224,58,3550,59,3718,60,5509,61,5586,62,21,57.5
2026-04-17 09:51:05 PM,KXWTAMATCH-26APR18RYBAND-RYB,57,18,56,25,55,3256,54,3665,53,224,58,3801,59,3718,60,5509,61,5586,62,21,57.5
2026-04-17 09:52:22 PM,KXWTAMATCH-26APR18RYBAND-RYB,57,18,56,25,55,3256,54,3665,53,136,58,3801,59,3718,60,5509,61,5586,62,21,57.5
2026-04-17 09:52:38 PM,KXWTAMATCH-26APR18RYBAND-RYB,57,18,56,25,55,3256,54,3665,53,136,58,3801,59,3718,60,5711,61,5586,62,21,57.5
2026-04-17 09:52:38 PM,KXWTAMATCH-26APR18RYBAND-RYB,57,18,56,25,55,3256,54,3665,53,224,58,3801,59,3718,60,5711,61,5586,62,21,57.5
2026-04-17 09:52:39 PM,KXWTAMATCH-26APR18RYBAND-RYB,57,18,56,25,55,3256,54,3665,53,136,58,3801,59,3718,60,5711,61,5586,62,21,57.5
2026-04-17 09:52:49 PM,KXWTAMATCH-26APR18RYBAND-RYB,57,14,56,25,55,3256,54,3665,53,136,58,3801,59,3718,60,5711,61,5586,62,21,57.5
2026-04-17 09:52:49 PM,KXWTAMATCH-26APR18RYBAND-RYB,56,25,55,3256,54,3665,53,136,52,192,58,3801,59,3718,60,5711,61,5586,62,21,57.0
2026-04-17 09:52:49 PM,KXWTAMATCH-26APR18RYBAND-RYB,56,25,55,3256,54,3665,53,136,52,192,58,3801,59,3718,60,5711,61,5100,62,21,57.0
2026-04-17 09:52:49 PM,KXWTAMATCH-26APR18RYBAND-RYB,56,25,55,3256,54,3665,53,136,52,192,58,3732,59,3718,60,5711,61,5100,62,21,57.0
2026-04-17 09:52:49 PM,KXWTAMATCH-26APR18RYBAND-RYB,56,32,55,3256,54,3665,53,136,52,192,58,3732,59,3718,60,5711,61,5100,62,21,57.0
2026-04-17 09:52:49 PM,KXWTAMATCH-26APR18RYBAND-RYB,56,32,55,3280,54,3665,53,136,52,192,58,3732,59,3718,60,5711,61,5100,62,21,57.0
2026-04-17 09:52:49 PM,KXWTAMATCH-26APR18RYBAND-RYB,56,32,55,3280,54,3665,53,136,52,192,58,2902,59,3718,60,5711,61,5100,62,21,57.0
2026-04-17 09:52:49 PM,KXWTAMATCH-26APR18RYBAND-RYB,56,32,55,3280,54,3665,53,136,52,192,58,2833,59,3718,60,5711,61,5100,62,21,57.0
2026-04-17 09:52:49 PM,KXWTAMATCH-26APR18RYBAND-RYB,56,32,55,3280,54,3665,53,136,52,192,58,2753,59,3718,60,5711,61,5100,62,21,57.0
2026-04-17 09:52:49 PM,KXWTAMATCH-26APR18RYBAND-RYB,56,32,55,3280,54,3665,53,136,52,192,58,2701,59,3718,60,5711,61,5100,62,21,57.0
2026-04-17 09:52:49 PM,KXWTAMATCH-26APR18RYBAND-RYB,56,32,55,3280,54,3665,53,136,52,192,57,88,58,2701,59,3718,60,5711,61,5100,56.5
2026-04-17 09:52:49 PM,KXWTAMATCH-26APR18RYBAND-RYB,56,32,55,3280,54,3665,53,136,52,192,57,1299,58,2701,59,3718,60,5711,61,5100,56.5
2026-04-17 09:52:49 PM,KXWTAMATCH-26APR18RYBAND-RYB,56,32,55,3280,54,3665,53,136,52,192,57,1299,58,2701,59,3495,60,5711,61,5100,56.5
2026-04-17 09:52:49 PM,KXWTAMATCH-26APR18RYBAND-RYB,56,32,55,3280,54,3665,53,136,52,192,57,1299,58,2701,59,3162,60,5711,61,5100,56.5
2026-04-17 09:52:49 PM,KXWTAMATCH-26APR18RYBAND-RYB,56,32,55,3280,54,3665,53,136,52,192,57,1299,58,2701,59,3156,60,5711,61,5100,56.5
2026-04-17 09:52:49 PM,KXWTAMATCH-26APR18RYBAND-RYB,56,32,55,3280,54,3665,53,136,52,192,57,1299,58,2701,59,3154,60,5711,61,5100,56.5
2026-04-17 09:52:49 PM,KXWTAMATCH-26APR18RYBAND-RYB,56,32,55,3280,54,3665,53,136,52,192,57,1299,58,2613,59,3154,60,5711,61,5100,56.5
2026-04-17 09:52:49 PM,KXWTAMATCH-26APR18RYBAND-RYB,56,32,55,3280,54,3665,53,136,52,192,57,1299,58,2613,59,3096,60,5711,61,5100,56.5
2026-04-17 09:52:49 PM,KXWTAMATCH-26APR18RYBAND-RYB,56,32,55,3280,54,3665,53,136,52,192,57,1299,58,2613,59,3085,60,5711,61,5100,56.5
2026-04-17 09:52:49 PM,KXWTAMATCH-26APR18RYBAND-RYB,56,32,55,3280,54,3665,53,136,52,192,57,1299,58,2613,59,3052,60,5711,61,5100,56.5
2026-04-17 09:52:49 PM,KXWTAMATCH-26APR18RYBAND-RYB,56,32,55,3280,54,3665,53,136,52,192,57,1299,58,2613,59,3051,60,5711,61,5100,56.5
2026-04-17 09:52:49 PM,KXWTAMATCH-26APR18RYBAND-RYB,56,32,55,3280,54,3665,53,136,52,192,57,1299,58,2613,59,521,60,5711,61,5100,56.5
2026-04-17 09:52:49 PM,KXWTAMATCH-26APR18RYBAND-RYB,56,32,55,3280,54,3665,53,136,52,192,57,1968,58,2613,59,521,60,5711,61,5100,56.5
2026-04-17 09:52:49 PM,KXWTAMATCH-26APR18RYBAND-RYB,56,32,55,3280,54,3665,53,136,52,192,57,1968,58,5143,59,521,60,5711,61,5100,56.5
2026-04-17 09:52:50 PM,KXWTAMATCH-26APR18RYBAND-RYB,56,32,55,3030,54,3665,53,136,52,192,57,1968,58,5143,59,521,60,5711,61,5100,56.5
2026-04-17 09:52:50 PM,KXWTAMATCH-26APR18RYBAND-RYB,56,32,55,3030,54,3915,53,136,52,192,57,1968,58,5143,59,521,60,5711,61,5100,56.5
2026-04-17 09:52:50 PM,KXWTAMATCH-26APR18RYBAND-RYB,56,32,55,3030,54,3915,53,136,52,192,57,1968,58,4893,59,521,60,5711,61,5100,56.5
2026-04-17 09:52:50 PM,KXWTAMATCH-26APR18RYBAND-RYB,56,32,55,3030,54,3915,53,136,52,192,57,2218,58,4893,59,521,60,5711,61,5100,56.5
2026-04-17 09:52:52 PM,KXWTAMATCH-26APR18RYBAND-RYB,56,32,55,3030,54,3915,53,136,52,192,57,2218,58,4642,59,521,60,5711,61,5100,56.5
2026-04-17 09:52:52 PM,KXWTAMATCH-26APR18RYBAND-RYB,56,32,55,3030,54,3915,53,136,52,192,57,2469,58,4642,59,521,60,5711,61,5100,56.5
2026-04-17 09:52:54 PM,KXWTAMATCH-26APR18RYBAND-RYB,56,32,55,3030,54,3915,53,136,52,192,57,2469,58,4642,59,5521,60,5711,61,5100,56.5
2026-04-17 09:52:54 PM,KXWTAMATCH-26APR18RYBAND-RYB,56,32,55,3030,54,3915,53,136,52,192,57,2469,58,4642,59,5521,60,5711,61,100,56.5
2026-04-17 09:52:55 PM,KXWTAMATCH-26APR18RYBAND-RYB,56,32,55,3030,54,3915,53,224,52,192,57,2469,58,4642,59,5521,60,5711,61,100,56.5
2026-04-17 09:52:56 PM,KXWTAMATCH-26APR18RYBAND-RYB,56,32,55,3030,54,3915,53,224,52,104,57,2469,58,4642,59,5521,60,5711,61,100,56.5
2026-04-17 09:53:04 PM,KXWTAMATCH-26APR18RYBAND-RYB,56,32,55,3030,54,3915,53,224,52,104,57,2381,58,4642,59,5521,60,5711,61,100,56.5
2026-04-17 09:53:04 PM,KXWTAMATCH-26APR18RYBAND-RYB,56,32,55,3030,54,3915,53,224,52,104,57,2469,58,4642,59,5521,60,5711,61,100,56.5
2026-04-17 09:53:08 PM,KXWTAMATCH-26APR18RYBAND-RYB,56,32,55,3030,54,3915,53,224,52,104,57,2469,58,4642,59,5521,60,5509,61,100,56.5
2026-04-17 09:53:08 PM,KXWTAMATCH-26APR18RYBAND-RYB,56,32,55,3030,54,3915,53,224,52,104,57,2381,58,4642,59,5521,60,5509,61,100,56.5
2026-04-17 09:53:12 PM,KXWTAMATCH-26APR18RYBAND-RYB,56,32,55,3030,54,3915,53,224,52,104,57,2381,58,9642,59,5521,60,5509,61,100,56.5
2026-04-17 09:53:12 PM,KXWTAMATCH-26APR18RYBAND-RYB,56,32,55,3030,54,3915,53,224,52,104,57,2381,58,9642,59,5521,60,509,61,100,56.5
2026-04-17 09:53:12 PM,KXWTAMATCH-26APR18RYBAND-RYB,56,32,55,3030,54,3915,53,224,52,104,57,2469,58,9642,59,5521,60,509,61,100,56.5
2026-04-17 09:53:19 PM,KXWTAMATCH-26APR18RYBAND-RYB,56,32,55,3030,54,3915,53,224,52,104,57,2469,58,9606,59,5521,60,509,61,100,56.5
2026-04-17 09:53:19 PM,KXWTAMATCH-26APR18RYBAND-RYB,56,32,55,3030,54,3915,53,224,52,104,57,2469,58,9606,59,5521,60,21,61,100,56.5
2026-04-17 09:53:19 PM,KXWTAMATCH-26APR18RYBAND-RYB,56,32,55,3030,54,3915,53,224,52,104,57,2469,58,9570,59,5521,60,21,61,100,56.5
2026-04-17 09:53:19 PM,KXWTAMATCH-26APR18RYBAND-RYB,56,32,55,3030,54,3915,53,224,52,104,57,2469,58,9534,59,5521,60,21,61,100,56.5
2026-04-17 09:53:19 PM,KXWTAMATCH-26APR18RYBAND-RYB,56,32,55,3030,54,3915,53,224,52,104,57,2469,58,9526,59,5521,60,21,61,100,56.5
2026-04-17 09:53:26 PM,KXWTAMATCH-26APR18RYBAND-RYB,56,32,55,3030,54,3915,53,224,52,192,57,2469,58,9526,59,5521,60,21,61,100,56.5
2026-04-17 09:53:26 PM,KXWTAMATCH-26APR18RYBAND-RYB,56,32,55,3030,54,3915,53,136,52,192,57,2469,58,9526,59,5521,60,21,61,100,56.5
2026-04-17 09:53:40 PM,KXWTAMATCH-26APR18RYBAND-RYB,56,32,55,3030,54,3915,53,224,52,192,57,2469,58,9526,59,5521,60,21,61,100,56.5
2026-04-17 09:53:40 PM,KXWTAMATCH-26APR18RYBAND-RYB,56,32,55,3030,54,3915,53,224,52,104,57,2469,58,9526,59,5521,60,21,61,100,56.5
2026-04-17 09:53:47 PM,KXWTAMATCH-26APR18RYBAND-RYB,56,32,55,3030,54,3915,53,136,52,104,57,2469,58,9526,59,5521,60,21,61,100,56.5
2026-04-17 09:53:51 PM,KXWTAMATCH-26APR18RYBAND-RYB,56,32,55,3030,54,3915,53,136,52,192,57,2469,58,9526,59,5521,60,21,61,100,56.5
2026-04-17 09:53:51 PM,KXWTAMATCH-26APR18RYBAND-RYB,56,32,55,3030,54,3915,53,136,52,104,57,2469,58,9526,59,5521,60,21,61,100,56.5
2026-04-17 09:54:01 PM,KXWTAMATCH-26APR18RYBAND-RYB,56,32,55,3030,54,3915,53,136,52,192,57,2469,58,9526,59,5521,60,21,61,100,56.5
2026-04-17 09:54:22 PM,KXWTAMATCH-26APR18RYBAND-RYB,56,32,55,3030,54,3915,53,136,52,192,57,2436,58,9526,59,5521,60,21,61,100,56.5
2026-04-17 09:54:22 PM,KXWTAMATCH-26APR18RYBAND-RYB,56,32,55,3030,54,3665,53,136,52,192,57,2436,58,9526,59,5521,60,21,61,100,56.5
2026-04-17 09:54:22 PM,KXWTAMATCH-26APR18RYBAND-RYB,56,32,55,3280,54,3665,53,136,52,192,57,2436,58,9526,59,5521,60,21,61,100,56.5
2026-04-17 09:54:22 PM,KXWTAMATCH-26APR18RYBAND-RYB,56,32,55,3280,54,3665,53,136,52,192,57,2186,58,9526,59,5521,60,21,61,100,56.5
2026-04-17 09:54:22 PM,KXWTAMATCH-26APR18RYBAND-RYB,56,32,55,3280,54,3665,53,136,52,192,57,2186,58,9776,59,5521,60,21,61,100,56.5
2026-04-17 09:54:47 PM,KXWTAMATCH-26APR18RYBAND-RYB,56,32,55,3256,54,3665,53,136,52,192,57,2186,58,9776,59,5521,60,21,61,100,56.5
2026-04-17 09:54:47 PM,KXWTAMATCH-26APR18RYBAND-RYB,56,32,55,3230,54,3665,53,136,52,192,57,2186,58,9776,59,5521,60,21,61,100,56.5
2026-04-17 09:54:47 PM,KXWTAMATCH-26APR18RYBAND-RYB,56,32,55,3230,54,3665,53,136,52,192,57,2236,58,9776,59,5521,60,21,61,100,56.5
2026-04-17 09:54:56 PM,KXWTAMATCH-26APR18RYBAND-RYB,56,26,55,3230,54,3665,53,136,52,192,57,2236,58,9776,59,5521,60,21,61,100,56.5
2026-04-17 09:54:56 PM,KXWTAMATCH-26APR18RYBAND-RYB,56,8,55,3230,54,3665,53,136,52,192,57,2236,58,9776,59,5521,60,21,61,100,56.5
2026-04-17 09:54:56 PM,KXWTAMATCH-26APR18RYBAND-RYB,56,7,55,3230,54,3665,53,136,52,192,57,2236,58,9776,59,5521,60,21,61,100,56.5
2026-04-17 09:54:56 PM,KXWTAMATCH-26APR18RYBAND-RYB,55,3230,54,3665,53,136,52,192,51,85,57,2236,58,9776,59,5521,60,21,61,100,56.0
2026-04-17 09:54:56 PM,KXWTAMATCH-26APR18RYBAND-RYB,55,3230,54,3665,53,136,52,192,51,85,56,218,57,2236,58,9776,59,5521,60,21,55.5
2026-04-17 09:54:56 PM,KXWTAMATCH-26APR18RYBAND-RYB,55,3230,54,3701,53,136,52,192,51,85,56,218,57,2236,58,9776,59,5521,60,21,55.5
2026-04-17 09:54:56 PM,KXWTAMATCH-26APR18RYBAND-RYB,55,2980,54,3701,53,136,52,192,51,85,56,218,57,2236,58,9776,59,5521,60,21,55.5
2026-04-17 09:54:56 PM,KXWTAMATCH-26APR18RYBAND-RYB,55,2980,54,3951,53,136,52,192,51,85,56,218,57,2236,58,9776,59,5521,60,21,55.5
2026-04-17 09:54:56 PM,KXWTAMATCH-26APR18RYBAND-RYB,55,2980,54,3951,53,136,52,192,51,85,56,218,57,2236,58,9526,59,5521,60,21,55.5
2026-04-17 09:54:56 PM,KXWTAMATCH-26APR18RYBAND-RYB,55,2980,54,3951,53,136,52,192,51,85,56,218,57,2486,58,9526,59,5521,60,21,55.5
2026-04-17 09:54:56 PM,KXWTAMATCH-26APR18RYBAND-RYB,55,2980,54,3951,53,136,52,192,51,85,56,218,57,2486,58,9545,59,5521,60,21,55.5
2026-04-17 09:54:56 PM,KXWTAMATCH-26APR18RYBAND-RYB,55,2980,54,3951,53,136,52,192,51,85,56,218,57,2486,58,9545,59,5521,61,100,55.5
2026-04-17 09:55:04 PM,KXWTAMATCH-26APR18RYBAND-RYB,55,2980,54,3951,53,136,52,192,51,85,56,218,57,2486,58,9545,59,5519,61,100,55.5
2026-04-17 09:55:04 PM,KXWTAMATCH-26APR18RYBAND-RYB,55,2980,54,3951,53,136,52,192,51,85,56,218,57,2486,58,9545,59,5026,61,100,55.5
2026-04-17 09:55:04 PM,KXWTAMATCH-26APR18RYBAND-RYB,55,2980,54,3951,53,136,52,192,51,85,56,218,57,2486,58,9545,59,5024,61,100,55.5
2026-04-17 09:55:04 PM,KXWTAMATCH-26APR18RYBAND-RYB,55,2980,54,3951,53,136,52,192,51,85,56,218,57,1815,58,9545,59,5024,61,100,55.5
2026-04-17 09:55:04 PM,KXWTAMATCH-26APR18RYBAND-RYB,55,2980,54,3951,53,136,52,192,51,85,56,218,57,1815,58,9544,59,5024,61,100,55.5
2026-04-17 09:55:04 PM,KXWTAMATCH-26APR18RYBAND-RYB,55,2980,54,3951,53,136,52,192,51,85,56,218,57,1815,58,9543,59,5024,61,100,55.5
2026-04-17 09:55:05 PM,KXWTAMATCH-26APR18RYBAND-RYB,55,2980,54,3951,53,136,52,192,51,85,56,218,57,1815,58,9542,59,5024,61,100,55.5
2026-04-17 09:55:05 PM,KXWTAMATCH-26APR18RYBAND-RYB,55,2980,54,3951,53,136,52,192,51,85,56,218,57,1815,58,9541,59,5024,61,100,55.5
2026-04-17 09:55:05 PM,KXWTAMATCH-26APR18RYBAND-RYB,55,2980,54,3951,53,136,52,192,51,85,56,881,57,1815,58,9541,59,5024,61,100,55.5
2026-04-17 09:55:05 PM,KXWTAMATCH-26APR18RYBAND-RYB,55,2980,54,3951,53,136,52,192,51,85,56,881,57,1815,58,8872,59,5024,61,100,55.5
2026-04-17 09:55:05 PM,KXWTAMATCH-26APR18RYBAND-RYB,55,2980,54,3951,53,136,52,192,51,85,56,881,57,1815,58,6342,59,5024,61,100,55.5
2026-04-17 09:55:05 PM,KXWTAMATCH-26APR18RYBAND-RYB,55,2980,54,3951,53,136,52,192,51,85,56,1550,57,1815,58,6342,59,5024,61,100,55.5
2026-04-17 09:55:05 PM,KXWTAMATCH-26APR18RYBAND-RYB,55,2980,54,3951,53,136,52,192,51,85,56,1550,57,4345,58,6342,59,5024,61,100,55.5
2026-04-17 09:55:05 PM,KXWTAMATCH-26APR18RYBAND-RYB,55,2980,54,3951,53,136,52,192,51,85,56,881,57,4345,58,6342,59,5024,61,100,55.5
2026-04-17 09:55:05 PM,KXWTAMATCH-26APR18RYBAND-RYB,55,2980,54,3951,53,136,52,192,51,85,56,881,57,1815,58,6342,59,5024,61,100,55.5
2026-04-17 09:55:05 PM,KXWTAMATCH-26APR18RYBAND-RYB,55,2980,54,3951,53,136,52,192,51,85,56,881,57,1815,58,9542,59,5024,61,100,55.5
2026-04-17 09:55:06 PM,KXWTAMATCH-26APR18RYBAND-RYB,55,2980,54,3951,53,136,52,192,51,85,56,881,57,1815,58,6342,59,5024,61,100,55.5
2026-04-17 09:55:06 PM,KXWTAMATCH-26APR18RYBAND-RYB,55,2980,54,3951,53,136,52,192,51,85,56,1550,57,1815,58,6342,59,5024,61,100,55.5
2026-04-17 09:55:06 PM,KXWTAMATCH-26APR18RYBAND-RYB,55,2980,54,3951,53,136,52,192,51,85,56,1550,57,4345,58,6342,59,5024,61,100,55.5
2026-04-17 09:55:06 PM,KXWTAMATCH-26APR18RYBAND-RYB,55,2980,54,3951,53,136,52,192,51,85,56,881,57,4345,58,6342,59,5024,61,100,55.5
2026-04-17 09:55:06 PM,KXWTAMATCH-26APR18RYBAND-RYB,55,2980,54,3951,53,136,52,192,51,85,56,881,57,1815,58,6342,59,5024,61,100,55.5
2026-04-17 09:55:07 PM,KXWTAMATCH-26APR18RYBAND-RYB,55,2980,54,3951,53,136,52,192,51,85,56,881,57,1815,58,9542,59,5024,61,100,55.5
2026-04-17 09:55:07 PM,KXWTAMATCH-26APR18RYBAND-RYB,55,2980,54,3951,53,136,52,192,51,85,56,881,57,1815,58,6342,59,5024,61,100,55.5
2026-04-17 09:55:07 PM,KXWTAMATCH-26APR18RYBAND-RYB,55,2980,54,3951,53,136,52,192,51,85,56,1550,57,1815,58,6342,59,5024,61,100,55.5
2026-04-17 09:55:07 PM,KXWTAMATCH-26APR18RYBAND-RYB,55,2980,54,3951,53,136,52,192,51,85,56,1550,57,4345,58,6342,59,5024,61,100,55.5
2026-04-17 09:55:07 PM,KXWTAMATCH-26APR18RYBAND-RYB,55,2980,54,3951,53,136,52,192,51,85,56,881,57,4345,58,6342,59,5024,61,100,55.5
2026-04-17 09:55:08 PM,KXWTAMATCH-26APR18RYBAND-RYB,55,2980,54,3951,53,136,52,192,51,85,56,881,57,1815,58,6342,59,5024,61,100,55.5
2026-04-17 09:55:08 PM,KXWTAMATCH-26APR18RYBAND-RYB,55,2980,54,3951,53,136,52,192,51,85,56,881,57,1815,58,9542,59,5024,61,100,55.5
2026-04-17 09:55:08 PM,KXWTAMATCH-26APR18RYBAND-RYB,55,2980,54,3951,53,136,52,192,51,85,56,881,57,1815,58,6342,59,5024,61,100,55.5
2026-04-17 09:55:08 PM,KXWTAMATCH-26APR18RYBAND-RYB,55,2980,54,3951,53,136,52,192,51,85,56,1550,57,1815,58,6342,59,5024,61,100,55.5
2026-04-17 09:55:08 PM,KXWTAMATCH-26APR18RYBAND-RYB,55,2980,54,3951,53,136,52,192,51,85,56,1550,57,4345,58,6342,59,5024,61,100,55.5
2026-04-17 09:55:09 PM,KXWTAMATCH-26APR18RYBAND-RYB,55,2980,54,3951,53,136,52,192,51,85,56,881,57,4345,58,6342,59,5024,61,100,55.5
2026-04-17 09:55:09 PM,KXWTAMATCH-26APR18RYBAND-RYB,55,2980,54,3951,53,136,52,192,51,85,56,881,57,1815,58,6342,59,5024,61,100,55.5
2026-04-17 09:55:09 PM,KXWTAMATCH-26APR18RYBAND-RYB,55,2980,54,3951,53,136,52,192,51,85,56,881,57,1815,58,9542,59,5024,61,100,55.5
2026-04-17 09:55:09 PM,KXWTAMATCH-26APR18RYBAND-RYB,55,2980,54,3951,53,136,52,192,51,85,56,881,57,1815,58,6342,59,5024,61,100,55.5
2026-04-17 09:55:09 PM,KXWTAMATCH-26APR18RYBAND-RYB,55,2980,54,3951,53,136,52,192,51,85,56,1550,57,1815,58,6342,59,5024,61,100,55.5
2026-04-17 09:55:09 PM,KXWTAMATCH-26APR18RYBAND-RYB,55,2980,54,3951,53,136,52,192,51,85,56,1550,57,4345,58,6342,59,5024,61,100,55.5
2026-04-17 09:55:10 PM,KXWTAMATCH-26APR18RYBAND-RYB,55,2980,54,3951,53,136,52,192,51,85,56,881,57,4345,58,6342,59,5024,61,100,55.5
2026-04-17 09:55:10 PM,KXWTAMATCH-26APR18RYBAND-RYB,55,2980,54,3951,53,136,52,192,51,85,56,881,57,1815,58,6342,59,5024,61,100,55.5
2026-04-17 09:55:10 PM,KXWTAMATCH-26APR18RYBAND-RYB,55,2980,54,3951,53,136,52,192,51,85,56,881,57,1815,58,9542,59,5024,61,100,55.5
2026-04-17 09:55:10 PM,KXWTAMATCH-26APR18RYBAND-RYB,55,2980,54,3951,53,136,52,192,51,85,56,881,57,1815,58,6342,59,5024,61,100,55.5
2026-04-17 09:55:10 PM,KXWTAMATCH-26APR18RYBAND-RYB,55,2980,54,3951,53,136,52,192,51,85,56,1550,57,1815,58,6342,59,5024,61,100,55.5
2026-04-17 09:55:10 PM,KXWTAMATCH-26APR18RYBAND-RYB,55,2980,54,3951,53,136,52,192,51,85,56,1550,57,4345,58,6342,59,5024,61,100,55.5
2026-04-17 09:55:11 PM,KXWTAMATCH-26APR18RYBAND-RYB,55,2980,54,3951,53,136,52,192,51,85,56,881,57,4345,58,6342,59,5024,61,100,55.5
2026-04-17 09:55:11 PM,KXWTAMATCH-26APR18RYBAND-RYB,55,2980,54,3951,53,136,52,192,51,85,56,881,57,1815,58,6342,59,5024,61,100,55.5
2026-04-17 09:55:11 PM,KXWTAMATCH-26APR18RYBAND-RYB,55,2980,54,3951,53,136,52,192,51,85,56,881,57,1815,58,9542,59,5024,61,100,55.5
2026-04-17 09:55:11 PM,KXWTAMATCH-26APR18RYBAND-RYB,55,2980,54,3951,53,136,52,192,51,85,56,881,57,1815,58,6342,59,5024,61,100,55.5
2026-04-17 09:55:11 PM,KXWTAMATCH-26APR18RYBAND-RYB,55,2980,54,3951,53,136,52,192,51,85,56,1550,57,1815,58,6342,59,5024,61,100,55.5
2026-04-17 09:55:11 PM,KXWTAMATCH-26APR18RYBAND-RYB,55,2980,54,3951,53,136,52,192,51,85,56,1550,57,4345,58,6342,59,5024,61,100,55.5
2026-04-17 09:55:12 PM,KXWTAMATCH-26APR18RYBAND-RYB,55,2980,54,3951,53,136,52,192,51,85,56,881,57,4345,58,6342,59,5024,61,100,55.5
2026-04-17 09:55:12 PM,KXWTAMATCH-26APR18RYBAND-RYB,55,2980,54,3951,53,136,52,192,51,85,56,881,57,1815,58,6342,59,5024,61,100,55.5
2026-04-17 09:55:12 PM,KXWTAMATCH-26APR18RYBAND-RYB,55,2980,54,3951,53,136,52,192,51,85,56,881,57,1815,58,9542,59,5024,61,100,55.5
2026-04-17 09:55:12 PM,KXWTAMATCH-26APR18RYBAND-RYB,55,2980,54,3951,53,136,52,192,51,85,56,881,57,1815,58,6342,59,5024,61,100,55.5
2026-04-17 09:55:12 PM,KXWTAMATCH-26APR18RYBAND-RYB,55,2980,54,3951,53,136,52,192,51,85,56,1550,57,1815,58,6342,59,5024,61,100,55.5
2026-04-17 09:55:13 PM,KXWTAMATCH-26APR18RYBAND-RYB,55,2980,54,3951,53,136,52,192,51,85,56,1550,57,4345,58,6342,59,5024,61,100,55.5
2026-04-17 09:55:13 PM,KXWTAMATCH-26APR18RYBAND-RYB,55,2980,54,3951,53,136,52,192,51,85,56,881,57,4345,58,6342,59,5024,61,100,55.5
2026-04-17 09:55:13 PM,KXWTAMATCH-26APR18RYBAND-RYB,55,2980,54,3951,53,136,52,192,51,85,56,881,57,1815,58,6342,59,5024,61,100,55.5
2026-04-17 09:55:13 PM,KXWTAMATCH-26APR18RYBAND-RYB,55,2980,54,3951,53,136,52,192,51,85,56,881,57,1815,58,9542,59,5024,61,100,55.5
2026-04-17 09:55:13 PM,KXWTAMATCH-26APR18RYBAND-RYB,55,2980,54,3951,53,136,52,192,51,85,56,881,57,1815,58,6342,59,5024,61,100,55.5
2026-04-17 09:55:14 PM,KXWTAMATCH-26APR18RYBAND-RYB,55,2980,54,3951,53,136,52,192,51,85,56,1550,57,1815,58,6342,59,5024,61,100,55.5
2026-04-17 09:55:14 PM,KXWTAMATCH-26APR18RYBAND-RYB,55,2980,54,3951,53,136,52,192,51,85,56,1550,57,4345,58,6342,59,5024,61,100,55.5
2026-04-17 09:55:14 PM,KXWTAMATCH-26APR18RYBAND-RYB,55,2980,54,3951,53,136,52,192,51,85,56,881,57,4345,58,6342,59,5024,61,100,55.5
2026-04-17 09:55:14 PM,KXWTAMATCH-26APR18RYBAND-RYB,55,2980,54,3951,53,136,52,192,51,85,56,881,57,1815,58,6342,59,5024,61,100,55.5
2026-04-17 09:55:14 PM,KXWTAMATCH-26APR18RYBAND-RYB,55,2980,54,3951,53,136,52,192,51,85,56,881,57,1815,58,9542,59,5024,61,100,55.5
2026-04-17 09:55:14 PM,KXWTAMATCH-26APR18RYBAND-RYB,55,2980,54,3951,53,136,52,192,51,85,56,881,57,1815,58,6342,59,5024,61,100,55.5
2026-04-17 09:55:14 PM,KXWTAMATCH-26APR18RYBAND-RYB,55,2980,54,3951,53,136,52,192,51,85,56,1550,57,1815,58,6342,59,5024,61,100,55.5
2026-04-17 09:55:14 PM,KXWTAMATCH-26APR18RYBAND-RYB,55,2980,54,3951,53,136,52,192,51,85,56,1550,57,4345,58,6342,59,5024,61,100,55.5
2026-04-17 09:55:14 PM,KXWTAMATCH-26APR18RYBAND-RYB,55,2980,54,3951,53,136,52,192,51,85,56,881,57,4345,58,6342,59,5024,61,100,55.5
2026-04-17 09:55:15 PM,KXWTAMATCH-26APR18RYBAND-RYB,55,2980,54,3951,53,136,52,192,51,85,56,881,57,1815,58,6342,59,5024,61,100,55.5
2026-04-17 09:55:15 PM,KXWTAMATCH-26APR18RYBAND-RYB,55,2980,54,3951,53,136,52,192,51,85,56,881,57,1815,58,9542,59,5024,61,100,55.5
2026-04-17 09:55:15 PM,KXWTAMATCH-26APR18RYBAND-RYB,55,2980,54,3951,53,136,52,192,51,85,56,881,57,1815,58,6342,59,5024,61,100,55.5
2026-04-17 09:55:15 PM,KXWTAMATCH-26APR18RYBAND-RYB,55,2980,54,3951,53,136,52,192,51,85,56,1550,57,1815,58,6342,59,5024,61,100,55.5
2026-04-17 09:55:15 PM,KXWTAMATCH-26APR18RYBAND-RYB,55,2980,54,3951,53,136,52,192,51,85,56,1550,57,4345,58,6342,59,5024,61,100,55.5
2026-04-17 09:55:15 PM,KXWTAMATCH-26APR18RYBAND-RYB,55,2980,54,3951,53,136,52,192,51,85,56,881,57,4345,58,6342,59,5024,61,100,55.5
2026-04-17 09:55:15 PM,KXWTAMATCH-26APR18RYBAND-RYB,55,2980,54,3951,53,136,52,192,51,85,56,881,57,1815,58,6342,59,5024,61,100,55.5
2026-04-17 09:55:15 PM,KXWTAMATCH-26APR18RYBAND-RYB,55,2980,54,3951,53,136,52,192,51,85,56,881,57,1815,58,9542,59,5024,61,100,55.5
2026-04-17 09:55:15 PM,KXWTAMATCH-26APR18RYBAND-RYB,55,2980,54,3951,53,136,52,192,51,85,56,881,57,1815,58,6342,59,5024,61,100,55.5
2026-04-17 09:55:15 PM,KXWTAMATCH-26APR18RYBAND-RYB,55,2980,54,3951,53,136,52,192,51,85,56,1550,57,1815,58,6342,59,5024,61,100,55.5
2026-04-17 09:55:15 PM,KXWTAMATCH-26APR18RYBAND-RYB,55,2980,54,3951,53,136,52,192,51,85,56,1550,57,4345,58,6342,59,5024,61,100,55.5
2026-04-17 09:55:16 PM,KXWTAMATCH-26APR18RYBAND-RYB,55,2980,54,3951,53,136,52,192,51,85,56,881,57,4345,58,6342,59,5024,61,100,55.5
2026-04-17 09:55:16 PM,KXWTAMATCH-26APR18RYBAND-RYB,55,2980,54,3951,53,136,52,192,51,85,56,881,57,1815,58,6342,59,5024,61,100,55.5
2026-04-17 09:55:16 PM,KXWTAMATCH-26APR18RYBAND-RYB,55,2980,54,3951,53,136,52,192,51,85,56,881,57,1815,58,9542,59,5024,61,100,55.5
2026-04-17 09:55:16 PM,KXWTAMATCH-26APR18RYBAND-RYB,55,2980,54,3951,53,136,52,192,51,85,56,881,57,1815,58,6342,59,5024,61,100,55.5
2026-04-17 09:55:16 PM,KXWTAMATCH-26APR18RYBAND-RYB,55,2980,54,3951,53,136,52,192,51,85,56,1550,57,1815,58,6342,59,5024,61,100,55.5
2026-04-17 09:55:16 PM,KXWTAMATCH-26APR18RYBAND-RYB,55,2980,54,3951,53,136,52,192,51,85,56,1550,57,4345,58,6342,59,5024,61,100,55.5
2026-04-17 09:55:16 PM,KXWTAMATCH-26APR18RYBAND-RYB,55,2980,54,3951,53,136,52,192,51,85,56,881,57,4345,58,6342,59,5024,61,100,55.5
2026-04-17 09:55:16 PM,KXWTAMATCH-26APR18RYBAND-RYB,55,2980,54,3951,53,136,52,192,51,85,56,881,57,1815,58,6342,59,5024,61,100,55.5
2026-04-17 09:55:16 PM,KXWTAMATCH-26APR18RYBAND-RYB,55,2980,54,3951,53,136,52,192,51,85,56,881,57,1815,58,9542,59,5024,61,100,55.5
2026-04-17 09:55:17 PM,KXWTAMATCH-26APR18RYBAND-RYB,55,2980,54,3951,53,136,52,192,51,85,56,881,57,1815,58,6342,59,5024,61,100,55.5
2026-04-17 09:55:17 PM,KXWTAMATCH-26APR18RYBAND-RYB,55,2980,54,3951,53,136,52,192,51,85,56,1550,57,1815,58,6342,59,5024,61,100,55.5
2026-04-17 09:55:17 PM,KXWTAMATCH-26APR18RYBAND-RYB,55,2980,54,3951,53,136,52,192,51,85,56,1550,57,4345,58,6342,59,5024,61,100,55.5
2026-04-17 09:55:17 PM,KXWTAMATCH-26APR18RYBAND-RYB,55,2980,54,3951,53,136,52,192,51,85,56,881,57,4345,58,6342,59,5024,61,100,55.5
2026-04-17 09:55:17 PM,KXWTAMATCH-26APR18RYBAND-RYB,55,2980,54,3951,53,136,52,192,51,85,56,881,57,1815,58,6342,59,5024,61,100,55.5
2026-04-17 09:55:17 PM,KXWTAMATCH-26APR18RYBAND-RYB,55,2980,54,3951,53,136,52,192,51,85,56,881,57,1815,58,9542,59,5024,61,100,55.5
2026-04-17 09:55:17 PM,KXWTAMATCH-26APR18RYBAND-RYB,55,2980,54,3951,53,136,52,192,51,85,56,881,57,1815,58,6342,59,5024,61,100,55.5
2026-04-17 09:55:17 PM,KXWTAMATCH-26APR18RYBAND-RYB,55,2980,54,3951,53,136,52,192,51,85,56,1550,57,1815,58,6342,59,5024,61,100,55.5
2026-04-17 09:55:17 PM,KXWTAMATCH-26APR18RYBAND-RYB,55,2980,54,3951,53,136,52,192,51,85,56,1550,57,4345,58,6342,59,5024,61,100,55.5
2026-04-17 09:55:17 PM,KXWTAMATCH-26APR18RYBAND-RYB,55,2980,54,3951,53,136,52,192,51,85,56,881,57,4345,58,6342,59,5024,61,100,55.5
2026-04-17 09:55:17 PM,KXWTAMATCH-26APR18RYBAND-RYB,55,2980,54,3951,53,136,52,192,51,85,56,881,57,1815,58,6342,59,5024,61,100,55.5
2026-04-17 09:55:17 PM,KXWTAMATCH-26APR18RYBAND-RYB,55,2980,54,3951,53,136,52,192,51,85,56,881,57,1815,58,9542,59,5024,61,100,55.5
2026-04-17 09:55:18 PM,KXWTAMATCH-26APR18RYBAND-RYB,55,2980,54,3951,53,136,52,192,51,85,56,881,57,1815,58,6342,59,5024,61,100,55.5
2026-04-17 09:55:18 PM,KXWTAMATCH-26APR18RYBAND-RYB,55,2980,54,3951,53,136,52,192,51,85,56,1550,57,1815,58,6342,59,5024,61,100,55.5
2026-04-17 09:55:18 PM,KXWTAMATCH-26APR18RYBAND-RYB,55,2980,54,3951,53,136,52,192,51,85,56,1550,57,4345,58,6342,59,5024,61,100,55.5
2026-04-17 09:55:18 PM,KXWTAMATCH-26APR18RYBAND-RYB,55,2980,54,3951,53,136,52,192,51,85,56,881,57,4345,58,6342,59,5024,61,100,55.5
2026-04-17 09:55:18 PM,KXWTAMATCH-26APR18RYBAND-RYB,55,2980,54,3951,53,136,52,192,51,85,56,881,57,1815,58,6342,59,5024,61,100,55.5
2026-04-17 09:55:18 PM,KXWTAMATCH-26APR18RYBAND-RYB,55,2980,54,3951,53,136,52,192,51,85,56,881,57,1815,58,9542,59,5024,61,100,55.5
2026-04-17 09:55:18 PM,KXWTAMATCH-26APR18RYBAND-RYB,55,2980,54,3951,53,136,52,192,51,85,56,881,57,1815,58,6342,59,5024,61,100,55.5
2026-04-17 09:55:18 PM,KXWTAMATCH-26APR18RYBAND-RYB,55,2980,54,3951,53,136,52,192,51,85,56,1550,57,1815,58,6342,59,5024,61,100,55.5
2026-04-17 09:55:18 PM,KXWTAMATCH-26APR18RYBAND-RYB,55,2980,54,3951,53,136,52,192,51,85,56,1550,57,4345,58,6342,59,5024,61,100,55.5
2026-04-17 09:55:19 PM,KXWTAMATCH-26APR18RYBAND-RYB,55,2980,54,3951,53,136,52,192,51,85,56,881,57,4345,58,6342,59,5024,61,100,55.5
2026-04-17 09:55:19 PM,KXWTAMATCH-26APR18RYBAND-RYB,55,2980,54,3951,53,136,52,192,51,85,56,881,57,1815,58,6342,59,5024,61,100,55.5
2026-04-17 09:55:19 PM,KXWTAMATCH-26APR18RYBAND-RYB,55,2980,54,3951,53,136,52,192,51,85,56,881,57,1815,58,9542,59,5024,61,100,55.5
2026-04-17 09:55:19 PM,KXWTAMATCH-26APR18RYBAND-RYB,55,2980,54,3951,53,136,52,192,51,85,56,881,57,1815,58,6342,59,5024,61,100,55.5
2026-04-17 09:55:19 PM,KXWTAMATCH-26APR18RYBAND-RYB,55,2980,54,3951,53,136,52,192,51,85,56,1550,57,1815,58,6342,59,5024,61,100,55.5
2026-04-17 09:55:19 PM,KXWTAMATCH-26APR18RYBAND-RYB,55,2980,54,3951,53,136,52,192,51,85,56,1550,57,4345,58,6342,59,5024,61,100,55.5
2026-04-17 09:55:19 PM,KXWTAMATCH-26APR18RYBAND-RYB,55,2980,54,3951,53,136,52,192,51,85,56,881,57,4345,58,6342,59,5024,61,100,55.5
2026-04-17 09:55:19 PM,KXWTAMATCH-26APR18RYBAND-RYB,55,2980,54,3951,53,136,52,192,51,85,56,881,57,1815,58,6342,59,5024,61,100,55.5
2026-04-17 09:55:19 PM,KXWTAMATCH-26APR18RYBAND-RYB,55,2980,54,3951,53,136,52,192,51,85,56,881,57,1815,58,9542,59,5024,61,100,55.5
2026-04-17 09:55:19 PM,KXWTAMATCH-26APR18RYBAND-RYB,55,2980,54,3951,53,136,52,192,51,85,56,881,57,1815,58,6342,59,5024,61,100,55.5
2026-04-17 09:55:19 PM,KXWTAMATCH-26APR18RYBAND-RYB,55,2980,54,3951,53,136,52,192,51,85,56,1550,57,1815,58,6342,59,5024,61,100,55.5
2026-04-17 09:55:20 PM,KXWTAMATCH-26APR18RYBAND-RYB,55,2980,54,3951,53,136,52,192,51,85,56,1550,57,4345,58,6342,59,5024,61,100,55.5
2026-04-17 09:55:20 PM,KXWTAMATCH-26APR18RYBAND-RYB,55,2980,54,3951,53,136,52,192,51,85,56,881,57,4345,58,6342,59,5024,61,100,55.5
2026-04-17 09:55:20 PM,KXWTAMATCH-26APR18RYBAND-RYB,55,2980,54,3951,53,136,52,192,51,85,56,881,57,1815,58,6342,59,5024,61,100,55.5
2026-04-17 09:55:20 PM,KXWTAMATCH-26APR18RYBAND-RYB,55,2980,54,3951,53,136,52,192,51,85,56,881,57,1815,58,9542,59,5024,61,100,55.5
2026-04-17 09:55:20 PM,KXWTAMATCH-26APR18RYBAND-RYB,55,2980,54,3951,53,136,52,192,51,85,56,881,57,1815,58,6342,59,5024,61,100,55.5
2026-04-17 09:55:20 PM,KXWTAMATCH-26APR18RYBAND-RYB,55,2980,54,3951,53,136,52,192,51,85,56,1550,57,1815,58,6342,59,5024,61,100,55.5
2026-04-17 09:55:20 PM,KXWTAMATCH-26APR18RYBAND-RYB,55,2980,54,3951,53,136,52,192,51,85,56,1550,57,4345,58,6342,59,5024,61,100,55.5
2026-04-17 09:55:20 PM,KXWTAMATCH-26APR18RYBAND-RYB,55,2980,54,3951,53,136,52,192,51,85,56,881,57,4345,58,6342,59,5024,61,100,55.5
2026-04-17 09:55:20 PM,KXWTAMATCH-26APR18RYBAND-RYB,55,2980,54,3951,53,136,52,192,51,85,56,881,57,1815,58,6342,59,5024,61,100,55.5
2026-04-17 09:55:20 PM,KXWTAMATCH-26APR18RYBAND-RYB,55,2980,54,3951,53,136,52,192,51,85,56,881,57,1815,58,9542,59,5024,61,100,55.5
2026-04-17 09:55:21 PM,KXWTAMATCH-26APR18RYBAND-RYB,55,2980,54,3951,53,136,52,192,51,85,56,881,57,1815,58,6342,59,5024,61,100,55.5
2026-04-17 09:55:21 PM,KXWTAMATCH-26APR18RYBAND-RYB,55,2980,54,3951,53,136,52,192,51,85,56,1550,57,1815,58,6342,59,5024,61,100,55.5
2026-04-17 09:55:21 PM,KXWTAMATCH-26APR18RYBAND-RYB,55,2980,54,3951,53,136,52,192,51,85,56,1550,57,4345,58,6342,59,5024,61,100,55.5
2026-04-17 09:55:21 PM,KXWTAMATCH-26APR18RYBAND-RYB,55,2980,54,3951,53,136,52,192,51,85,56,881,57,4345,58,6342,59,5024,61,100,55.5
2026-04-17 09:55:21 PM,KXWTAMATCH-26APR18RYBAND-RYB,55,2980,54,3951,53,136,52,192,51,85,56,881,57,1815,58,6342,59,5024,61,100,55.5
2026-04-17 09:55:21 PM,KXWTAMATCH-26APR18RYBAND-RYB,55,2980,54,3951,53,136,52,192,51,85,56,881,57,1815,58,9542,59,5024,61,100,55.5
2026-04-17 09:55:21 PM,KXWTAMATCH-26APR18RYBAND-RYB,55,2980,54,3951,53,136,52,192,51,85,56,881,57,1815,58,6342,59,5024,61,100,55.5
2026-04-17 09:55:21 PM,KXWTAMATCH-26APR18RYBAND-RYB,55,2980,54,3951,53,136,52,192,51,85,56,1550,57,1815,58,6342,59,5024,61,100,55.5
2026-04-17 09:55:21 PM,KXWTAMATCH-26APR18RYBAND-RYB,55,2980,54,3951,53,136,52,192,51,85,56,1550,57,4345,58,6342,59,5024,61,100,55.5
2026-04-17 09:55:21 PM,KXWTAMATCH-26APR18RYBAND-RYB,55,2980,54,3951,53,136,52,192,51,85,56,881,57,4345,58,6342,59,5024,61,100,55.5
2026-04-17 09:55:22 PM,KXWTAMATCH-26APR18RYBAND-RYB,55,2980,54,3951,53,136,52,192,51,85,56,881,57,1815,58,6342,59,5024,61,100,55.5
2026-04-17 09:55:22 PM,KXWTAMATCH-26APR18RYBAND-RYB,55,2980,54,3951,53,136,52,192,51,85,56,881,57,1815,58,9542,59,5024,61,100,55.5
2026-04-17 09:55:22 PM,KXWTAMATCH-26APR18RYBAND-RYB,55,2980,54,3951,53,136,52,192,51,85,56,881,57,1815,58,6342,59,5024,61,100,55.5
2026-04-17 09:55:22 PM,KXWTAMATCH-26APR18RYBAND-RYB,55,2980,54,3951,53,136,52,192,51,85,56,1550,57,1815,58,6342,59,5024,61,100,55.5
2026-04-17 09:55:22 PM,KXWTAMATCH-26APR18RYBAND-RYB,55,2980,54,3951,53,136,52,192,51,85,56,1550,57,4345,58,6342,59,5024,61,100,55.5
2026-04-17 09:55:22 PM,KXWTAMATCH-26APR18RYBAND-RYB,55,2980,54,3951,53,136,52,192,51,85,56,881,57,4345,58,6342,59,5024,61,100,55.5
2026-04-17 09:55:22 PM,KXWTAMATCH-26APR18RYBAND-RYB,55,2980,54,3951,53,136,52,192,51,85,56,881,57,1815,58,6342,59,5024,61,100,55.5
2026-04-17 09:55:22 PM,KXWTAMATCH-26APR18RYBAND-RYB,55,2980,54,3951,53,136,52,192,51,85,56,881,57,1815,58,9542,59,5024,61,100,55.5
2026-04-17 09:55:22 PM,KXWTAMATCH-26APR18RYBAND-RYB,55,2980,54,3951,53,136,52,192,51,85,56,881,57,1815,58,6342,59,5024,61,100,55.5
2026-04-17 09:55:22 PM,KXWTAMATCH-26APR18RYBAND-RYB,55,2980,54,3951,53,136,52,192,51,85,56,1550,57,1815,58,6342,59,5024,61,100,55.5
2026-04-17 09:55:22 PM,KXWTAMATCH-26APR18RYBAND-RYB,55,2980,54,3951,53,136,52,192,51,85,56,1550,57,4345,58,6342,59,5024,61,100,55.5
2026-04-17 09:55:23 PM,KXWTAMATCH-26APR18RYBAND-RYB,55,2980,54,3951,53,136,52,192,51,85,56,881,57,4345,58,6342,59,5024,61,100,55.5
2026-04-17 09:55:23 PM,KXWTAMATCH-26APR18RYBAND-RYB,55,2980,54,3951,53,136,52,192,51,85,56,881,57,1815,58,6342,59,5024,61,100,55.5
2026-04-17 09:55:23 PM,KXWTAMATCH-26APR18RYBAND-RYB,55,2980,54,3951,53,136,52,192,51,85,56,881,57,1815,58,9542,59,5024,61,100,55.5
2026-04-17 09:55:23 PM,KXWTAMATCH-26APR18RYBAND-RYB,55,2980,54,3951,53,136,52,192,51,85,56,881,57,1815,58,6342,59,5024,61,100,55.5
2026-04-17 09:55:23 PM,KXWTAMATCH-26APR18RYBAND-RYB,55,2980,54,3951,53,136,52,192,51,85,56,1550,57,1815,58,6342,59,5024,61,100,55.5
2026-04-17 09:55:23 PM,KXWTAMATCH-26APR18RYBAND-RYB,55,2980,54,3951,53,136,52,192,51,85,56,1550,57,4345,58,6342,59,5024,61,100,55.5
2026-04-17 09:55:23 PM,KXWTAMATCH-26APR18RYBAND-RYB,55,2980,54,3951,53,136,52,192,51,85,56,881,57,4345,58,6342,59,5024,61,100,55.5
2026-04-17 09:55:23 PM,KXWTAMATCH-26APR18RYBAND-RYB,55,2980,54,3951,53,136,52,192,51,85,56,881,57,1815,58,6342,59,5024,61,100,55.5
2026-04-17 09:55:23 PM,KXWTAMATCH-26APR18RYBAND-RYB,55,2980,54,3951,53,136,52,192,51,85,56,881,57,1815,58,9542,59,5024,61,100,55.5
2026-04-17 09:55:23 PM,KXWTAMATCH-26APR18RYBAND-RYB,55,2980,54,3951,53,136,52,192,51,85,56,881,57,1815,58,6342,59,5024,61,100,55.5
2026-04-17 09:55:24 PM,KXWTAMATCH-26APR18RYBAND-RYB,55,2980,54,3951,53,136,52,192,51,85,56,1550,57,1815,58,6342,59,5024,61,100,55.5
2026-04-17 09:55:24 PM,KXWTAMATCH-26APR18RYBAND-RYB,55,2980,54,3951,53,136,52,192,51,85,56,1550,57,4345,58,6342,59,5024,61,100,55.5
2026-04-17 09:55:24 PM,KXWTAMATCH-26APR18RYBAND-RYB,55,2980,54,3951,53,136,52,192,51,85,56,881,57,4345,58,6342,59,5024,61,100,55.5
2026-04-17 09:55:24 PM,KXWTAMATCH-26APR18RYBAND-RYB,55,2980,54,3951,53,136,52,192,51,85,56,881,57,1815,58,6342,59,5024,61,100,55.5
2026-04-17 09:55:24 PM,KXWTAMATCH-26APR18RYBAND-RYB,55,2980,54,3951,53,136,52,192,51,85,56,881,57,1815,58,9542,59,5024,61,100,55.5
2026-04-17 09:55:24 PM,KXWTAMATCH-26APR18RYBAND-RYB,55,2980,54,3951,53,136,52,192,51,85,56,881,57,1815,58,6342,59,5024,61,100,55.5
2026-04-17 09:55:24 PM,KXWTAMATCH-26APR18RYBAND-RYB,55,2980,54,3951,53,136,52,192,51,85,56,1550,57,1815,58,6342,59,5024,61,100,55.5
2026-04-17 09:55:24 PM,KXWTAMATCH-26APR18RYBAND-RYB,55,2980,54,3951,53,136,52,192,51,85,56,1550,57,4345,58,6342,59,5024,61,100,55.5
2026-04-17 09:55:24 PM,KXWTAMATCH-26APR18RYBAND-RYB,55,2980,54,3951,53,136,52,192,51,85,56,881,57,4345,58,6342,59,5024,61,100,55.5
2026-04-17 09:55:24 PM,KXWTAMATCH-26APR18RYBAND-RYB,55,2980,54,3951,53,136,52,192,51,85,56,881,57,1815,58,6342,59,5024,61,100,55.5
2026-04-17 09:55:24 PM,KXWTAMATCH-26APR18RYBAND-RYB,55,2980,54,3951,53,136,52,192,51,85,56,881,57,1815,58,9542,59,5024,61,100,55.5
2026-04-17 09:55:25 PM,KXWTAMATCH-26APR18RYBAND-RYB,55,2980,54,3951,53,136,52,192,51,85,56,881,57,1815,58,6342,59,5024,61,100,55.5
2026-04-17 09:55:25 PM,KXWTAMATCH-26APR18RYBAND-RYB,55,2980,54,3951,53,136,52,192,51,85,56,1550,57,1815,58,6342,59,5024,61,100,55.5
2026-04-17 09:55:25 PM,KXWTAMATCH-26APR18RYBAND-RYB,55,2980,54,3951,53,136,52,192,51,85,56,1550,57,4345,58,6342,59,5024,61,100,55.5
2026-04-17 09:55:25 PM,KXWTAMATCH-26APR18RYBAND-RYB,55,2980,54,3951,53,136,52,192,51,85,56,881,57,4345,58,6342,59,5024,61,100,55.5
2026-04-17 09:55:25 PM,KXWTAMATCH-26APR18RYBAND-RYB,55,2980,54,3951,53,136,52,192,51,85,56,881,57,1815,58,6342,59,5024,61,100,55.5
2026-04-17 09:55:25 PM,KXWTAMATCH-26APR18RYBAND-RYB,55,2980,54,3951,53,136,52,192,51,85,56,881,57,1815,58,9542,59,5024,61,100,55.5
2026-04-17 09:55:25 PM,KXWTAMATCH-26APR18RYBAND-RYB,55,2980,54,3951,53,136,52,192,51,85,56,881,57,1815,58,6342,59,5024,61,100,55.5
2026-04-17 09:55:25 PM,KXWTAMATCH-26APR18RYBAND-RYB,55,2980,54,3951,53,136,52,192,51,85,56,1550,57,1815,58,6342,59,5024,61,100,55.5
2026-04-17 09:55:25 PM,KXWTAMATCH-26APR18RYBAND-RYB,55,2980,54,3951,53,136,52,192,51,85,56,1550,57,4345,58,6342,59,5024,61,100,55.5
2026-04-17 09:55:25 PM,KXWTAMATCH-26APR18RYBAND-RYB,55,2980,54,3951,53,136,52,192,51,85,56,881,57,4345,58,6342,59,5024,61,100,55.5
2026-04-17 09:55:26 PM,KXWTAMATCH-26APR18RYBAND-RYB,55,2980,54,3951,53,136,52,192,51,85,56,881,57,1815,58,6342,59,5024,61,100,55.5
2026-04-17 09:55:26 PM,KXWTAMATCH-26APR18RYBAND-RYB,55,2980,54,3951,53,136,52,192,51,85,56,881,57,1815,58,9542,59,5024,61,100,55.5
2026-04-17 09:55:26 PM,KXWTAMATCH-26APR18RYBAND-RYB,55,2980,54,3951,53,136,52,192,51,85,56,881,57,1815,58,6342,59,5024,61,100,55.5
2026-04-17 09:55:26 PM,KXWTAMATCH-26APR18RYBAND-RYB,55,2980,54,3951,53,136,52,192,51,85,56,1550,57,1815,58,6342,59,5024,61,100,55.5
2026-04-17 09:55:26 PM,KXWTAMATCH-26APR18RYBAND-RYB,55,2980,54,3951,53,136,52,192,51,85,56,1550,57,4345,58,6342,59,5024,61,100,55.5
2026-04-17 09:55:26 PM,KXWTAMATCH-26APR18RYBAND-RYB,55,2980,54,3951,53,136,52,192,51,85,56,881,57,4345,58,6342,59,5024,61,100,55.5
2026-04-17 09:55:26 PM,KXWTAMATCH-26APR18RYBAND-RYB,55,2980,54,3951,53,136,52,192,51,85,56,881,57,1815,58,6342,59,5024,61,100,55.5
2026-04-17 09:55:26 PM,KXWTAMATCH-26APR18RYBAND-RYB,55,2980,54,3951,53,136,52,192,51,85,56,881,57,1815,58,9542,59,5024,61,100,55.5
2026-04-17 09:55:26 PM,KXWTAMATCH-26APR18RYBAND-RYB,55,2980,54,3951,53,136,52,192,51,85,56,881,57,1815,58,6342,59,5024,61,100,55.5
2026-04-17 09:55:26 PM,KXWTAMATCH-26APR18RYBAND-RYB,55,2980,54,3951,53,136,52,192,51,85,56,1550,57,1815,58,6342,59,5024,61,100,55.5
2026-04-17 09:55:26 PM,KXWTAMATCH-26APR18RYBAND-RYB,55,2980,54,3951,53,136,52,192,51,85,56,1550,57,4345,58,6342,59,5024,61,100,55.5
2026-04-17 09:55:27 PM,KXWTAMATCH-26APR18RYBAND-RYB,55,2980,54,3951,53,136,52,192,51,85,56,881,57,4345,58,6342,59,5024,61,100,55.5
2026-04-17 09:55:27 PM,KXWTAMATCH-26APR18RYBAND-RYB,55,2980,54,3951,53,136,52,192,51,85,56,881,57,1815,58,6342,59,5024,61,100,55.5
2026-04-17 09:55:27 PM,KXWTAMATCH-26APR18RYBAND-RYB,55,2980,54,3951,53,136,52,192,51,85,56,881,57,1815,58,9542,59,5024,61,100,55.5
2026-04-17 09:55:27 PM,KXWTAMATCH-26APR18RYBAND-RYB,55,2980,54,3951,53,136,52,192,51,85,56,881,57,1815,58,6342,59,5024,61,100,55.5
2026-04-17 09:55:27 PM,KXWTAMATCH-26APR18RYBAND-RYB,55,2980,54,3951,53,136,52,192,51,85,56,1550,57,1815,58,6342,59,5024,61,100,55.5
2026-04-17 09:55:27 PM,KXWTAMATCH-26APR18RYBAND-RYB,55,2980,54,3951,53,136,52,192,51,85,56,1550,57,4345,58,6342,59,5024,61,100,55.5
2026-04-17 09:55:27 PM,KXWTAMATCH-26APR18RYBAND-RYB,55,2980,54,3951,53,136,52,192,51,85,56,881,57,4345,58,6342,59,5024,61,100,55.5
2026-04-17 09:55:27 PM,KXWTAMATCH-26APR18RYBAND-RYB,55,2980,54,3951,53,136,52,192,51,85,56,881,57,1815,58,6342,59,5024,61,100,55.5
2026-04-17 09:55:27 PM,KXWTAMATCH-26APR18RYBAND-RYB,55,2980,54,3951,53,136,52,192,51,85,56,881,57,1815,58,9542,59,5024,61,100,55.5
2026-04-17 09:55:27 PM,KXWTAMATCH-26APR18RYBAND-RYB,55,2980,54,3951,53,136,52,192,51,85,56,881,57,1815,58,6342,59,5024,61,100,55.5
2026-04-17 09:55:28 PM,KXWTAMATCH-26APR18RYBAND-RYB,55,2980,54,3951,53,136,52,192,51,85,56,1550,57,1815,58,6342,59,5024,61,100,55.5
2026-04-17 09:55:28 PM,KXWTAMATCH-26APR18RYBAND-RYB,55,2980,54,3951,53,136,52,192,51,85,56,1550,57,4345,58,6342,59,5024,61,100,55.5
2026-04-17 09:55:28 PM,KXWTAMATCH-26APR18RYBAND-RYB,55,2980,54,3951,53,136,52,192,51,85,56,881,57,4345,58,6342,59,5024,61,100,55.5
2026-04-17 09:55:28 PM,KXWTAMATCH-26APR18RYBAND-RYB,55,2980,54,3951,53,136,52,192,51,85,56,881,57,1815,58,6342,59,5024,61,100,55.5
2026-04-17 09:55:28 PM,KXWTAMATCH-26APR18RYBAND-RYB,55,2980,54,3951,53,136,52,192,51,85,56,881,57,1815,58,9542,59,5024,61,100,55.5
2026-04-17 09:55:28 PM,KXWTAMATCH-26APR18RYBAND-RYB,55,2980,54,3951,53,136,52,192,51,85,56,881,57,1815,58,6342,59,5024,61,100,55.5
2026-04-17 09:55:28 PM,KXWTAMATCH-26APR18RYBAND-RYB,55,2980,54,3951,53,136,52,192,51,85,56,1550,57,1815,58,6342,59,5024,61,100,55.5
2026-04-17 09:55:28 PM,KXWTAMATCH-26APR18RYBAND-RYB,55,2980,54,3951,53,136,52,192,51,85,56,1550,57,4345,58,6342,59,5024,61,100,55.5
2026-04-17 09:55:28 PM,KXWTAMATCH-26APR18RYBAND-RYB,55,2980,54,3951,53,136,52,192,51,85,56,881,57,4345,58,6342,59,5024,61,100,55.5
2026-04-17 09:55:28 PM,KXWTAMATCH-26APR18RYBAND-RYB,55,2980,54,3951,53,136,52,192,51,85,56,881,57,1815,58,6342,59,5024,61,100,55.5
2026-04-17 09:55:28 PM,KXWTAMATCH-26APR18RYBAND-RYB,55,2980,54,3951,53,136,52,192,51,85,56,881,57,1815,58,9542,59,5024,61,100,55.5
2026-04-17 09:55:29 PM,KXWTAMATCH-26APR18RYBAND-RYB,55,2980,54,3951,53,136,52,192,51,85,56,881,57,1815,58,6342,59,5024,61,100,55.5
2026-04-17 09:55:29 PM,KXWTAMATCH-26APR18RYBAND-RYB,55,2980,54,3951,53,136,52,192,51,85,56,1550,57,1815,58,6342,59,5024,61,100,55.5
2026-04-17 09:55:29 PM,KXWTAMATCH-26APR18RYBAND-RYB,55,2980,54,3951,53,136,52,192,51,85,56,1550,57,4345,58,6342,59,5024,61,100,55.5
2026-04-17 09:55:29 PM,KXWTAMATCH-26APR18RYBAND-RYB,55,2980,54,3951,53,136,52,192,51,85,56,881,57,4345,58,6342,59,5024,61,100,55.5
2026-04-17 09:55:29 PM,KXWTAMATCH-26APR18RYBAND-RYB,55,2980,54,3951,53,136,52,192,51,85,56,881,57,1815,58,6342,59,5024,61,100,55.5
2026-04-17 09:55:29 PM,KXWTAMATCH-26APR18RYBAND-RYB,55,2980,54,3951,53,136,52,192,51,85,56,881,57,1815,58,9542,59,5024,61,100,55.5
2026-04-17 09:55:29 PM,KXWTAMATCH-26APR18RYBAND-RYB,55,2980,54,3951,53,136,52,192,51,85,56,881,57,1815,58,6342,59,5024,61,100,55.5
2026-04-17 09:55:29 PM,KXWTAMATCH-26APR18RYBAND-RYB,55,2980,54,3951,53,136,52,192,51,85,56,1550,57,1815,58,6342,59,5024,61,100,55.5
2026-04-17 09:55:29 PM,KXWTAMATCH-26APR18RYBAND-RYB,55,2980,54,3951,53,136,52,192,51,85,56,1550,57,4345,58,6342,59,5024,61,100,55.5
2026-04-17 09:55:29 PM,KXWTAMATCH-26APR18RYBAND-RYB,55,2980,54,3951,53,136,52,192,51,85,56,881,57,4345,58,6342,59,5024,61,100,55.5
2026-04-17 09:55:30 PM,KXWTAMATCH-26APR18RYBAND-RYB,55,2980,54,3951,53,136,52,192,51,85,56,881,57,1815,58,6342,59,5024,61,100,55.5
2026-04-17 09:55:30 PM,KXWTAMATCH-26APR18RYBAND-RYB,55,2980,54,3951,53,136,52,192,51,85,56,881,57,1815,58,9542,59,5024,61,100,55.5
2026-04-17 09:55:30 PM,KXWTAMATCH-26APR18RYBAND-RYB,55,2980,54,3951,53,136,52,192,51,85,56,881,57,1815,58,6342,59,5024,61,100,55.5
2026-04-17 09:55:30 PM,KXWTAMATCH-26APR18RYBAND-RYB,55,2980,54,3951,53,136,52,192,51,85,56,1550,57,1815,58,6342,59,5024,61,100,55.5
2026-04-17 09:55:30 PM,KXWTAMATCH-26APR18RYBAND-RYB,55,2980,54,3951,53,136,52,192,51,85,56,1550,57,4345,58,6342,59,5024,61,100,55.5
2026-04-17 09:55:30 PM,KXWTAMATCH-26APR18RYBAND-RYB,55,2980,54,3951,53,136,52,192,51,85,56,881,57,4345,58,6342,59,5024,61,100,55.5
2026-04-17 09:55:30 PM,KXWTAMATCH-26APR18RYBAND-RYB,55,2980,54,3951,53,136,52,192,51,85,56,881,57,1815,58,6342,59,5024,61,100,55.5
2026-04-17 09:55:30 PM,KXWTAMATCH-26APR18RYBAND-RYB,55,2980,54,3951,53,136,52,192,51,85,56,881,57,1815,58,9542,59,5024,61,100,55.5
2026-04-17 09:55:30 PM,KXWTAMATCH-26APR18RYBAND-RYB,55,2980,54,3951,53,136,52,192,51,85,56,881,57,1815,58,6342,59,5024,61,100,55.5
2026-04-17 09:55:30 PM,KXWTAMATCH-26APR18RYBAND-RYB,55,2980,54,3951,53,136,52,192,51,85,56,1550,57,1815,58,6342,59,5024,61,100,55.5
2026-04-17 09:55:30 PM,KXWTAMATCH-26APR18RYBAND-RYB,55,2980,54,3951,53,136,52,192,51,85,56,1550,57,4345,58,6342,59,5024,61,100,55.5
2026-04-17 09:55:31 PM,KXWTAMATCH-26APR18RYBAND-RYB,55,2980,54,3951,53,136,52,192,51,85,56,881,57,4345,58,6342,59,5024,61,100,55.5
2026-04-17 09:55:31 PM,KXWTAMATCH-26APR18RYBAND-RYB,55,2980,54,3951,53,136,52,192,51,85,56,881,57,1815,58,6342,59,5024,61,100,55.5
2026-04-17 09:55:31 PM,KXWTAMATCH-26APR18RYBAND-RYB,55,2980,54,3951,53,136,52,192,51,85,56,881,57,1815,58,9542,59,5024,61,100,55.5
2026-04-17 09:55:31 PM,KXWTAMATCH-26APR18RYBAND-RYB,55,2980,54,3951,53,136,52,192,51,85,56,881,57,1815,58,6342,59,5024,61,100,55.5
2026-04-17 09:55:31 PM,KXWTAMATCH-26APR18RYBAND-RYB,55,2980,54,3951,53,136,52,192,51,85,56,1550,57,1815,58,6342,59,5024,61,100,55.5
2026-04-17 09:55:31 PM,KXWTAMATCH-26APR18RYBAND-RYB,55,2980,54,3951,53,136,52,192,51,85,56,1550,57,4345,58,6342,59,5024,61,100,55.5
2026-04-17 09:55:31 PM,KXWTAMATCH-26APR18RYBAND-RYB,55,2980,54,3951,53,136,52,192,51,85,56,881,57,4345,58,6342,59,5024,61,100,55.5
2026-04-17 09:55:31 PM,KXWTAMATCH-26APR18RYBAND-RYB,55,2980,54,3951,53,136,52,192,51,85,56,881,57,1815,58,6342,59,5024,61,100,55.5
2026-04-17 09:55:31 PM,KXWTAMATCH-26APR18RYBAND-RYB,55,2980,54,3951,53,136,52,192,51,85,56,881,57,1815,58,9542,59,5024,61,100,55.5
2026-04-17 09:55:32 PM,KXWTAMATCH-26APR18RYBAND-RYB,55,2980,54,3951,53,136,52,192,51,85,56,881,57,1815,58,6342,59,5024,61,100,55.5
2026-04-17 09:55:32 PM,KXWTAMATCH-26APR18RYBAND-RYB,55,2980,54,3951,53,136,52,192,51,85,56,1550,57,1815,58,6342,59,5024,61,100,55.5
2026-04-17 09:55:32 PM,KXWTAMATCH-26APR18RYBAND-RYB,55,2980,54,3951,53,136,52,192,51,85,56,1550,57,4345,58,6342,59,5024,61,100,55.5
2026-04-17 09:55:32 PM,KXWTAMATCH-26APR18RYBAND-RYB,55,2980,54,3951,53,136,52,192,51,85,56,881,57,4345,58,6342,59,5024,61,100,55.5
2026-04-17 09:55:32 PM,KXWTAMATCH-26APR18RYBAND-RYB,55,2980,54,3951,53,136,52,192,51,85,56,881,57,1815,58,6342,59,5024,61,100,55.5
2026-04-17 09:55:32 PM,KXWTAMATCH-26APR18RYBAND-RYB,55,2980,54,3951,53,136,52,192,51,85,56,881,57,1815,58,9542,59,5024,61,100,55.5
2026-04-17 09:55:32 PM,KXWTAMATCH-26APR18RYBAND-RYB,55,2980,54,3951,53,136,52,192,51,85,56,881,57,1815,58,6342,59,5024,61,100,55.5
2026-04-17 09:55:32 PM,KXWTAMATCH-26APR18RYBAND-RYB,55,2980,54,3951,53,136,52,192,51,85,56,1550,57,1815,58,6342,59,5024,61,100,55.5
2026-04-17 09:55:32 PM,KXWTAMATCH-26APR18RYBAND-RYB,55,2980,54,3951,53,136,52,192,51,85,56,1550,57,4345,58,6342,59,5024,61,100,55.5
2026-04-17 09:55:32 PM,KXWTAMATCH-26APR18RYBAND-RYB,55,2980,54,3951,53,136,52,192,51,85,56,881,57,4345,58,6342,59,5024,61,100,55.5
2026-04-17 09:55:32 PM,KXWTAMATCH-26APR18RYBAND-RYB,55,2980,54,3951,53,136,52,192,51,85,56,881,57,1815,58,6342,59,5024,61,100,55.5
2026-04-17 09:55:33 PM,KXWTAMATCH-26APR18RYBAND-RYB,55,2980,54,3951,53,136,52,192,51,85,56,881,57,1815,58,9542,59,5024,61,100,55.5
2026-04-17 09:55:33 PM,KXWTAMATCH-26APR18RYBAND-RYB,55,2980,54,3951,53,136,52,192,51,85,56,881,57,1815,58,6342,59,5024,61,100,55.5
2026-04-17 09:55:33 PM,KXWTAMATCH-26APR18RYBAND-RYB,55,2980,54,3951,53,136,52,192,51,85,56,1550,57,1815,58,6342,59,5024,61,100,55.5
2026-04-17 09:55:33 PM,KXWTAMATCH-26APR18RYBAND-RYB,55,2980,54,3951,53,136,52,192,51,85,56,1550,57,4345,58,6342,59,5024,61,100,55.5
2026-04-17 09:55:33 PM,KXWTAMATCH-26APR18RYBAND-RYB,55,2980,54,3951,53,136,52,192,51,85,56,881,57,4345,58,6342,59,5024,61,100,55.5
2026-04-17 09:55:33 PM,KXWTAMATCH-26APR18RYBAND-RYB,55,2980,54,3951,53,136,52,192,51,85,56,881,57,1815,58,6342,59,5024,61,100,55.5
2026-04-17 09:55:33 PM,KXWTAMATCH-26APR18RYBAND-RYB,55,2980,54,3951,53,136,52,192,51,85,56,881,57,1815,58,9542,59,5024,61,100,55.5
2026-04-17 09:55:33 PM,KXWTAMATCH-26APR18RYBAND-RYB,55,2980,54,3951,53,136,52,192,51,85,56,881,57,1815,58,6342,59,5024,61,100,55.5
2026-04-17 09:55:33 PM,KXWTAMATCH-26APR18RYBAND-RYB,55,2980,54,3951,53,136,52,192,51,85,56,1550,57,1815,58,6342,59,5024,61,100,55.5
2026-04-17 09:55:33 PM,KXWTAMATCH-26APR18RYBAND-RYB,55,2980,54,3951,53,136,52,192,51,85,56,1550,57,4345,58,6342,59,5024,61,100,55.5
2026-04-17 09:55:34 PM,KXWTAMATCH-26APR18RYBAND-RYB,55,2980,54,3951,53,136,52,192,51,85,56,881,57,4345,58,6342,59,5024,61,100,55.5
2026-04-17 09:55:34 PM,KXWTAMATCH-26APR18RYBAND-RYB,55,2980,54,3951,53,136,52,192,51,85,56,881,57,1815,58,6342,59,5024,61,100,55.5
2026-04-17 09:55:34 PM,KXWTAMATCH-26APR18RYBAND-RYB,55,2980,54,3951,53,136,52,192,51,85,56,881,57,1815,58,9542,59,5024,61,100,55.5
2026-04-17 09:55:34 PM,KXWTAMATCH-26APR18RYBAND-RYB,55,2980,54,3951,53,136,52,192,51,85,56,881,57,1815,58,6342,59,5024,61,100,55.5
2026-04-17 09:55:34 PM,KXWTAMATCH-26APR18RYBAND-RYB,55,2980,54,3951,53,136,52,192,51,85,56,1550,57,1815,58,6342,59,5024,61,100,55.5
2026-04-17 09:55:34 PM,KXWTAMATCH-26APR18RYBAND-RYB,55,2980,54,3951,53,136,52,192,51,85,56,1550,57,4345,58,6342,59,5024,61,100,55.5
2026-04-17 09:55:34 PM,KXWTAMATCH-26APR18RYBAND-RYB,55,2980,54,3951,53,136,52,192,51,85,56,881,57,4345,58,6342,59,5024,61,100,55.5
2026-04-17 09:55:34 PM,KXWTAMATCH-26APR18RYBAND-RYB,55,2980,54,3951,53,136,52,192,51,85,56,881,57,1815,58,6342,59,5024,61,100,55.5
2026-04-17 09:55:34 PM,KXWTAMATCH-26APR18RYBAND-RYB,55,2980,54,3951,53,136,52,192,51,85,56,881,57,1815,58,9542,59,5024,61,100,55.5
2026-04-17 09:55:34 PM,KXWTAMATCH-26APR18RYBAND-RYB,55,2980,54,3951,53,136,52,192,51,85,56,881,57,1815,58,6342,59,5024,61,100,55.5
2026-04-17 09:55:35 PM,KXWTAMATCH-26APR18RYBAND-RYB,55,2980,54,3951,53,136,52,192,51,85,56,1550,57,1815,58,6342,59,5024,61,100,55.5
2026-04-17 09:55:35 PM,KXWTAMATCH-26APR18RYBAND-RYB,55,2980,54,3951,53,136,52,192,51,85,56,1550,57,4345,58,6342,59,5024,61,100,55.5
2026-04-17 09:55:35 PM,KXWTAMATCH-26APR18RYBAND-RYB,55,2980,54,3951,53,136,52,192,51,85,56,881,57,4345,58,6342,59,5024,61,100,55.5
2026-04-17 09:55:35 PM,KXWTAMATCH-26APR18RYBAND-RYB,55,2980,54,3951,53,136,52,192,51,85,56,881,57,1815,58,6342,59,5024,61,100,55.5
2026-04-17 09:55:35 PM,KXWTAMATCH-26APR18RYBAND-RYB,55,2980,54,3951,53,136,52,192,51,85,56,881,57,1815,58,9542,59,5024,61,100,55.5
2026-04-17 09:55:35 PM,KXWTAMATCH-26APR18RYBAND-RYB,55,2980,54,3951,53,136,52,192,51,85,56,881,57,1815,58,6342,59,5024,61,100,55.5
2026-04-17 09:55:35 PM,KXWTAMATCH-26APR18RYBAND-RYB,55,2980,54,3951,53,136,52,192,51,85,56,1550,57,1815,58,6342,59,5024,61,100,55.5
2026-04-17 09:55:35 PM,KXWTAMATCH-26APR18RYBAND-RYB,55,2980,54,3951,53,136,52,192,51,85,56,1550,57,4345,58,6342,59,5024,61,100,55.5
2026-04-17 09:55:35 PM,KXWTAMATCH-26APR18RYBAND-RYB,55,2980,54,3951,53,136,52,192,51,85,56,881,57,4345,58,6342,59,5024,61,100,55.5
2026-04-17 09:55:37 PM,KXWTAMATCH-26APR18RYBAND-RYB,55,2980,54,3951,53,136,52,192,51,85,56,881,57,1815,58,6342,59,5024,61,100,55.5
2026-04-17 09:55:37 PM,KXWTAMATCH-26APR18RYBAND-RYB,55,2980,54,3951,53,136,52,192,51,85,56,881,57,1815,58,9542,59,5024,61,100,55.5
2026-04-17 09:55:37 PM,KXWTAMATCH-26APR18RYBAND-RYB,55,2980,54,3951,53,136,52,192,51,85,56,881,57,1815,58,6342,59,5024,61,100,55.5
2026-04-17 09:55:37 PM,KXWTAMATCH-26APR18RYBAND-RYB,55,2980,54,3951,53,136,52,192,51,85,56,1550,57,1815,58,6342,59,5024,61,100,55.5
2026-04-17 09:55:37 PM,KXWTAMATCH-26APR18RYBAND-RYB,55,2980,54,3951,53,136,52,192,51,85,56,1550,57,4345,58,6342,59,5024,61,100,55.5
2026-04-17 09:55:37 PM,KXWTAMATCH-26APR18RYBAND-RYB,55,2980,54,3951,53,136,52,192,51,85,56,881,57,4345,58,6342,59,5024,61,100,55.5
2026-04-17 09:55:37 PM,KXWTAMATCH-26APR18RYBAND-RYB,55,2980,54,3951,53,136,52,192,51,85,56,881,57,1815,58,6342,59,5024,61,100,55.5
2026-04-17 09:55:37 PM,KXWTAMATCH-26APR18RYBAND-RYB,55,2980,54,3951,53,136,52,192,51,85,56,881,57,1815,58,9542,59,5024,61,100,55.5
2026-04-17 09:55:37 PM,KXWTAMATCH-26APR18RYBAND-RYB,55,2980,54,3951,53,136,52,192,51,85,56,881,57,1815,58,6342,59,5024,61,100,55.5
2026-04-17 09:55:37 PM,KXWTAMATCH-26APR18RYBAND-RYB,55,2980,54,3951,53,136,52,192,51,85,56,1550,57,1815,58,6342,59,5024,61,100,55.5
2026-04-17 09:55:38 PM,KXWTAMATCH-26APR18RYBAND-RYB,55,2980,54,3951,53,136,52,192,51,85,56,1550,57,4345,58,6342,59,5024,61,100,55.5
2026-04-17 09:55:38 PM,KXWTAMATCH-26APR18RYBAND-RYB,55,2980,54,3951,53,136,52,192,51,85,56,881,57,4345,58,6342,59,5024,61,100,55.5
2026-04-17 09:55:38 PM,KXWTAMATCH-26APR18RYBAND-RYB,55,2980,54,3951,53,136,52,192,51,85,56,881,57,1815,58,6342,59,5024,61,100,55.5
2026-04-17 09:55:38 PM,KXWTAMATCH-26APR18RYBAND-RYB,55,2980,54,3951,53,136,52,192,51,85,56,881,57,1815,58,9542,59,5024,61,100,55.5
2026-04-17 09:55:38 PM,KXWTAMATCH-26APR18RYBAND-RYB,55,2980,54,3951,53,136,52,192,51,85,56,881,57,1815,58,6342,59,5024,61,100,55.5
2026-04-17 09:55:38 PM,KXWTAMATCH-26APR18RYBAND-RYB,55,2980,54,3951,53,136,52,192,51,85,56,1550,57,1815,58,6342,59,5024,61,100,55.5
2026-04-17 09:55:38 PM,KXWTAMATCH-26APR18RYBAND-RYB,55,2980,54,3951,53,136,52,192,51,85,56,1550,57,4345,58,6342,59,5024,61,100,55.5
2026-04-17 09:55:38 PM,KXWTAMATCH-26APR18RYBAND-RYB,55,2980,54,3951,53,136,52,192,51,85,56,881,57,4345,58,6342,59,5024,61,100,55.5
2026-04-17 09:55:38 PM,KXWTAMATCH-26APR18RYBAND-RYB,55,2980,54,3951,53,136,52,192,51,85,56,881,57,1815,58,6342,59,5024,61,100,55.5
2026-04-17 09:55:38 PM,KXWTAMATCH-26APR18RYBAND-RYB,55,2980,54,3951,53,136,52,192,51,85,56,881,57,1815,58,9542,59,5024,61,100,55.5
2026-04-17 09:55:39 PM,KXWTAMATCH-26APR18RYBAND-RYB,55,2980,54,3951,53,136,52,192,51,85,56,881,57,1815,58,6342,59,5024,61,100,55.5
2026-04-17 09:55:39 PM,KXWTAMATCH-26APR18RYBAND-RYB,55,2980,54,3951,53,136,52,192,51,85,56,1550,57,1815,58,6342,59,5024,61,100,55.5
2026-04-17 09:55:39 PM,KXWTAMATCH-26APR18RYBAND-RYB,55,2980,54,3951,53,136,52,192,51,85,56,1550,57,4345,58,6342,59,5024,61,100,55.5
2026-04-17 09:55:39 PM,KXWTAMATCH-26APR18RYBAND-RYB,55,2980,54,3951,53,136,52,192,51,85,56,881,57,4345,58,6342,59,5024,61,100,55.5
2026-04-17 09:55:39 PM,KXWTAMATCH-26APR18RYBAND-RYB,55,2980,54,3951,53,136,52,192,51,85,56,881,57,1815,58,6342,59,5024,61,100,55.5
2026-04-17 09:55:39 PM,KXWTAMATCH-26APR18RYBAND-RYB,55,2980,54,3951,53,136,52,192,51,85,56,881,57,1815,58,9542,59,5024,61,100,55.5
2026-04-17 09:55:39 PM,KXWTAMATCH-26APR18RYBAND-RYB,55,2980,54,3951,53,136,52,192,51,85,56,881,57,1815,58,6342,59,5024,61,100,55.5
2026-04-17 09:55:39 PM,KXWTAMATCH-26APR18RYBAND-RYB,55,2980,54,3951,53,136,52,192,51,85,56,1550,57,1815,58,6342,59,5024,61,100,55.5
2026-04-17 09:55:39 PM,KXWTAMATCH-26APR18RYBAND-RYB,55,2980,54,3951,53,136,52,192,51,85,56,1550,57,4345,58,6342,59,5024,61,100,55.5
2026-04-17 09:55:39 PM,KXWTAMATCH-26APR18RYBAND-RYB,55,2980,54,3951,53,136,52,192,51,85,56,881,57,4345,58,6342,59,5024,61,100,55.5
2026-04-17 09:55:40 PM,KXWTAMATCH-26APR18RYBAND-RYB,55,2980,54,3951,53,136,52,192,51,85,56,881,57,1815,58,6342,59,5024,61,100,55.5
2026-04-17 09:55:40 PM,KXWTAMATCH-26APR18RYBAND-RYB,55,2980,54,3951,53,136,52,192,51,85,56,881,57,1815,58,9542,59,5024,61,100,55.5
2026-04-17 09:55:40 PM,KXWTAMATCH-26APR18RYBAND-RYB,55,2980,54,3951,53,136,52,192,51,85,56,881,57,1815,58,6342,59,5024,61,100,55.5
2026-04-17 09:55:40 PM,KXWTAMATCH-26APR18RYBAND-RYB,55,2980,54,3951,53,136,52,192,51,85,56,1550,57,1815,58,6342,59,5024,61,100,55.5
2026-04-17 09:55:40 PM,KXWTAMATCH-26APR18RYBAND-RYB,55,2980,54,3951,53,136,52,192,51,85,56,1550,57,4345,58,6342,59,5024,61,100,55.5
2026-04-17 09:55:40 PM,KXWTAMATCH-26APR18RYBAND-RYB,55,2980,54,3951,53,136,52,192,51,85,56,881,57,4345,58,6342,59,5024,61,100,55.5
2026-04-17 09:55:40 PM,KXWTAMATCH-26APR18RYBAND-RYB,55,2980,54,3951,53,136,52,192,51,85,56,881,57,1815,58,6342,59,5024,61,100,55.5
2026-04-17 09:55:40 PM,KXWTAMATCH-26APR18RYBAND-RYB,55,2980,54,3951,53,136,52,192,51,85,56,881,57,1815,58,9542,59,5024,61,100,55.5
2026-04-17 09:55:40 PM,KXWTAMATCH-26APR18RYBAND-RYB,55,2980,54,3951,53,136,52,192,51,85,56,881,57,1815,58,6342,59,5024,61,100,55.5
2026-04-17 09:55:40 PM,KXWTAMATCH-26APR18RYBAND-RYB,55,2980,54,3951,53,136,52,192,51,85,56,1550,57,1815,58,6342,59,5024,61,100,55.5
2026-04-17 09:55:40 PM,KXWTAMATCH-26APR18RYBAND-RYB,55,2980,54,3951,53,136,52,192,51,85,56,1550,57,4345,58,6342,59,5024,61,100,55.5
2026-04-17 09:55:41 PM,KXWTAMATCH-26APR18RYBAND-RYB,55,2980,54,3951,53,136,52,192,51,85,56,881,57,4345,58,6342,59,5024,61,100,55.5
2026-04-17 09:55:41 PM,KXWTAMATCH-26APR18RYBAND-RYB,55,2980,54,3951,53,136,52,192,51,85,56,881,57,1815,58,6342,59,5024,61,100,55.5
2026-04-17 09:55:41 PM,KXWTAMATCH-26APR18RYBAND-RYB,55,2980,54,3951,53,136,52,192,51,85,56,881,57,1815,58,9542,59,5024,61,100,55.5
2026-04-17 09:55:41 PM,KXWTAMATCH-26APR18RYBAND-RYB,55,2980,54,3951,53,136,52,192,51,85,56,881,57,1815,58,6342,59,5024,61,100,55.5
2026-04-17 09:55:41 PM,KXWTAMATCH-26APR18RYBAND-RYB,55,2980,54,3951,53,136,52,192,51,85,56,1550,57,1815,58,6342,59,5024,61,100,55.5
2026-04-17 09:55:41 PM,KXWTAMATCH-26APR18RYBAND-RYB,55,2980,54,3951,53,136,52,192,51,85,56,1550,57,4345,58,6342,59,5024,61,100,55.5
2026-04-17 09:55:41 PM,KXWTAMATCH-26APR18RYBAND-RYB,55,2980,54,3951,53,136,52,192,51,85,56,881,57,4345,58,6342,59,5024,61,100,55.5
2026-04-17 09:55:41 PM,KXWTAMATCH-26APR18RYBAND-RYB,55,2980,54,3951,53,136,52,192,51,85,56,881,57,1815,58,6342,59,5024,61,100,55.5
2026-04-17 09:55:41 PM,KXWTAMATCH-26APR18RYBAND-RYB,55,2980,54,3951,53,136,52,192,51,85,56,881,57,1815,58,9542,59,5024,61,100,55.5
2026-04-17 09:55:41 PM,KXWTAMATCH-26APR18RYBAND-RYB,55,2980,54,3951,53,136,52,192,51,85,56,881,57,1815,58,6342,59,5024,61,100,55.5
2026-04-17 09:55:42 PM,KXWTAMATCH-26APR18RYBAND-RYB,55,2980,54,3951,53,136,52,192,51,85,56,1550,57,1815,58,6342,59,5024,61,100,55.5
2026-04-17 09:55:42 PM,KXWTAMATCH-26APR18RYBAND-RYB,55,2980,54,3951,53,136,52,192,51,85,56,1550,57,4345,58,6342,59,5024,61,100,55.5
2026-04-17 09:55:42 PM,KXWTAMATCH-26APR18RYBAND-RYB,55,2980,54,3951,53,136,52,192,51,85,56,881,57,4345,58,6342,59,5024,61,100,55.5
2026-04-17 09:55:42 PM,KXWTAMATCH-26APR18RYBAND-RYB,55,2980,54,3951,53,136,52,192,51,85,56,881,57,1815,58,6342,59,5024,61,100,55.5
2026-04-17 09:55:42 PM,KXWTAMATCH-26APR18RYBAND-RYB,55,2980,54,3951,53,136,52,192,51,85,56,881,57,1815,58,9542,59,5024,61,100,55.5
2026-04-17 09:55:42 PM,KXWTAMATCH-26APR18RYBAND-RYB,55,2980,54,3951,53,136,52,192,51,85,56,881,57,1815,58,6342,59,5024,61,100,55.5
2026-04-17 09:55:42 PM,KXWTAMATCH-26APR18RYBAND-RYB,55,2980,54,3951,53,136,52,192,51,85,56,1550,57,1815,58,6342,59,5024,61,100,55.5
2026-04-17 09:55:42 PM,KXWTAMATCH-26APR18RYBAND-RYB,55,2980,54,3951,53,136,52,192,51,85,56,1550,57,4345,58,6342,59,5024,61,100,55.5
2026-04-17 09:55:42 PM,KXWTAMATCH-26APR18RYBAND-RYB,55,2980,54,3951,53,136,52,192,51,85,56,881,57,4345,58,6342,59,5024,61,100,55.5
2026-04-17 09:55:42 PM,KXWTAMATCH-26APR18RYBAND-RYB,55,2980,54,3951,53,136,52,192,51,85,56,881,57,1815,58,6342,59,5024,61,100,55.5
2026-04-17 09:55:42 PM,KXWTAMATCH-26APR18RYBAND-RYB,55,2980,54,3951,53,136,52,192,51,85,56,881,57,1815,58,9542,59,5024,61,100,55.5
2026-04-17 09:55:43 PM,KXWTAMATCH-26APR18RYBAND-RYB,55,2980,54,3951,53,136,52,192,51,85,56,881,57,1815,58,6342,59,5024,61,100,55.5
2026-04-17 09:55:43 PM,KXWTAMATCH-26APR18RYBAND-RYB,55,2980,54,3951,53,136,52,192,51,85,56,1550,57,1815,58,6342,59,5024,61,100,55.5
2026-04-17 09:55:43 PM,KXWTAMATCH-26APR18RYBAND-RYB,55,2980,54,3951,53,136,52,192,51,85,56,1550,57,4345,58,6342,59,5024,61,100,55.5
2026-04-17 09:55:43 PM,KXWTAMATCH-26APR18RYBAND-RYB,55,2980,54,3951,53,136,52,192,51,85,56,881,57,4345,58,6342,59,5024,61,100,55.5
2026-04-17 09:55:43 PM,KXWTAMATCH-26APR18RYBAND-RYB,55,2980,54,3951,53,136,52,192,51,85,56,881,57,1815,58,6342,59,5024,61,100,55.5
2026-04-17 09:55:43 PM,KXWTAMATCH-26APR18RYBAND-RYB,55,2980,54,3951,53,136,52,192,51,85,56,881,57,1815,58,9542,59,5024,61,100,55.5
2026-04-17 09:55:43 PM,KXWTAMATCH-26APR18RYBAND-RYB,55,2980,54,3951,53,136,52,192,51,85,56,881,57,1815,58,6342,59,5024,61,100,55.5
2026-04-17 09:55:43 PM,KXWTAMATCH-26APR18RYBAND-RYB,55,2980,54,3951,53,136,52,192,51,85,56,1550,57,1815,58,6342,59,5024,61,100,55.5
2026-04-17 09:55:43 PM,KXWTAMATCH-26APR18RYBAND-RYB,55,2980,54,3951,53,136,52,192,51,85,56,1550,57,4345,58,6342,59,5024,61,100,55.5
2026-04-17 09:55:44 PM,KXWTAMATCH-26APR18RYBAND-RYB,55,2980,54,3951,53,136,52,192,51,85,56,881,57,4345,58,6342,59,5024,61,100,55.5
2026-04-17 09:55:44 PM,KXWTAMATCH-26APR18RYBAND-RYB,55,2980,54,3951,53,136,52,192,51,85,56,881,57,1815,58,6342,59,5024,61,100,55.5
2026-04-17 09:55:44 PM,KXWTAMATCH-26APR18RYBAND-RYB,55,2980,54,3951,53,136,52,192,51,85,56,881,57,1815,58,9542,59,5024,61,100,55.5
2026-04-17 09:55:44 PM,KXWTAMATCH-26APR18RYBAND-RYB,55,2980,54,3951,53,136,52,192,51,85,56,881,57,1815,58,6342,59,5024,61,100,55.5
2026-04-17 09:55:44 PM,KXWTAMATCH-26APR18RYBAND-RYB,55,2980,54,3951,53,136,52,192,51,85,56,1550,57,1815,58,6342,59,5024,61,100,55.5
2026-04-17 09:55:44 PM,KXWTAMATCH-26APR18RYBAND-RYB,55,2980,54,3951,53,136,52,192,51,85,56,1550,57,4345,58,6342,59,5024,61,100,55.5
2026-04-17 09:55:44 PM,KXWTAMATCH-26APR18RYBAND-RYB,55,2980,54,3951,53,136,52,192,51,85,56,881,57,4345,58,6342,59,5024,61,100,55.5
2026-04-17 09:55:44 PM,KXWTAMATCH-26APR18RYBAND-RYB,55,2980,54,3951,53,136,52,192,51,85,56,881,57,1815,58,6342,59,5024,61,100,55.5
2026-04-17 09:55:44 PM,KXWTAMATCH-26APR18RYBAND-RYB,55,2980,54,3951,53,136,52,192,51,85,56,881,57,1815,58,9542,59,5024,61,100,55.5
2026-04-17 09:55:44 PM,KXWTAMATCH-26APR18RYBAND-RYB,55,2980,54,3951,53,136,52,192,51,85,56,881,57,1815,58,6342,59,5024,61,100,55.5
2026-04-17 09:55:44 PM,KXWTAMATCH-26APR18RYBAND-RYB,55,2980,54,3951,53,136,52,192,51,85,56,1550,57,1815,58,6342,59,5024,61,100,55.5
2026-04-17 09:55:44 PM,KXWTAMATCH-26APR18RYBAND-RYB,55,2980,54,3951,53,136,52,192,51,85,56,1550,57,4345,58,6342,59,5024,61,100,55.5
2026-04-17 09:55:45 PM,KXWTAMATCH-26APR18RYBAND-RYB,55,2980,54,3951,53,136,52,192,51,85,56,881,57,4345,58,6342,59,5024,61,100,55.5
2026-04-17 09:55:45 PM,KXWTAMATCH-26APR18RYBAND-RYB,55,2980,54,3951,53,136,52,192,51,85,56,881,57,1815,58,6342,59,5024,61,100,55.5
2026-04-17 09:55:45 PM,KXWTAMATCH-26APR18RYBAND-RYB,55,2980,54,3951,53,136,52,192,51,85,56,881,57,1815,58,9542,59,5024,61,100,55.5
2026-04-17 09:55:45 PM,KXWTAMATCH-26APR18RYBAND-RYB,55,2980,54,3951,53,136,52,192,51,85,56,881,57,1815,58,6342,59,5024,61,100,55.5
2026-04-17 09:55:45 PM,KXWTAMATCH-26APR18RYBAND-RYB,55,2980,54,3951,53,136,52,192,51,85,56,1550,57,1815,58,6342,59,5024,61,100,55.5
2026-04-17 09:55:45 PM,KXWTAMATCH-26APR18RYBAND-RYB,55,2980,54,3951,53,136,52,192,51,85,56,1550,57,4345,58,6342,59,5024,61,100,55.5
2026-04-17 09:55:45 PM,KXWTAMATCH-26APR18RYBAND-RYB,55,2980,54,3951,53,136,52,192,51,85,56,881,57,4345,58,6342,59,5024,61,100,55.5
2026-04-17 09:55:45 PM,KXWTAMATCH-26APR18RYBAND-RYB,55,2980,54,3951,53,136,52,192,51,85,56,881,57,1815,58,6342,59,5024,61,100,55.5
2026-04-17 09:55:45 PM,KXWTAMATCH-26APR18RYBAND-RYB,55,2980,54,3951,53,136,52,192,51,85,56,881,57,1815,58,9542,59,5024,61,100,55.5
2026-04-17 09:55:46 PM,KXWTAMATCH-26APR18RYBAND-RYB,55,2980,54,3951,53,136,52,192,51,85,56,881,57,1815,58,6342,59,5024,61,100,55.5
2026-04-17 09:55:46 PM,KXWTAMATCH-26APR18RYBAND-RYB,55,2980,54,3951,53,136,52,192,51,85,56,1550,57,1815,58,6342,59,5024,61,100,55.5
2026-04-17 09:55:46 PM,KXWTAMATCH-26APR18RYBAND-RYB,55,2980,54,3951,53,136,52,192,51,85,56,1550,57,4345,58,6342,59,5024,61,100,55.5
2026-04-17 09:55:46 PM,KXWTAMATCH-26APR18RYBAND-RYB,55,2980,54,3951,53,136,52,192,51,85,56,881,57,4345,58,6342,59,5024,61,100,55.5
2026-04-17 09:55:46 PM,KXWTAMATCH-26APR18RYBAND-RYB,55,2980,54,3951,53,136,52,192,51,85,56,881,57,1815,58,6342,59,5024,61,100,55.5
2026-04-17 09:55:46 PM,KXWTAMATCH-26APR18RYBAND-RYB,55,2980,54,3951,53,136,52,192,51,85,56,881,57,1815,58,9542,59,5024,61,100,55.5
2026-04-17 09:55:46 PM,KXWTAMATCH-26APR18RYBAND-RYB,55,2980,54,3951,53,136,52,192,51,85,56,881,57,1815,58,6342,59,5024,61,100,55.5
2026-04-17 09:55:46 PM,KXWTAMATCH-26APR18RYBAND-RYB,55,2980,54,3951,53,136,52,192,51,85,56,1550,57,1815,58,6342,59,5024,61,100,55.5
2026-04-17 09:55:46 PM,KXWTAMATCH-26APR18RYBAND-RYB,55,2980,54,3951,53,136,52,192,51,85,56,1550,57,4345,58,6342,59,5024,61,100,55.5
2026-04-17 09:55:46 PM,KXWTAMATCH-26APR18RYBAND-RYB,55,2980,54,3951,53,136,52,192,51,85,56,881,57,4345,58,6342,59,5024,61,100,55.5
2026-04-17 09:55:46 PM,KXWTAMATCH-26APR18RYBAND-RYB,55,2980,54,3951,53,136,52,192,51,85,56,881,57,1815,58,6342,59,5024,61,100,55.5
2026-04-17 09:55:47 PM,KXWTAMATCH-26APR18RYBAND-RYB,55,2980,54,3951,53,136,52,192,51,85,56,881,57,1815,58,9542,59,5024,61,100,55.5
2026-04-17 09:55:47 PM,KXWTAMATCH-26APR18RYBAND-RYB,55,2980,54,3951,53,136,52,192,51,85,56,881,57,1815,58,6342,59,5024,61,100,55.5
2026-04-17 09:55:47 PM,KXWTAMATCH-26APR18RYBAND-RYB,55,2980,54,3951,53,136,52,192,51,85,56,1550,57,1815,58,6342,59,5024,61,100,55.5
2026-04-17 09:55:47 PM,KXWTAMATCH-26APR18RYBAND-RYB,55,2980,54,3951,53,136,52,192,51,85,56,1550,57,4345,58,6342,59,5024,61,100,55.5
2026-04-17 09:55:47 PM,KXWTAMATCH-26APR18RYBAND-RYB,55,2980,54,3951,53,136,52,192,51,85,56,881,57,4345,58,6342,59,5024,61,100,55.5
2026-04-17 09:55:47 PM,KXWTAMATCH-26APR18RYBAND-RYB,55,2980,54,3951,53,136,52,192,51,85,56,881,57,1815,58,6342,59,5024,61,100,55.5
2026-04-17 09:55:47 PM,KXWTAMATCH-26APR18RYBAND-RYB,55,2980,54,3951,53,136,52,192,51,85,56,881,57,1815,58,9542,59,5024,61,100,55.5
2026-04-17 09:55:47 PM,KXWTAMATCH-26APR18RYBAND-RYB,55,2980,54,3951,53,136,52,192,51,85,56,881,57,1815,58,6342,59,5024,61,100,55.5
2026-04-17 09:55:47 PM,KXWTAMATCH-26APR18RYBAND-RYB,55,2980,54,3951,53,136,52,192,51,85,56,1550,57,1815,58,6342,59,5024,61,100,55.5
2026-04-17 09:55:47 PM,KXWTAMATCH-26APR18RYBAND-RYB,55,2980,54,3951,53,136,52,192,51,85,56,1550,57,4345,58,6342,59,5024,61,100,55.5
2026-04-17 09:55:48 PM,KXWTAMATCH-26APR18RYBAND-RYB,55,2980,54,3951,53,136,52,192,51,85,56,881,57,4345,58,6342,59,5024,61,100,55.5
2026-04-17 09:55:48 PM,KXWTAMATCH-26APR18RYBAND-RYB,55,2980,54,3951,53,136,52,192,51,85,56,881,57,1815,58,6342,59,5024,61,100,55.5
2026-04-17 09:55:48 PM,KXWTAMATCH-26APR18RYBAND-RYB,55,2980,54,3951,53,136,52,192,51,85,56,881,57,1815,58,9542,59,5024,61,100,55.5
2026-04-17 09:55:48 PM,KXWTAMATCH-26APR18RYBAND-RYB,55,2980,54,3951,53,136,52,192,51,85,56,881,57,1815,58,6342,59,5024,61,100,55.5
2026-04-17 09:55:48 PM,KXWTAMATCH-26APR18RYBAND-RYB,55,2980,54,3951,53,136,52,192,51,85,56,1550,57,1815,58,6342,59,5024,61,100,55.5
2026-04-17 09:55:48 PM,KXWTAMATCH-26APR18RYBAND-RYB,55,2980,54,3951,53,136,52,192,51,85,56,1550,57,4345,58,6342,59,5024,61,100,55.5
2026-04-17 09:55:48 PM,KXWTAMATCH-26APR18RYBAND-RYB,55,2980,54,3951,53,136,52,192,51,85,56,881,57,4345,58,6342,59,5024,61,100,55.5
2026-04-17 09:55:48 PM,KXWTAMATCH-26APR18RYBAND-RYB,55,2980,54,3951,53,136,52,192,51,85,56,881,57,1815,58,6342,59,5024,61,100,55.5
2026-04-17 09:55:48 PM,KXWTAMATCH-26APR18RYBAND-RYB,55,2980,54,3951,53,136,52,192,51,85,56,881,57,1815,58,9542,59,5024,61,100,55.5
2026-04-17 09:55:48 PM,KXWTAMATCH-26APR18RYBAND-RYB,55,2980,54,3951,53,136,52,192,51,85,56,881,57,1815,58,6342,59,5024,61,100,55.5
2026-04-17 09:55:48 PM,KXWTAMATCH-26APR18RYBAND-RYB,55,2980,54,3951,53,136,52,192,51,85,56,1550,57,1815,58,6342,59,5024,61,100,55.5
2026-04-17 09:55:49 PM,KXWTAMATCH-26APR18RYBAND-RYB,55,2980,54,3951,53,136,52,192,51,85,56,1550,57,4345,58,6342,59,5024,61,100,55.5
2026-04-17 09:55:49 PM,KXWTAMATCH-26APR18RYBAND-RYB,55,2980,54,3951,53,136,52,192,51,85,56,881,57,4345,58,6342,59,5024,61,100,55.5
2026-04-17 09:55:49 PM,KXWTAMATCH-26APR18RYBAND-RYB,55,2980,54,3951,53,136,52,192,51,85,56,881,57,1815,58,6342,59,5024,61,100,55.5
2026-04-17 09:55:49 PM,KXWTAMATCH-26APR18RYBAND-RYB,55,2980,54,3951,53,136,52,192,51,85,56,881,57,1815,58,9542,59,5024,61,100,55.5
2026-04-17 09:55:49 PM,KXWTAMATCH-26APR18RYBAND-RYB,55,2980,54,3951,53,136,52,192,51,85,56,881,57,1815,58,6342,59,5024,61,100,55.5
2026-04-17 09:55:49 PM,KXWTAMATCH-26APR18RYBAND-RYB,55,2980,54,3951,53,136,52,192,51,85,56,1550,57,1815,58,6342,59,5024,61,100,55.5
2026-04-17 09:55:49 PM,KXWTAMATCH-26APR18RYBAND-RYB,55,2980,54,3951,53,136,52,192,51,85,56,1550,57,4345,58,6342,59,5024,61,100,55.5
2026-04-17 09:55:49 PM,KXWTAMATCH-26APR18RYBAND-RYB,55,2980,54,3951,53,136,52,192,51,85,56,881,57,4345,58,6342,59,5024,61,100,55.5
2026-04-17 09:55:49 PM,KXWTAMATCH-26APR18RYBAND-RYB,55,2980,54,3951,53,136,52,192,51,85,56,881,57,1815,58,6342,59,5024,61,100,55.5
2026-04-17 09:55:49 PM,KXWTAMATCH-26APR18RYBAND-RYB,55,2980,54,3951,53,136,52,192,51,85,56,881,57,1815,58,9542,59,5024,61,100,55.5
2026-04-17 09:55:50 PM,KXWTAMATCH-26APR18RYBAND-RYB,55,2980,54,3951,53,136,52,192,51,85,56,881,57,1815,58,6342,59,5024,61,100,55.5
2026-04-17 09:55:50 PM,KXWTAMATCH-26APR18RYBAND-RYB,55,2980,54,3951,53,136,52,192,51,85,56,1550,57,1815,58,6342,59,5024,61,100,55.5
2026-04-17 09:55:50 PM,KXWTAMATCH-26APR18RYBAND-RYB,55,2980,54,3951,53,136,52,192,51,85,56,1550,57,4345,58,6342,59,5024,61,100,55.5
2026-04-17 09:55:50 PM,KXWTAMATCH-26APR18RYBAND-RYB,55,2980,54,3951,53,136,52,192,51,85,56,881,57,4345,58,6342,59,5024,61,100,55.5
2026-04-17 09:55:50 PM,KXWTAMATCH-26APR18RYBAND-RYB,55,2980,54,3951,53,136,52,192,51,85,56,881,57,1815,58,6342,59,5024,61,100,55.5
2026-04-17 09:55:50 PM,KXWTAMATCH-26APR18RYBAND-RYB,55,2980,54,3951,53,136,52,192,51,85,56,881,57,1815,58,9542,59,5024,61,100,55.5
2026-04-17 09:55:50 PM,KXWTAMATCH-26APR18RYBAND-RYB,55,2980,54,3951,53,136,52,192,51,85,56,881,57,1815,58,6342,59,5024,61,100,55.5
2026-04-17 09:55:50 PM,KXWTAMATCH-26APR18RYBAND-RYB,55,2980,54,3951,53,136,52,192,51,85,56,1550,57,1815,58,6342,59,5024,61,100,55.5
2026-04-17 09:55:50 PM,KXWTAMATCH-26APR18RYBAND-RYB,55,2980,54,3951,53,136,52,192,51,85,56,1550,57,4345,58,6342,59,5024,61,100,55.5
2026-04-17 09:55:50 PM,KXWTAMATCH-26APR18RYBAND-RYB,55,2980,54,3951,53,136,52,192,51,85,56,881,57,4345,58,6342,59,5024,61,100,55.5
2026-04-17 09:55:50 PM,KXWTAMATCH-26APR18RYBAND-RYB,55,2980,54,3951,53,136,52,192,51,85,56,881,57,1815,58,6342,59,5024,61,100,55.5
2026-04-17 09:55:51 PM,KXWTAMATCH-26APR18RYBAND-RYB,55,2980,54,3951,53,136,52,192,51,85,56,881,57,1815,58,9542,59,5024,61,100,55.5
2026-04-17 09:55:51 PM,KXWTAMATCH-26APR18RYBAND-RYB,55,2980,54,3951,53,136,52,192,51,85,56,881,57,1815,58,6342,59,5024,61,100,55.5
2026-04-17 09:55:51 PM,KXWTAMATCH-26APR18RYBAND-RYB,55,2980,54,3951,53,136,52,192,51,85,56,1550,57,1815,58,6342,59,5024,61,100,55.5
2026-04-17 09:55:51 PM,KXWTAMATCH-26APR18RYBAND-RYB,55,2980,54,3951,53,136,52,192,51,85,56,1550,57,4345,58,6342,59,5024,61,100,55.5
2026-04-17 09:55:51 PM,KXWTAMATCH-26APR18RYBAND-RYB,55,2980,54,3951,53,136,52,192,51,85,56,881,57,4345,58,6342,59,5024,61,100,55.5
2026-04-17 09:55:51 PM,KXWTAMATCH-26APR18RYBAND-RYB,55,2980,54,3951,53,136,52,192,51,85,56,881,57,1815,58,6342,59,5024,61,100,55.5
2026-04-17 09:55:51 PM,KXWTAMATCH-26APR18RYBAND-RYB,55,2980,54,3951,53,136,52,192,51,85,56,881,57,1815,58,9542,59,5024,61,100,55.5
2026-04-17 09:55:51 PM,KXWTAMATCH-26APR18RYBAND-RYB,55,2980,54,3951,53,136,52,192,51,85,56,881,57,1815,58,6342,59,5024,61,100,55.5
2026-04-17 09:55:51 PM,KXWTAMATCH-26APR18RYBAND-RYB,55,2980,54,3951,53,136,52,192,51,85,56,1550,57,1815,58,6342,59,5024,61,100,55.5
2026-04-17 09:55:51 PM,KXWTAMATCH-26APR18RYBAND-RYB,55,2980,54,3951,53,136,52,192,51,85,56,1550,57,4345,58,6342,59,5024,61,100,55.5
2026-04-17 09:55:52 PM,KXWTAMATCH-26APR18RYBAND-RYB,55,2980,54,3951,53,136,52,192,51,85,56,881,57,4345,58,6342,59,5024,61,100,55.5
2026-04-17 09:55:52 PM,KXWTAMATCH-26APR18RYBAND-RYB,55,2980,54,3951,53,136,52,192,51,85,56,881,57,1815,58,6342,59,5024,61,100,55.5
2026-04-17 09:55:52 PM,KXWTAMATCH-26APR18RYBAND-RYB,55,2980,54,3951,53,136,52,192,51,85,56,881,57,1815,58,9542,59,5024,61,100,55.5
2026-04-17 09:55:52 PM,KXWTAMATCH-26APR18RYBAND-RYB,55,2980,54,3951,53,136,52,192,51,85,56,881,57,1815,58,6342,59,5024,61,100,55.5
2026-04-17 09:55:52 PM,KXWTAMATCH-26APR18RYBAND-RYB,55,2980,54,3951,53,136,52,192,51,85,56,881,57,1815,58,6343,59,5024,61,100,55.5
2026-04-17 09:55:52 PM,KXWTAMATCH-26APR18RYBAND-RYB,55,2980,54,3951,53,136,52,192,51,85,56,1550,57,1815,58,6343,59,5024,61,100,55.5
2026-04-17 09:55:52 PM,KXWTAMATCH-26APR18RYBAND-RYB,55,2980,54,3951,53,136,52,192,51,85,56,1550,57,4345,58,6343,59,5024,61,100,55.5
2026-04-17 09:55:52 PM,KXWTAMATCH-26APR18RYBAND-RYB,55,2980,54,3951,53,136,52,192,51,85,56,1550,57,4345,58,6342,59,5024,61,100,55.5
2026-04-17 09:55:52 PM,KXWTAMATCH-26APR18RYBAND-RYB,55,2980,54,3951,53,136,52,192,51,85,56,881,57,4345,58,6342,59,5024,61,100,55.5
2026-04-17 09:55:52 PM,KXWTAMATCH-26APR18RYBAND-RYB,55,2980,54,3951,53,136,52,192,51,85,56,881,57,1815,58,6342,59,5024,61,100,55.5
2026-04-17 09:55:52 PM,KXWTAMATCH-26APR18RYBAND-RYB,55,2980,54,3951,53,136,52,192,51,85,56,881,57,1815,58,9542,59,5024,61,100,55.5
2026-04-17 09:55:53 PM,KXWTAMATCH-26APR18RYBAND-RYB,55,2980,54,3951,53,136,52,192,51,85,56,881,57,1815,58,6342,59,5024,61,100,55.5
2026-04-17 09:55:53 PM,KXWTAMATCH-26APR18RYBAND-RYB,55,2980,54,3951,53,136,52,192,51,85,56,1550,57,1815,58,6342,59,5024,61,100,55.5
2026-04-17 09:55:53 PM,KXWTAMATCH-26APR18RYBAND-RYB,55,2980,54,3951,53,136,52,192,51,85,56,1550,57,4345,58,6342,59,5024,61,100,55.5
2026-04-17 09:55:53 PM,KXWTAMATCH-26APR18RYBAND-RYB,55,2980,54,3951,53,136,52,192,51,85,56,881,57,4345,58,6342,59,5024,61,100,55.5
2026-04-17 09:55:53 PM,KXWTAMATCH-26APR18RYBAND-RYB,55,2980,54,3951,53,136,52,192,51,85,56,881,57,1815,58,6342,59,5024,61,100,55.5
2026-04-17 09:55:53 PM,KXWTAMATCH-26APR18RYBAND-RYB,55,2980,54,3951,53,136,52,192,51,85,56,881,57,1815,58,9542,59,5024,61,100,55.5
2026-04-17 09:55:53 PM,KXWTAMATCH-26APR18RYBAND-RYB,55,2980,54,3951,53,136,52,192,51,85,56,881,57,1815,58,6342,59,5024,61,100,55.5
2026-04-17 09:55:53 PM,KXWTAMATCH-26APR18RYBAND-RYB,55,2980,54,3951,53,136,52,192,51,85,56,1550,57,1815,58,6342,59,5024,61,100,55.5
2026-04-17 09:55:53 PM,KXWTAMATCH-26APR18RYBAND-RYB,55,2980,54,3951,53,136,52,192,51,85,56,1550,57,4345,58,6342,59,5024,61,100,55.5
2026-04-17 09:55:53 PM,KXWTAMATCH-26APR18RYBAND-RYB,55,2980,54,3951,53,136,52,192,51,85,56,881,57,4345,58,6342,59,5024,61,100,55.5
2026-04-17 09:55:53 PM,KXWTAMATCH-26APR18RYBAND-RYB,55,2980,54,3951,53,136,52,192,51,85,56,881,57,1815,58,6342,59,5024,61,100,55.5
2026-04-17 09:55:53 PM,KXWTAMATCH-26APR18RYBAND-RYB,55,2980,54,3951,53,136,52,192,51,85,56,881,57,1815,58,9542,59,5024,61,100,55.5
2026-04-17 09:55:54 PM,KXWTAMATCH-26APR18RYBAND-RYB,55,2980,54,3951,53,136,52,192,51,85,56,881,57,1815,58,6342,59,5024,61,100,55.5
2026-04-17 09:55:54 PM,KXWTAMATCH-26APR18RYBAND-RYB,55,2980,54,3951,53,136,52,192,51,85,56,1550,57,1815,58,6342,59,5024,61,100,55.5
2026-04-17 09:55:54 PM,KXWTAMATCH-26APR18RYBAND-RYB,55,2980,54,3951,53,136,52,192,51,85,56,1550,57,4345,58,6342,59,5024,61,100,55.5
2026-04-17 09:55:54 PM,KXWTAMATCH-26APR18RYBAND-RYB,55,2980,54,3951,53,136,52,192,51,85,56,881,57,4345,58,6342,59,5024,61,100,55.5
2026-04-17 09:55:54 PM,KXWTAMATCH-26APR18RYBAND-RYB,55,2980,54,3951,53,136,52,192,51,85,56,881,57,1815,58,6342,59,5024,61,100,55.5
2026-04-17 09:55:54 PM,KXWTAMATCH-26APR18RYBAND-RYB,55,2980,54,3951,53,136,52,192,51,85,56,881,57,1815,58,9542,59,5024,61,100,55.5
2026-04-17 09:55:54 PM,KXWTAMATCH-26APR18RYBAND-RYB,55,2980,54,3951,53,136,52,192,51,85,56,881,57,1815,58,6342,59,5024,61,100,55.5
2026-04-17 09:55:54 PM,KXWTAMATCH-26APR18RYBAND-RYB,55,2980,54,3951,53,136,52,192,51,85,56,1550,57,1815,58,6342,59,5024,61,100,55.5
2026-04-17 09:55:54 PM,KXWTAMATCH-26APR18RYBAND-RYB,55,2980,54,3951,53,136,52,192,51,85,56,1550,57,4345,58,6342,59,5024,61,100,55.5
2026-04-17 09:55:55 PM,KXWTAMATCH-26APR18RYBAND-RYB,55,2980,54,3951,53,136,52,192,51,85,56,881,57,4345,58,6342,59,5024,61,100,55.5
2026-04-17 09:55:55 PM,KXWTAMATCH-26APR18RYBAND-RYB,55,2980,54,3951,53,136,52,192,51,85,56,881,57,1815,58,6342,59,5024,61,100,55.5
2026-04-17 09:55:55 PM,KXWTAMATCH-26APR18RYBAND-RYB,55,2980,54,3951,53,136,52,192,51,85,56,881,57,1815,58,9542,59,5024,61,100,55.5
2026-04-17 09:55:55 PM,KXWTAMATCH-26APR18RYBAND-RYB,55,2980,54,3951,53,136,52,192,51,85,56,881,57,1815,58,6342,59,5024,61,100,55.5
2026-04-17 09:55:55 PM,KXWTAMATCH-26APR18RYBAND-RYB,55,2980,54,3951,53,136,52,192,51,85,56,1550,57,1815,58,6342,59,5024,61,100,55.5
2026-04-17 09:55:55 PM,KXWTAMATCH-26APR18RYBAND-RYB,55,2980,54,3951,53,136,52,192,51,85,56,1550,57,4345,58,6342,59,5024,61,100,55.5
2026-04-17 09:55:55 PM,KXWTAMATCH-26APR18RYBAND-RYB,55,2980,54,3951,53,136,52,192,51,85,56,881,57,4345,58,6342,59,5024,61,100,55.5
2026-04-17 09:55:55 PM,KXWTAMATCH-26APR18RYBAND-RYB,55,2980,54,3951,53,136,52,192,51,85,56,881,57,1815,58,6342,59,5024,61,100,55.5
2026-04-17 09:55:55 PM,KXWTAMATCH-26APR18RYBAND-RYB,55,2980,54,3951,53,136,52,192,51,85,56,881,57,1815,58,9542,59,5024,61,100,55.5
2026-04-17 09:55:55 PM,KXWTAMATCH-26APR18RYBAND-RYB,55,2980,54,3951,53,136,52,192,51,85,56,881,57,1815,58,6342,59,5024,61,100,55.5
2026-04-17 09:55:55 PM,KXWTAMATCH-26APR18RYBAND-RYB,55,2980,54,3951,53,136,52,192,51,85,56,1550,57,1815,58,6342,59,5024,61,100,55.5
2026-04-17 09:55:56 PM,KXWTAMATCH-26APR18RYBAND-RYB,55,2980,54,3951,53,136,52,192,51,85,56,1550,57,4345,58,6342,59,5024,61,100,55.5
2026-04-17 09:55:56 PM,KXWTAMATCH-26APR18RYBAND-RYB,55,2980,54,3951,53,136,52,192,51,85,56,881,57,4345,58,6342,59,5024,61,100,55.5
2026-04-17 09:55:56 PM,KXWTAMATCH-26APR18RYBAND-RYB,55,2980,54,3951,53,136,52,192,51,85,56,881,57,1815,58,6342,59,5024,61,100,55.5
2026-04-17 09:55:56 PM,KXWTAMATCH-26APR18RYBAND-RYB,55,2980,54,3951,53,136,52,192,51,85,56,881,57,1815,58,9542,59,5024,61,100,55.5
2026-04-17 09:55:56 PM,KXWTAMATCH-26APR18RYBAND-RYB,55,2980,54,3951,53,136,52,192,51,85,56,881,57,1815,58,6342,59,5024,61,100,55.5
2026-04-17 09:55:56 PM,KXWTAMATCH-26APR18RYBAND-RYB,55,2980,54,3951,53,136,52,192,51,85,56,1550,57,1815,58,6342,59,5024,61,100,55.5
2026-04-17 09:55:56 PM,KXWTAMATCH-26APR18RYBAND-RYB,55,2980,54,3951,53,136,52,192,51,85,56,1550,57,4345,58,6342,59,5024,61,100,55.5
2026-04-17 09:55:56 PM,KXWTAMATCH-26APR18RYBAND-RYB,55,2980,54,3951,53,136,52,192,51,85,56,881,57,4345,58,6342,59,5024,61,100,55.5
2026-04-17 09:55:56 PM,KXWTAMATCH-26APR18RYBAND-RYB,55,2980,54,3951,53,136,52,192,51,85,56,881,57,1815,58,6342,59,5024,61,100,55.5
2026-04-17 09:55:56 PM,KXWTAMATCH-26APR18RYBAND-RYB,55,2980,54,3951,53,136,52,192,51,85,56,881,57,1815,58,9542,59,5024,61,100,55.5
2026-04-17 09:55:57 PM,KXWTAMATCH-26APR18RYBAND-RYB,55,2980,54,3951,53,136,52,192,51,85,56,881,57,1815,58,6342,59,5024,61,100,55.5
2026-04-17 09:55:57 PM,KXWTAMATCH-26APR18RYBAND-RYB,55,2980,54,3951,53,136,52,192,51,85,56,1550,57,1815,58,6342,59,5024,61,100,55.5
2026-04-17 09:55:57 PM,KXWTAMATCH-26APR18RYBAND-RYB,55,2980,54,3951,53,136,52,192,51,85,56,1550,57,4345,58,6342,59,5024,61,100,55.5
2026-04-17 09:55:57 PM,KXWTAMATCH-26APR18RYBAND-RYB,55,2980,54,3951,53,136,52,192,51,85,56,881,57,4345,58,6342,59,5024,61,100,55.5
2026-04-17 09:55:57 PM,KXWTAMATCH-26APR18RYBAND-RYB,55,2980,54,3951,53,136,52,192,51,85,56,881,57,1815,58,6342,59,5024,61,100,55.5
2026-04-17 09:55:57 PM,KXWTAMATCH-26APR18RYBAND-RYB,55,2980,54,3951,53,136,52,192,51,85,56,881,57,1815,58,9542,59,5024,61,100,55.5
2026-04-17 09:55:57 PM,KXWTAMATCH-26APR18RYBAND-RYB,55,2980,54,3951,53,136,52,192,51,85,56,881,57,1815,58,6342,59,5024,61,100,55.5
2026-04-17 09:55:57 PM,KXWTAMATCH-26APR18RYBAND-RYB,55,2980,54,3951,53,136,52,192,51,85,56,1550,57,1815,58,6342,59,5024,61,100,55.5
2026-04-17 09:55:57 PM,KXWTAMATCH-26APR18RYBAND-RYB,55,2980,54,3951,53,136,52,192,51,85,56,1550,57,4345,58,6342,59,5024,61,100,55.5
2026-04-17 09:55:57 PM,KXWTAMATCH-26APR18RYBAND-RYB,55,2980,54,3951,53,136,52,192,51,85,56,881,57,4345,58,6342,59,5024,61,100,55.5
2026-04-17 09:55:57 PM,KXWTAMATCH-26APR18RYBAND-RYB,55,2980,54,3951,53,136,52,192,51,85,56,881,57,1815,58,6342,59,5024,61,100,55.5
2026-04-17 09:55:58 PM,KXWTAMATCH-26APR18RYBAND-RYB,55,2980,54,3951,53,136,52,192,51,85,56,881,57,1815,58,9542,59,5024,61,100,55.5
2026-04-17 09:55:58 PM,KXWTAMATCH-26APR18RYBAND-RYB,55,2980,54,3951,53,136,52,192,51,85,56,881,57,1815,58,6342,59,5024,61,100,55.5
2026-04-17 09:55:58 PM,KXWTAMATCH-26APR18RYBAND-RYB,55,2980,54,3951,53,136,52,192,51,85,56,1550,57,1815,58,6342,59,5024,61,100,55.5
2026-04-17 09:55:58 PM,KXWTAMATCH-26APR18RYBAND-RYB,55,2980,54,3951,53,136,52,192,51,85,56,1550,57,4345,58,6342,59,5024,61,100,55.5
2026-04-17 09:55:58 PM,KXWTAMATCH-26APR18RYBAND-RYB,55,2980,54,3951,53,136,52,192,51,85,56,881,57,4345,58,6342,59,5024,61,100,55.5
2026-04-17 09:55:58 PM,KXWTAMATCH-26APR18RYBAND-RYB,55,2980,54,3951,53,136,52,192,51,85,56,881,57,1815,58,6342,59,5024,61,100,55.5
2026-04-17 09:55:58 PM,KXWTAMATCH-26APR18RYBAND-RYB,55,2980,54,3951,53,136,52,192,51,85,56,881,57,1815,58,9542,59,5024,61,100,55.5
2026-04-17 09:55:58 PM,KXWTAMATCH-26APR18RYBAND-RYB,55,2980,54,3951,53,136,52,192,51,85,56,881,57,1815,58,6342,59,5024,61,100,55.5
2026-04-17 09:55:58 PM,KXWTAMATCH-26APR18RYBAND-RYB,55,2980,54,3951,53,136,52,192,51,85,56,1550,57,1815,58,6342,59,5024,61,100,55.5
2026-04-17 09:55:58 PM,KXWTAMATCH-26APR18RYBAND-RYB,55,2980,54,3951,53,136,52,192,51,85,56,1550,57,4345,58,6342,59,5024,61,100,55.5
2026-04-17 09:55:59 PM,KXWTAMATCH-26APR18RYBAND-RYB,55,2980,54,3951,53,136,52,192,51,85,56,881,57,4345,58,6342,59,5024,61,100,55.5
2026-04-17 09:55:59 PM,KXWTAMATCH-26APR18RYBAND-RYB,55,2980,54,3951,53,136,52,192,51,85,56,881,57,1815,58,6342,59,5024,61,100,55.5
2026-04-17 09:55:59 PM,KXWTAMATCH-26APR18RYBAND-RYB,55,2980,54,3951,53,136,52,192,51,85,56,881,57,1815,58,9542,59,5024,61,100,55.5
2026-04-17 09:55:59 PM,KXWTAMATCH-26APR18RYBAND-RYB,55,2980,54,3951,53,136,52,192,51,85,56,881,57,1815,58,6342,59,5024,61,100,55.5
2026-04-17 09:55:59 PM,KXWTAMATCH-26APR18RYBAND-RYB,55,2980,54,3951,53,136,52,192,51,85,56,1550,57,1815,58,6342,59,5024,61,100,55.5
2026-04-17 09:55:59 PM,KXWTAMATCH-26APR18RYBAND-RYB,55,2980,54,3951,53,136,52,192,51,85,56,1550,57,4345,58,6342,59,5024,61,100,55.5
2026-04-17 09:55:59 PM,KXWTAMATCH-26APR18RYBAND-RYB,55,2980,54,3951,53,136,52,192,51,85,56,881,57,4345,58,6342,59,5024,61,100,55.5
2026-04-17 09:55:59 PM,KXWTAMATCH-26APR18RYBAND-RYB,55,2980,54,3951,53,136,52,192,51,85,56,881,57,1815,58,6342,59,5024,61,100,55.5
2026-04-17 09:55:59 PM,KXWTAMATCH-26APR18RYBAND-RYB,55,2980,54,3951,53,136,52,192,51,85,56,881,57,1815,58,9542,59,5024,61,100,55.5
2026-04-17 09:55:59 PM,KXWTAMATCH-26APR18RYBAND-RYB,55,2980,54,3951,53,136,52,192,51,85,56,881,57,1815,58,6342,59,5024,61,100,55.5
2026-04-17 09:55:59 PM,KXWTAMATCH-26APR18RYBAND-RYB,55,2980,54,3951,53,136,52,192,51,85,56,1550,57,1815,58,6342,59,5024,61,100,55.5
2026-04-17 09:56:00 PM,KXWTAMATCH-26APR18RYBAND-RYB,55,2980,54,3951,53,136,52,192,51,85,56,1550,57,4345,58,6342,59,5024,61,100,55.5
2026-04-17 09:56:00 PM,KXWTAMATCH-26APR18RYBAND-RYB,55,2980,54,3951,53,136,52,192,51,85,56,881,57,4345,58,6342,59,5024,61,100,55.5
2026-04-17 09:56:00 PM,KXWTAMATCH-26APR18RYBAND-RYB,55,2980,54,3951,53,136,52,192,51,85,56,881,57,1815,58,6342,59,5024,61,100,55.5
2026-04-17 09:56:00 PM,KXWTAMATCH-26APR18RYBAND-RYB,55,2980,54,3951,53,136,52,192,51,85,56,881,57,1815,58,9542,59,5024,61,100,55.5
2026-04-17 09:56:00 PM,KXWTAMATCH-26APR18RYBAND-RYB,55,2980,54,3951,53,136,52,192,51,85,56,881,57,1815,58,6342,59,5024,61,100,55.5
2026-04-17 09:56:00 PM,KXWTAMATCH-26APR18RYBAND-RYB,55,2980,54,3951,53,136,52,192,51,85,56,1550,57,1815,58,6342,59,5024,61,100,55.5
2026-04-17 09:56:00 PM,KXWTAMATCH-26APR18RYBAND-RYB,55,2980,54,3951,53,136,52,192,51,85,56,1550,57,4345,58,6342,59,5024,61,100,55.5
2026-04-17 09:56:00 PM,KXWTAMATCH-26APR18RYBAND-RYB,55,2980,54,3951,53,136,52,192,51,85,56,881,57,4345,58,6342,59,5024,61,100,55.5
2026-04-17 09:56:00 PM,KXWTAMATCH-26APR18RYBAND-RYB,55,2980,54,3951,53,136,52,192,51,85,56,881,57,1815,58,6342,59,5024,61,100,55.5
2026-04-17 09:56:00 PM,KXWTAMATCH-26APR18RYBAND-RYB,55,2980,54,3951,53,136,52,192,51,85,56,881,57,1815,58,9542,59,5024,61,100,55.5
2026-04-17 09:56:01 PM,KXWTAMATCH-26APR18RYBAND-RYB,55,2980,54,3951,53,136,52,192,51,85,56,881,57,1815,58,6342,59,5024,61,100,55.5
2026-04-17 09:56:01 PM,KXWTAMATCH-26APR18RYBAND-RYB,55,2980,54,3951,53,136,52,192,51,85,56,1550,57,1815,58,6342,59,5024,61,100,55.5
2026-04-17 09:56:01 PM,KXWTAMATCH-26APR18RYBAND-RYB,55,2980,54,3951,53,136,52,192,51,85,56,1550,57,4345,58,6342,59,5024,61,100,55.5
2026-04-17 09:56:01 PM,KXWTAMATCH-26APR18RYBAND-RYB,55,2980,54,3951,53,136,52,192,51,85,56,881,57,4345,58,6342,59,5024,61,100,55.5
2026-04-17 09:56:01 PM,KXWTAMATCH-26APR18RYBAND-RYB,55,2980,54,3951,53,136,52,192,51,85,56,881,57,1815,58,6342,59,5024,61,100,55.5
2026-04-17 09:56:01 PM,KXWTAMATCH-26APR18RYBAND-RYB,55,2980,54,3951,53,136,52,192,51,85,56,881,57,1815,58,9542,59,5024,61,100,55.5
2026-04-17 09:56:01 PM,KXWTAMATCH-26APR18RYBAND-RYB,55,2980,54,3951,53,136,52,192,51,85,56,881,57,1815,58,6342,59,5024,61,100,55.5
2026-04-17 09:56:01 PM,KXWTAMATCH-26APR18RYBAND-RYB,55,2980,54,3951,53,136,52,192,51,85,56,1550,57,1815,58,6342,59,5024,61,100,55.5
2026-04-17 09:56:01 PM,KXWTAMATCH-26APR18RYBAND-RYB,55,2980,54,3951,53,136,52,192,51,85,56,1550,57,4345,58,6342,59,5024,61,100,55.5
2026-04-17 09:56:01 PM,KXWTAMATCH-26APR18RYBAND-RYB,55,2980,54,3951,53,136,52,192,51,85,56,881,57,4345,58,6342,59,5024,61,100,55.5
2026-04-17 09:56:01 PM,KXWTAMATCH-26APR18RYBAND-RYB,55,2980,54,3951,53,136,52,192,51,85,56,881,57,1815,58,6342,59,5024,61,100,55.5
2026-04-17 09:56:02 PM,KXWTAMATCH-26APR18RYBAND-RYB,55,2980,54,3951,53,136,52,192,51,85,56,881,57,1815,58,9542,59,5024,61,100,55.5
2026-04-17 09:56:02 PM,KXWTAMATCH-26APR18RYBAND-RYB,55,2980,54,3951,53,136,52,192,51,85,56,881,57,1815,58,6342,59,5024,61,100,55.5
2026-04-17 09:56:02 PM,KXWTAMATCH-26APR18RYBAND-RYB,55,2980,54,3951,53,136,52,192,51,85,56,1550,57,1815,58,6342,59,5024,61,100,55.5
2026-04-17 09:56:02 PM,KXWTAMATCH-26APR18RYBAND-RYB,55,2980,54,3951,53,136,52,192,51,85,56,1550,57,4345,58,6342,59,5024,61,100,55.5
2026-04-17 09:56:02 PM,KXWTAMATCH-26APR18RYBAND-RYB,55,2980,54,3951,53,136,52,192,51,85,56,881,57,4345,58,6342,59,5024,61,100,55.5
2026-04-17 09:56:02 PM,KXWTAMATCH-26APR18RYBAND-RYB,55,2980,54,3951,53,136,52,192,51,85,56,881,57,1815,58,6342,59,5024,61,100,55.5
2026-04-17 09:56:02 PM,KXWTAMATCH-26APR18RYBAND-RYB,55,2980,54,3951,53,136,52,192,51,85,56,881,57,1815,58,9542,59,5024,61,100,55.5
2026-04-17 09:56:02 PM,KXWTAMATCH-26APR18RYBAND-RYB,55,2980,54,3951,53,136,52,192,51,85,56,881,57,1815,58,6342,59,5024,61,100,55.5
2026-04-17 09:56:02 PM,KXWTAMATCH-26APR18RYBAND-RYB,55,2980,54,3951,53,136,52,192,51,85,56,1550,57,1815,58,6342,59,5024,61,100,55.5
2026-04-17 09:56:02 PM,KXWTAMATCH-26APR18RYBAND-RYB,55,2980,54,3951,53,136,52,192,51,85,56,1550,57,4345,58,6342,59,5024,61,100,55.5
2026-04-17 09:56:03 PM,KXWTAMATCH-26APR18RYBAND-RYB,55,2980,54,3951,53,136,52,192,51,85,56,1332,57,4345,58,6342,59,5024,61,100,55.5
2026-04-17 09:56:03 PM,KXWTAMATCH-26APR18RYBAND-RYB,55,2980,54,3951,53,136,52,192,51,85,56,663,57,4345,58,6342,59,5024,61,100,55.5
2026-04-17 09:56:03 PM,KXWTAMATCH-26APR18RYBAND-RYB,55,2980,54,3951,53,136,52,192,51,85,56,663,57,1815,58,6342,59,5024,61,100,55.5
2026-04-17 09:56:03 PM,KXWTAMATCH-26APR18RYBAND-RYB,55,2980,54,3951,53,136,52,192,51,85,56,663,57,1815,58,9542,59,5024,61,100,55.5
2026-04-17 09:57:11 PM,KXWTAMATCH-26APR18RYBAND-RYB,55,2980,54,3951,53,136,52,201,51,85,56,663,57,1815,58,9542,59,5024,61,100,55.5
2026-04-17 09:57:17 PM,KXWTAMATCH-26APR18RYBAND-RYB,55,2959,54,3951,53,136,52,201,51,85,56,663,57,1815,58,9542,59,5024,61,100,55.5
2026-04-17 09:57:17 PM,KXWTAMATCH-26APR18RYBAND-RYB,55,2959,54,3951,53,136,52,201,51,85,56,663,57,1836,58,9542,59,5024,61,100,55.5
2026-04-17 09:57:30 PM,KXWTAMATCH-26APR18RYBAND-RYB,55,2959,54,3951,53,224,52,201,51,85,56,663,57,1836,58,9542,59,5024,61,100,55.5
2026-04-17 09:57:30 PM,KXWTAMATCH-26APR18RYBAND-RYB,55,2959,54,3951,53,224,52,201,51,85,56,663,57,1836,58,9630,59,5024,61,100,55.5
2026-04-17 09:57:30 PM,KXWTAMATCH-26APR18RYBAND-RYB,55,2959,54,3951,53,224,52,201,51,85,56,663,57,1748,58,9630,59,5024,61,100,55.5
2026-04-17 09:57:31 PM,KXWTAMATCH-26APR18RYBAND-RYB,55,2959,54,3951,53,224,52,113,51,85,56,663,57,1748,58,9630,59,5024,61,100,55.5
2026-04-17 09:57:39 PM,KXWTAMATCH-26APR18RYBAND-RYB,55,2959,54,3951,53,224,52,113,51,85,56,663,57,1836,58,9630,59,5024,61,100,55.5
2026-04-17 09:57:39 PM,KXWTAMATCH-26APR18RYBAND-RYB,55,2959,54,3951,53,224,52,113,51,85,56,663,57,1836,58,9542,59,5024,61,100,55.5
2026-04-17 09:57:52 PM,KXWTAMATCH-26APR18RYBAND-RYB,55,2959,54,4039,53,224,52,113,51,85,56,663,57,1836,58,9542,59,5024,61,100,55.5
2026-04-17 09:57:52 PM,KXWTAMATCH-26APR18RYBAND-RYB,55,2959,54,4039,53,224,52,113,51,85,56,663,57,1836,58,9630,59,5024,61,100,55.5
2026-04-17 09:57:52 PM,KXWTAMATCH-26APR18RYBAND-RYB,55,2959,54,4039,53,224,52,113,51,85,56,663,57,1748,58,9630,59,5024,61,100,55.5
2026-04-17 09:57:52 PM,KXWTAMATCH-26APR18RYBAND-RYB,55,2959,54,4039,53,136,52,113,51,85,56,663,57,1748,58,9630,59,5024,61,100,55.5
2026-04-17 09:57:53 PM,KXWTAMATCH-26APR18RYBAND-RYB,55,2959,54,3951,53,136,52,113,51,85,56,663,57,1748,58,9630,59,5024,61,100,55.5
2026-04-17 09:58:01 PM,KXWTAMATCH-26APR18RYBAND-RYB,55,2959,54,3951,53,224,52,113,51,85,56,663,57,1748,58,9630,59,5024,61,100,55.5
2026-04-17 09:58:01 PM,KXWTAMATCH-26APR18RYBAND-RYB,55,2959,54,3951,53,224,52,113,51,85,56,663,57,1836,58,9630,59,5024,61,100,55.5
2026-04-17 09:58:01 PM,KXWTAMATCH-26APR18RYBAND-RYB,55,2959,54,3951,53,224,52,113,51,85,56,663,57,1836,58,9542,59,5024,61,100,55.5
2026-04-17 09:58:14 PM,KXWTAMATCH-26APR18RYBAND-RYB,55,2959,54,3951,53,224,52,113,51,85,56,491,57,1836,58,9542,59,5024,61,100,55.5
2026-04-17 09:58:14 PM,KXWTAMATCH-26APR18RYBAND-RYB,55,2959,54,3701,53,224,52,113,51,85,56,491,57,1836,58,9542,59,5024,61,100,55.5
2026-04-17 09:58:14 PM,KXWTAMATCH-26APR18RYBAND-RYB,55,3209,54,3701,53,224,52,113,51,85,56,491,57,1836,58,9542,59,5024,61,100,55.5
2026-04-17 09:58:14 PM,KXWTAMATCH-26APR18RYBAND-RYB,55,3209,54,3701,53,224,52,113,51,85,56,491,57,1586,58,9542,59,5024,61,100,55.5
2026-04-17 09:58:14 PM,KXWTAMATCH-26APR18RYBAND-RYB,55,3209,54,3701,53,224,52,113,51,85,56,491,57,1586,58,9792,59,5024,61,100,55.5
2026-04-17 09:58:47 PM,KXWTAMATCH-26APR18RYBAND-RYB,55,3209,54,3701,53,224,52,113,51,85,56,441,57,1586,58,9792,59,5024,61,100,55.5
2026-04-17 09:59:38 PM,KXWTAMATCH-26APR18RYBAND-RYB,55,3209,54,3701,53,224,52,113,51,85,56,441,57,1586,58,9985,59,5024,61,100,55.5
2026-04-17 09:59:38 PM,KXWTAMATCH-26APR18RYBAND-RYB,55,3209,54,3701,53,224,52,269,51,85,56,441,57,1586,58,9985,59,5024,61,100,55.5
2026-04-17 10:00:08 PM,KXWTAMATCH-26APR18RYBAND-RYB,55,3209,54,3701,53,224,52,269,51,85,56,441,57,1586,58,9792,59,5024,61,100,55.5
2026-04-17 10:00:08 PM,KXWTAMATCH-26APR18RYBAND-RYB,55,3209,54,3701,53,224,52,113,51,85,56,441,57,1586,58,9792,59,5024,61,100,55.5
2026-04-17 10:00:12 PM,KXWTAMATCH-26APR18RYBAND-RYB,55,3209,54,3701,53,224,52,113,51,85,56,269,57,1586,58,9792,59,5024,61,100,55.5
2026-04-17 10:01:45 PM,KXWTAMATCH-26APR18RYBAND-RYB,55,3209,54,3701,53,224,52,201,51,85,56,269,57,1586,58,9792,59,5024,61,100,55.5
2026-04-17 10:01:45 PM,KXWTAMATCH-26APR18RYBAND-RYB,55,3209,54,3701,53,136,52,201,51,85,56,269,57,1586,58,9792,59,5024,61,100,55.5
2026-04-17 10:01:45 PM,KXWTAMATCH-26APR18RYBAND-RYB,55,3209,54,3701,53,136,52,201,51,85,56,269,57,1498,58,9792,59,5024,61,100,55.5
2026-04-17 10:01:45 PM,KXWTAMATCH-26APR18RYBAND-RYB,55,3209,54,3701,53,136,52,201,51,85,56,269,57,1586,58,9792,59,5024,61,100,55.5
2026-04-17 10:01:48 PM,KXWTAMATCH-26APR18RYBAND-RYB,55,3209,54,3701,53,136,52,201,51,85,56,252,57,1586,58,9792,59,5024,61,100,55.5
2026-04-17 10:01:52 PM,KXWTAMATCH-26APR18RYBAND-RYB,55,3209,54,3701,53,136,52,113,51,85,56,252,57,1586,58,9792,59,5024,61,100,55.5
2026-04-17 10:01:53 PM,KXWTAMATCH-26APR18RYBAND-RYB,55,3209,54,3701,53,136,52,113,51,85,56,252,57,1586,58,9793,59,5024,61,100,55.5
2026-04-17 10:01:53 PM,KXWTAMATCH-26APR18RYBAND-RYB,55,3209,54,3701,53,136,52,113,51,85,56,252,57,1586,58,9792,59,5024,61,100,55.5
2026-04-17 10:01:55 PM,KXWTAMATCH-26APR18RYBAND-RYB,55,3209,54,3701,53,136,52,201,51,85,56,252,57,1586,58,9792,59,5024,61,100,55.5
2026-04-17 10:01:57 PM,KXWTAMATCH-26APR18RYBAND-RYB,55,3209,54,3701,53,136,52,113,51,85,56,252,57,1586,58,9792,59,5024,61,100,55.5
2026-04-17 10:02:04 PM,KXWTAMATCH-26APR18RYBAND-RYB,55,3209,54,3701,53,136,52,201,51,85,56,252,57,1586,58,9792,59,5024,61,100,55.5
2026-04-17 10:03:30 PM,KXWTAMATCH-26APR18RYBAND-RYB,55,3209,54,3701,53,136,52,192,51,85,56,252,57,1586,58,9792,59,5024,61,100,55.5
2026-04-17 10:03:30 PM,KXWTAMATCH-26APR18RYBAND-RYB,55,3209,54,3701,53,136,52,201,51,85,56,252,57,1586,58,9792,59,5024,61,100,55.5
2026-04-17 10:03:41 PM,KXWTAMATCH-26APR18RYBAND-RYB,55,3209,54,3701,53,224,52,201,51,85,56,252,57,1586,58,9792,59,5024,61,100,55.5
2026-04-17 10:03:41 PM,KXWTAMATCH-26APR18RYBAND-RYB,55,3209,54,3701,53,224,52,113,51,85,56,252,57,1586,58,9792,59,5024,61,100,55.5
2026-04-17 10:03:54 PM,KXWTAMATCH-26APR18RYBAND-RYB,55,3209,54,3701,53,224,52,201,51,85,56,252,57,1586,58,9792,59,5024,61,100,55.5
2026-04-17 10:03:54 PM,KXWTAMATCH-26APR18RYBAND-RYB,55,3209,54,3701,53,136,52,201,51,85,56,252,57,1586,58,9792,59,5024,61,100,55.5
2026-04-17 10:04:06 PM,KXWTAMATCH-26APR18RYBAND-RYB,55,3209,54,3701,53,136,52,201,51,85,56,252,57,1565,58,9792,59,5024,61,100,55.5
2026-04-17 10:04:06 PM,KXWTAMATCH-26APR18RYBAND-RYB,55,3177,54,3701,53,136,52,201,51,85,56,252,57,1565,58,9792,59,5024,61,100,55.5
2026-04-17 10:04:06 PM,KXWTAMATCH-26APR18RYBAND-RYB,55,3177,54,3701,53,136,52,201,51,85,56,252,57,1618,58,9792,59,5024,61,100,55.5
2026-04-17 10:04:54 PM,KXWTAMATCH-26APR18RYBAND-RYB,55,3177,54,3701,53,136,52,201,51,85,56,140,57,1618,58,9792,59,5024,61,100,55.5
2026-04-17 10:05:05 PM,KXWTAMATCH-26APR18RYBAND-RYB,55,3177,54,3701,53,136,52,201,51,85,56,140,57,1618,58,9786,59,5024,61,100,55.5
2026-04-17 10:05:05 PM,KXWTAMATCH-26APR18RYBAND-RYB,55,3177,54,3701,53,136,52,201,51,85,56,140,57,1618,58,9780,59,5024,61,100,55.5
2026-04-17 10:05:05 PM,KXWTAMATCH-26APR18RYBAND-RYB,55,3177,54,3701,53,136,52,201,51,85,56,140,57,1618,58,9774,59,5024,61,100,55.5
2026-04-17 10:05:05 PM,KXWTAMATCH-26APR18RYBAND-RYB,55,3264,54,3701,53,136,52,201,51,85,56,140,57,1618,58,9774,59,5024,61,100,55.5
2026-04-17 10:05:22 PM,KXWTAMATCH-26APR18RYBAND-RYB,55,3264,54,3701,53,224,52,201,51,85,56,140,57,1618,58,9774,59,5024,61,100,55.5
2026-04-17 10:05:22 PM,KXWTAMATCH-26APR18RYBAND-RYB,55,3264,54,3701,53,224,52,113,51,85,56,140,57,1618,58,9774,59,5024,61,100,55.5
2026-04-17 10:05:30 PM,KXWTAMATCH-26APR18RYBAND-RYB,55,3264,54,3701,53,224,52,201,51,85,56,140,57,1618,58,9774,59,5024,61,100,55.5
2026-04-17 10:05:30 PM,KXWTAMATCH-26APR18RYBAND-RYB,55,3264,54,3701,53,136,52,201,51,85,56,140,57,1618,58,9774,59,5024,61,100,55.5
2026-04-17 10:05:31 PM,KXWTAMATCH-26APR18RYBAND-RYB,55,3264,54,3701,53,136,52,113,51,85,56,140,57,1618,58,9774,59,5024,61,100,55.5
2026-04-17 10:05:41 PM,KXWTAMATCH-26APR18RYBAND-RYB,55,3264,54,3701,53,136,52,201,51,85,56,140,57,1618,58,9774,59,5024,61,100,55.5
2026-04-17 10:06:01 PM,KXWTAMATCH-26APR18RYBAND-RYB,55,3264,54,3701,53,136,52,201,51,85,56,140,57,1565,58,9774,59,5024,61,100,55.5
2026-04-17 10:06:01 PM,KXWTAMATCH-26APR18RYBAND-RYB,55,3261,54,3701,53,136,52,201,51,85,56,140,57,1565,58,9774,59,5024,61,100,55.5
2026-04-17 10:06:01 PM,KXWTAMATCH-26APR18RYBAND-RYB,55,3261,54,3701,53,136,52,201,51,85,56,140,57,1621,58,9774,59,5024,61,100,55.5
2026-04-17 10:06:39 PM,KXWTAMATCH-26APR18RYBAND-RYB,55,3261,54,3701,53,136,52,201,51,85,56,140,57,1621,58,9967,59,5024,61,100,55.5
