ts_et,ticker,bid_1,bid_1_sz,bid_2,bid_2_sz,bid_3,bid_3_sz,bid_4,bid_4_sz,bid_5,bid_5_sz,ask_1,ask_1_sz,ask_2,ask_2_sz,ask_3,ask_3_sz,ask_4,ask_4_sz,ask_5,ask_5_sz,mid
2026-04-17 09:43:06 PM,KXWTAMATCH-26APR18PODCIR-POD,16,87,15,759,14,2464,13,5596,12,5960,17,3252,18,7808,19,5293,20,131,32,625,16.5
2026-04-17 09:43:09 PM,KXWTAMATCH-26APR18PODCIR-POD,16,87,15,759,14,2464,13,5596,12,5960,17,3252,18,7808,19,5393,20,131,32,625,16.5
2026-04-17 09:43:09 PM,KXWTAMATCH-26APR18PODCIR-POD,16,87,15,759,14,2464,13,5596,12,5960,17,3252,18,7808,19,5393,20,30,32,625,16.5
2026-04-17 09:43:09 PM,KXWTAMATCH-26APR18PODCIR-POD,16,87,15,759,14,2464,13,5596,12,5960,17,3252,18,7808,19,5393,32,625,43,746,16.5
2026-04-17 09:43:09 PM,KXWTAMATCH-26APR18PODCIR-POD,16,87,15,759,14,2464,13,5596,12,5960,17,3252,18,7808,19,5393,31,43,32,625,16.5
2026-04-17 09:43:27 PM,KXWTAMATCH-26APR18PODCIR-POD,16,87,15,759,14,2464,13,5596,12,5960,17,3114,18,7808,19,5393,31,43,32,625,16.5
2026-04-17 09:43:27 PM,KXWTAMATCH-26APR18PODCIR-POD,16,87,15,759,14,2464,13,5596,12,5960,17,3114,18,7662,19,5393,31,43,32,625,16.5
2026-04-17 09:43:27 PM,KXWTAMATCH-26APR18PODCIR-POD,16,87,15,796,14,2464,13,5596,12,5960,17,3114,18,7662,19,5393,31,43,32,625,16.5
2026-04-17 09:43:27 PM,KXWTAMATCH-26APR18PODCIR-POD,16,87,15,796,14,2464,13,5596,12,5960,17,3252,18,7662,19,5393,31,43,32,625,16.5
2026-04-17 09:43:27 PM,KXWTAMATCH-26APR18PODCIR-POD,16,87,15,796,14,2464,13,5596,12,5960,17,3372,18,7662,19,5393,31,43,32,625,16.5
2026-04-17 09:44:13 PM,KXWTAMATCH-26APR18PODCIR-POD,16,87,15,796,14,2464,13,5596,12,6028,17,3372,18,7662,19,5393,31,43,32,625,16.5
2026-04-17 09:45:14 PM,KXWTAMATCH-26APR18PODCIR-POD,16,87,15,796,14,2464,13,5652,12,6028,17,3372,18,7662,19,5393,31,43,32,625,16.5
2026-04-17 09:45:14 PM,KXWTAMATCH-26APR18PODCIR-POD,16,87,15,796,14,2464,13,5652,12,5960,17,3372,18,7662,19,5393,31,43,32,625,16.5
2026-04-17 09:45:37 PM,KXWTAMATCH-26APR18PODCIR-POD,16,87,15,796,14,2464,13,5800,12,5960,17,3372,18,7662,19,5393,31,43,32,625,16.5
2026-04-17 09:45:37 PM,KXWTAMATCH-26APR18PODCIR-POD,16,87,15,796,14,2464,13,5652,12,5960,17,3372,18,7662,19,5393,31,43,32,625,16.5
2026-04-17 09:45:58 PM,KXWTAMATCH-26APR18PODCIR-POD,16,87,15,796,14,2464,13,5652,12,5960,17,3372,18,7662,19,5293,31,43,32,625,16.5
2026-04-17 09:45:58 PM,KXWTAMATCH-26APR18PODCIR-POD,16,87,15,796,14,2464,13,5596,12,5960,17,3372,18,7662,19,5293,31,43,32,625,16.5
2026-04-17 09:45:58 PM,KXWTAMATCH-26APR18PODCIR-POD,16,87,15,796,14,2464,13,5596,12,5960,17,3372,18,7662,19,5293,20,101,31,43,16.5
2026-04-17 09:45:58 PM,KXWTAMATCH-26APR18PODCIR-POD,16,87,15,796,14,2464,13,5596,12,5960,17,3372,18,7662,19,5293,20,131,31,43,16.5
2026-04-17 09:45:58 PM,KXWTAMATCH-26APR18PODCIR-POD,16,87,15,796,14,2464,13,5596,12,5960,17,3372,18,7662,19,5293,20,131,32,625,16.5
2026-04-17 09:50:48 PM,KXWTAMATCH-26APR18PODCIR-POD,16,87,15,796,14,2464,13,5596,12,5960,17,3372,18,7715,19,5293,20,131,32,625,16.5
2026-04-17 09:51:22 PM,KXWTAMATCH-26APR18PODCIR-POD,16,87,15,796,14,2464,13,5596,12,5960,17,3367,18,7715,19,5293,20,131,32,625,16.5
2026-04-17 09:52:35 PM,KXWTAMATCH-26APR18PODCIR-POD,16,87,15,796,14,2464,13,5596,12,5960,17,3367,18,7715,19,5293,20,30,32,625,16.5
2026-04-17 09:52:35 PM,KXWTAMATCH-26APR18PODCIR-POD,16,87,15,796,14,2464,13,5596,12,6021,17,3367,18,7715,19,5293,20,30,32,625,16.5
2026-04-17 09:52:35 PM,KXWTAMATCH-26APR18PODCIR-POD,16,87,15,796,14,2464,13,5596,12,6021,17,3367,18,7715,19,5293,20,30,31,43,16.5
2026-04-17 09:52:35 PM,KXWTAMATCH-26APR18PODCIR-POD,16,87,15,796,14,2464,13,5596,12,6021,17,3367,18,7715,19,5293,31,43,32,625,16.5
2026-04-17 09:52:35 PM,KXWTAMATCH-26APR18PODCIR-POD,16,87,15,796,14,2464,13,5596,12,6021,17,3367,18,7715,19,5393,31,43,32,625,16.5
2026-04-17 09:52:36 PM,KXWTAMATCH-26APR18PODCIR-POD,16,87,15,796,14,2464,13,5596,12,5960,17,3367,18,7715,19,5393,31,43,32,625,16.5
2026-04-17 09:52:36 PM,KXWTAMATCH-26APR18PODCIR-POD,16,87,15,796,14,2464,13,5652,12,5960,17,3367,18,7715,19,5393,31,43,32,625,16.5
2026-04-17 09:52:39 PM,KXWTAMATCH-26APR18PODCIR-POD,16,87,15,796,14,2464,13,5748,12,5960,17,3367,18,7715,19,5393,31,43,32,625,16.5
2026-04-17 09:53:09 PM,KXWTAMATCH-26APR18PODCIR-POD,16,87,15,796,14,2464,13,5652,12,5960,17,3367,18,7715,19,5393,31,43,32,625,16.5
2026-04-17 09:53:15 PM,KXWTAMATCH-26APR18PODCIR-POD,16,87,15,796,14,2464,13,5845,12,5960,17,3367,18,7715,19,5393,31,43,32,625,16.5
2026-04-17 09:53:15 PM,KXWTAMATCH-26APR18PODCIR-POD,16,87,15,796,14,2271,13,5845,12,5960,17,3367,18,7715,19,5393,31,43,32,625,16.5
2026-04-17 09:53:15 PM,KXWTAMATCH-26APR18PODCIR-POD,16,87,15,796,14,2271,13,845,12,5960,17,3367,18,7715,19,5393,31,43,32,625,16.5
2026-04-17 09:53:15 PM,KXWTAMATCH-26APR18PODCIR-POD,16,87,15,796,14,2271,13,789,12,5960,17,3367,18,7715,19,5393,31,43,32,625,16.5
2026-04-17 09:53:15 PM,KXWTAMATCH-26APR18PODCIR-POD,16,87,15,796,14,2271,13,789,12,6021,17,3367,18,7715,19,5393,31,43,32,625,16.5
2026-04-17 09:53:23 PM,KXWTAMATCH-26APR18PODCIR-POD,16,87,15,796,14,2271,13,789,12,6021,17,3174,18,7715,19,5393,31,43,32,625,16.5
2026-04-17 09:53:23 PM,KXWTAMATCH-26APR18PODCIR-POD,16,87,15,796,14,2271,13,789,12,6021,17,3367,18,7715,19,5393,31,43,32,625,16.5
2026-04-17 09:53:24 PM,KXWTAMATCH-26APR18PODCIR-POD,16,87,15,796,14,2271,13,596,12,6021,17,3367,18,7715,19,5393,31,43,32,625,16.5
2026-04-17 09:53:24 PM,KXWTAMATCH-26APR18PODCIR-POD,16,87,15,796,14,2464,13,596,12,6021,17,3367,18,7715,19,5393,31,43,32,625,16.5
2026-04-17 09:53:26 PM,KXWTAMATCH-26APR18PODCIR-POD,16,87,15,796,14,2464,13,596,12,6076,17,3367,18,7715,19,5393,31,43,32,625,16.5
2026-04-17 09:53:45 PM,KXWTAMATCH-26APR18PODCIR-POD,16,87,15,796,14,2464,13,789,12,6076,17,3367,18,7715,19,5393,31,43,32,625,16.5
2026-04-17 09:53:45 PM,KXWTAMATCH-26APR18PODCIR-POD,16,29,15,796,14,2464,13,789,12,6076,17,3367,18,7715,19,5393,31,43,32,625,16.5
2026-04-17 09:53:45 PM,KXWTAMATCH-26APR18PODCIR-POD,16,29,15,796,14,2464,13,789,12,6015,17,3367,18,7715,19,5393,31,43,32,625,16.5
2026-04-17 09:53:45 PM,KXWTAMATCH-26APR18PODCIR-POD,16,29,15,796,14,2464,13,845,12,6015,17,3367,18,7715,19,5393,31,43,32,625,16.5
2026-04-17 09:53:45 PM,KXWTAMATCH-26APR18PODCIR-POD,16,29,15,796,14,2464,13,845,12,5960,17,3367,18,7715,19,5393,31,43,32,625,16.5
2026-04-17 09:53:45 PM,KXWTAMATCH-26APR18PODCIR-POD,16,29,15,796,14,2271,13,845,12,5960,17,3367,18,7715,19,5393,31,43,32,625,16.5
2026-04-17 09:53:45 PM,KXWTAMATCH-26APR18PODCIR-POD,16,29,15,796,14,2271,13,652,12,5960,17,3367,18,7715,19,5393,31,43,32,625,16.5
2026-04-17 09:53:48 PM,KXWTAMATCH-26APR18PODCIR-POD,16,29,15,796,14,2271,13,652,12,6021,17,3367,18,7715,19,5393,31,43,32,625,16.5
2026-04-17 09:53:48 PM,KXWTAMATCH-26APR18PODCIR-POD,16,29,15,796,14,2271,13,596,12,6021,17,3367,18,7715,19,5393,31,43,32,625,16.5
2026-04-17 09:53:57 PM,KXWTAMATCH-26APR18PODCIR-POD,16,29,15,796,14,2271,13,789,12,6021,17,3367,18,7715,19,5393,31,43,32,625,16.5
2026-04-17 09:53:57 PM,KXWTAMATCH-26APR18PODCIR-POD,16,29,15,796,14,2271,13,789,12,6076,17,3367,18,7715,19,5393,31,43,32,625,16.5
2026-04-17 09:54:06 PM,KXWTAMATCH-26APR18PODCIR-POD,16,29,15,796,14,2271,13,789,12,6076,17,3174,18,7715,19,5393,31,43,32,625,16.5
2026-04-17 09:54:06 PM,KXWTAMATCH-26APR18PODCIR-POD,16,29,15,796,14,2271,13,789,12,6076,17,3367,18,7715,19,5393,31,43,32,625,16.5
2026-04-17 09:54:25 PM,KXWTAMATCH-26APR18PODCIR-POD,16,29,15,796,14,2271,13,789,12,6076,17,3367,18,7715,19,5293,31,43,32,625,16.5
2026-04-17 09:54:25 PM,KXWTAMATCH-26APR18PODCIR-POD,16,29,15,796,14,2271,13,789,12,6021,17,3367,18,7715,19,5293,31,43,32,625,16.5
2026-04-17 09:54:25 PM,KXWTAMATCH-26APR18PODCIR-POD,16,29,15,796,14,2271,13,789,12,6021,17,3367,18,7813,19,5293,31,43,32,625,16.5
2026-04-17 09:54:34 PM,KXWTAMATCH-26APR18PODCIR-POD,16,29,15,796,14,2271,13,789,12,6076,17,3367,18,7813,19,5293,31,43,32,625,16.5
2026-04-17 09:54:56 PM,KXWTAMATCH-26APR18PODCIR-POD,16,29,15,796,14,2271,13,789,12,6021,17,3367,18,7813,19,5293,31,43,32,625,16.5
2026-04-17 09:55:04 PM,KXWTAMATCH-26APR18PODCIR-POD,16,29,15,796,14,2271,13,789,12,6076,17,3367,18,7813,19,5293,31,43,32,625,16.5
2026-04-17 09:55:13 PM,KXWTAMATCH-26APR18PODCIR-POD,16,29,15,796,14,2271,13,789,12,6021,17,3367,18,7813,19,5293,31,43,32,625,16.5
2026-04-17 09:55:18 PM,KXWTAMATCH-26APR18PODCIR-POD,16,29,15,796,14,2271,13,789,12,6021,17,3174,18,7813,19,5293,31,43,32,625,16.5
2026-04-17 09:55:19 PM,KXWTAMATCH-26APR18PODCIR-POD,16,29,15,796,14,2271,13,789,12,6021,17,3367,18,7813,19,5293,31,43,32,625,16.5
2026-04-17 09:55:23 PM,KXWTAMATCH-26APR18PODCIR-POD,16,29,15,796,14,2271,13,789,12,6076,17,3367,18,7813,19,5293,31,43,32,625,16.5
2026-04-17 09:55:36 PM,KXWTAMATCH-26APR18PODCIR-POD,16,29,15,796,14,2271,13,789,12,6021,17,3367,18,7813,19,5293,31,43,32,625,16.5
2026-04-17 09:55:40 PM,KXWTAMATCH-26APR18PODCIR-POD,16,29,15,796,14,2271,13,789,12,6021,17,3174,18,7813,19,5293,31,43,32,625,16.5
2026-04-17 09:55:52 PM,KXWTAMATCH-26APR18PODCIR-POD,16,29,15,796,14,2271,13,789,12,6021,17,3174,18,7814,19,5293,31,43,32,625,16.5
2026-04-17 09:55:52 PM,KXWTAMATCH-26APR18PODCIR-POD,16,29,15,796,14,2271,13,789,12,6021,17,3367,18,7814,19,5293,31,43,32,625,16.5
2026-04-17 09:55:52 PM,KXWTAMATCH-26APR18PODCIR-POD,16,29,15,796,14,2271,13,789,12,6076,17,3367,18,7814,19,5293,31,43,32,625,16.5
2026-04-17 09:55:52 PM,KXWTAMATCH-26APR18PODCIR-POD,16,29,15,796,14,2271,13,789,12,6076,17,3367,18,7813,19,5293,31,43,32,625,16.5
2026-04-17 09:55:54 PM,KXWTAMATCH-26APR18PODCIR-POD,16,29,15,796,14,2271,13,789,12,6076,17,3317,18,7813,19,5293,31,43,32,625,16.5
2026-04-17 09:55:54 PM,KXWTAMATCH-26APR18PODCIR-POD,16,29,15,796,14,2271,13,789,12,6076,17,3317,18,7810,19,5293,31,43,32,625,16.5
2026-04-17 09:55:54 PM,KXWTAMATCH-26APR18PODCIR-POD,16,29,15,796,14,2271,13,789,12,6076,17,3372,18,7810,19,5293,31,43,32,625,16.5
2026-04-17 09:56:24 PM,KXWTAMATCH-26APR18PODCIR-POD,16,29,15,796,14,2271,13,789,12,6076,17,3372,18,7757,19,5293,31,43,32,625,16.5
2026-04-17 09:56:39 PM,KXWTAMATCH-26APR18PODCIR-POD,16,29,15,796,14,2271,13,789,12,6076,17,3179,18,7757,19,5293,31,43,32,625,16.5
2026-04-17 09:58:44 PM,KXWTAMATCH-26APR18PODCIR-POD,16,29,15,796,14,2271,13,789,12,6076,17,3372,18,7757,19,5293,31,43,32,625,16.5
2026-04-17 09:58:50 PM,KXWTAMATCH-26APR18PODCIR-POD,16,29,15,796,14,2271,13,789,12,6076,17,3179,18,7757,19,5293,31,43,32,625,16.5
2026-04-17 09:59:23 PM,KXWTAMATCH-26APR18PODCIR-POD,16,29,15,796,14,2271,13,789,12,6076,17,3179,18,7797,19,5293,31,43,32,625,16.5
2026-04-17 10:00:02 PM,KXWTAMATCH-26APR18PODCIR-POD,16,29,15,796,14,2271,13,789,12,6076,17,3372,18,7797,19,5293,31,43,32,625,16.5
2026-04-17 10:00:03 PM,KXWTAMATCH-26APR18PODCIR-POD,16,29,15,796,14,2271,13,789,12,6076,17,3179,18,7797,19,5293,31,43,32,625,16.5
2026-04-17 10:00:29 PM,KXWTAMATCH-26APR18PODCIR-POD,16,29,15,796,14,2271,13,789,12,6076,17,3372,18,7797,19,5293,31,43,32,625,16.5
2026-04-17 10:00:43 PM,KXWTAMATCH-26APR18PODCIR-POD,16,29,15,796,14,2271,13,789,12,6076,17,3179,18,7797,19,5293,31,43,32,625,16.5
2026-04-17 10:01:16 PM,KXWTAMATCH-26APR18PODCIR-POD,16,29,15,796,14,2271,13,789,12,6076,17,3234,18,7797,19,5293,31,43,32,625,16.5
2026-04-17 10:01:53 PM,KXWTAMATCH-26APR18PODCIR-POD,16,29,15,796,14,2271,13,789,12,6076,17,3234,18,7798,19,5293,31,43,32,625,16.5
2026-04-17 10:01:53 PM,KXWTAMATCH-26APR18PODCIR-POD,16,29,15,796,14,2271,13,789,12,6076,17,3234,18,7797,19,5293,31,43,32,625,16.5
2026-04-17 10:04:07 PM,KXWTAMATCH-26APR18PODCIR-POD,16,29,15,796,14,2271,13,789,12,6076,17,3427,18,7797,19,5293,31,43,32,625,16.5
2026-04-17 10:04:46 PM,KXWTAMATCH-26APR18PODCIR-POD,16,29,15,796,14,2271,13,789,12,6076,17,2910,18,7797,19,5293,31,43,32,625,16.5
2026-04-17 10:04:46 PM,KXWTAMATCH-26APR18PODCIR-POD,16,29,15,796,14,2271,13,789,12,6076,17,2868,18,7797,19,5293,31,43,32,625,16.5
2026-04-17 10:04:46 PM,KXWTAMATCH-26APR18PODCIR-POD,16,29,15,796,14,2271,13,789,12,6076,17,2715,18,7797,19,5293,31,43,32,625,16.5
2026-04-17 10:04:46 PM,KXWTAMATCH-26APR18PODCIR-POD,16,29,15,796,14,2271,13,789,12,6076,17,2525,18,7797,19,5293,31,43,32,625,16.5
2026-04-17 10:04:46 PM,KXWTAMATCH-26APR18PODCIR-POD,16,29,15,796,14,2271,13,789,12,6076,17,2421,18,7797,19,5293,31,43,32,625,16.5
2026-04-17 10:04:46 PM,KXWTAMATCH-26APR18PODCIR-POD,16,29,15,796,14,2271,13,789,12,6076,17,2421,18,7520,19,5293,31,43,32,625,16.5
2026-04-17 10:04:47 PM,KXWTAMATCH-26APR18PODCIR-POD,16,29,15,903,14,2271,13,789,12,6076,17,2421,18,7520,19,5293,31,43,32,625,16.5
2026-04-17 10:04:47 PM,KXWTAMATCH-26APR18PODCIR-POD,16,29,15,903,14,2271,13,789,12,6076,17,2734,18,7520,19,5293,31,43,32,625,16.5
2026-04-17 10:04:47 PM,KXWTAMATCH-26APR18PODCIR-POD,16,29,15,903,14,2271,13,789,12,6076,17,3669,18,7520,19,5293,31,43,32,625,16.5
2026-04-17 10:05:17 PM,KXWTAMATCH-26APR18PODCIR-POD,16,29,15,903,14,2271,13,789,12,6076,17,3669,18,7480,19,5293,31,43,32,625,16.5
2026-04-17 10:07:52 PM,KXWTAMATCH-26APR18PODCIR-POD,16,29,15,903,14,2297,13,789,12,6076,17,3669,18,7480,19,5293,31,43,32,625,16.5
2026-04-17 10:07:52 PM,KXWTAMATCH-26APR18PODCIR-POD,16,4,15,903,14,2297,13,789,12,6076,17,3669,18,7480,19,5293,31,43,32,625,16.5
2026-04-17 10:07:52 PM,KXWTAMATCH-26APR18PODCIR-POD,16,4,15,903,14,2297,13,789,12,6076,17,3669,18,7505,19,5293,31,43,32,625,16.5
2026-04-17 10:07:52 PM,KXWTAMATCH-26APR18PODCIR-POD,16,4,15,887,14,2297,13,789,12,6076,17,3669,18,7505,19,5293,31,43,32,625,16.5
2026-04-17 10:07:52 PM,KXWTAMATCH-26APR18PODCIR-POD,16,4,15,887,14,2297,13,789,12,6076,17,3669,18,7505,19,5293,32,625,37,50,16.5
2026-04-17 10:07:53 PM,KXWTAMATCH-26APR18PODCIR-POD,16,4,15,887,14,2297,13,789,12,6076,17,3673,18,7505,19,5293,32,625,37,50,16.5
2026-04-17 10:07:53 PM,KXWTAMATCH-26APR18PODCIR-POD,16,4,15,885,14,2297,13,789,12,6076,17,3673,18,7505,19,5293,32,625,37,50,16.5
2026-04-17 10:07:53 PM,KXWTAMATCH-26APR18PODCIR-POD,16,4,15,885,14,2295,13,789,12,6076,17,3673,18,7505,19,5293,32,625,37,50,16.5
2026-04-17 10:08:15 PM,KXWTAMATCH-26APR18PODCIR-POD,16,4,15,885,14,2295,13,789,12,6076,17,3596,18,7505,19,5293,32,625,37,50,16.5
2026-04-17 10:08:15 PM,KXWTAMATCH-26APR18PODCIR-POD,16,4,15,885,14,2295,13,789,12,6076,17,3563,18,7505,19,5293,32,625,37,50,16.5
2026-04-17 10:08:15 PM,KXWTAMATCH-26APR18PODCIR-POD,16,4,15,901,14,2295,13,789,12,6076,17,3563,18,7505,19,5293,32,625,37,50,16.5
2026-04-17 10:08:15 PM,KXWTAMATCH-26APR18PODCIR-POD,16,4,15,901,14,2311,13,789,12,6076,17,3563,18,7505,19,5293,32,625,37,50,16.5
2026-04-17 10:08:15 PM,KXWTAMATCH-26APR18PODCIR-POD,16,4,15,901,14,2311,13,789,12,6076,17,4157,18,7505,19,5293,32,625,37,50,16.5
2026-04-17 10:08:27 PM,KXWTAMATCH-26APR18PODCIR-POD,16,4,15,901,14,2311,13,789,12,6076,17,4197,18,7505,19,5293,32,625,37,50,16.5
2026-04-17 10:09:03 PM,KXWTAMATCH-26APR18PODCIR-POD,16,4,15,901,14,2311,13,789,12,6076,17,4198,18,7505,19,5293,32,625,37,50,16.5
2026-04-17 10:11:03 PM,KXWTAMATCH-26APR18PODCIR-POD,16,4,15,901,14,2311,13,789,12,6076,17,4005,18,7505,19,5293,32,625,37,50,16.5
2026-04-17 10:11:03 PM,KXWTAMATCH-26APR18PODCIR-POD,16,4,15,901,14,2311,13,789,12,6076,17,4005,18,7505,19,5302,32,625,37,50,16.5
2026-04-17 10:11:11 PM,KXWTAMATCH-26APR18PODCIR-POD,16,4,15,901,14,2311,13,789,12,6076,17,4198,18,7505,19,5302,32,625,37,50,16.5
2026-04-17 10:11:12 PM,KXWTAMATCH-26APR18PODCIR-POD,16,4,15,901,14,2311,13,789,12,6570,17,4198,18,7505,19,5302,32,625,37,50,16.5
2026-04-17 10:11:24 PM,KXWTAMATCH-26APR18PODCIR-POD,16,4,15,901,14,2285,13,789,12,6570,17,4198,18,7505,19,5302,32,625,37,50,16.5
2026-04-17 10:11:24 PM,KXWTAMATCH-26APR18PODCIR-POD,16,4,15,901,14,2285,13,789,12,6570,17,4198,18,7480,19,5302,32,625,37,50,16.5
2026-04-17 10:11:24 PM,KXWTAMATCH-26APR18PODCIR-POD,16,29,15,901,14,2285,13,789,12,6570,17,4198,18,7480,19,5302,32,625,37,50,16.5
2026-04-17 10:11:24 PM,KXWTAMATCH-26APR18PODCIR-POD,16,29,15,918,14,2285,13,789,12,6570,17,4198,18,7480,19,5302,32,625,37,50,16.5
2026-04-17 10:11:24 PM,KXWTAMATCH-26APR18PODCIR-POD,16,29,15,918,14,2285,13,789,12,6570,17,4198,18,7480,19,5302,31,43,32,625,16.5
2026-04-17 10:18:21 PM,KXWTAMATCH-26APR18PODCIR-POD,16,29,15,918,14,2285,13,789,12,6570,17,4203,18,7480,19,5302,31,43,32,625,16.5
2026-04-17 10:18:22 PM,KXWTAMATCH-26APR18PODCIR-POD,16,29,15,916,14,2285,13,789,12,6570,17,4203,18,7480,19,5302,31,43,32,625,16.5
2026-04-17 10:18:22 PM,KXWTAMATCH-26APR18PODCIR-POD,16,29,15,916,14,2283,13,789,12,6570,17,4203,18,7480,19,5302,31,43,32,625,16.5
2026-04-17 10:20:37 PM,KXWTAMATCH-26APR18PODCIR-POD,16,29,15,916,14,2283,13,789,12,6570,17,4151,18,7480,19,5302,31,43,32,625,16.5
2026-04-17 10:20:38 PM,KXWTAMATCH-26APR18PODCIR-POD,16,29,15,942,14,2283,13,789,12,6570,17,4151,18,7480,19,5302,31,43,32,625,16.5
2026-04-17 10:20:39 PM,KXWTAMATCH-26APR18PODCIR-POD,16,29,15,942,14,2309,13,789,12,6570,17,4151,18,7480,19,5302,31,43,32,625,16.5
2026-04-17 10:20:49 PM,KXWTAMATCH-26APR18PODCIR-POD,16,29,15,942,14,2309,13,789,12,6570,17,4151,18,2480,19,5302,31,43,32,625,16.5
2026-04-17 10:20:49 PM,KXWTAMATCH-26APR18PODCIR-POD,16,29,15,942,14,2309,13,789,12,6570,17,4151,18,2382,19,5302,31,43,32,625,16.5
2026-04-17 10:20:49 PM,KXWTAMATCH-26APR18PODCIR-POD,16,29,15,942,14,2309,13,789,12,6570,17,4151,18,2382,19,5302,31,5043,32,625,16.5
2026-04-17 10:20:49 PM,KXWTAMATCH-26APR18PODCIR-POD,16,29,15,942,14,2309,13,789,12,6570,17,4151,18,2382,19,5302,31,5043,32,5625,16.5
2026-04-17 10:20:49 PM,KXWTAMATCH-26APR18PODCIR-POD,16,29,15,942,14,2309,13,789,12,6570,17,4151,18,2382,19,302,31,5043,32,5625,16.5
2026-04-17 10:20:49 PM,KXWTAMATCH-26APR18PODCIR-POD,16,29,15,942,14,2309,13,789,12,6570,17,4151,18,2382,19,302,30,43,31,5043,16.5
2026-04-17 10:20:49 PM,KXWTAMATCH-26APR18PODCIR-POD,16,29,15,942,14,2309,13,789,12,6570,17,4151,18,2382,19,302,30,43,31,5000,16.5
2026-04-17 10:20:49 PM,KXWTAMATCH-26APR18PODCIR-POD,16,29,15,942,14,2309,13,789,12,6570,17,4151,18,2382,19,302,30,650,31,5000,16.5
2026-04-17 10:20:49 PM,KXWTAMATCH-26APR18PODCIR-POD,16,29,15,942,14,2309,13,789,12,6570,17,4151,18,2382,19,302,30,650,37,50,16.5
2026-04-17 10:20:49 PM,KXWTAMATCH-26APR18PODCIR-POD,16,29,15,942,14,2309,13,789,12,6570,17,4151,18,2382,19,353,30,650,37,50,16.5
2026-04-17 10:20:50 PM,KXWTAMATCH-26APR18PODCIR-POD,16,29,15,942,14,2309,13,789,12,6570,17,4151,18,2382,19,402,30,650,37,50,16.5
2026-04-17 10:20:50 PM,KXWTAMATCH-26APR18PODCIR-POD,16,29,15,942,14,2309,13,789,12,6570,17,4151,18,2382,19,402,30,607,37,50,16.5
2026-04-17 10:20:50 PM,KXWTAMATCH-26APR18PODCIR-POD,16,29,15,942,14,2309,13,789,12,6570,17,4151,18,2382,19,402,29,43,30,607,16.5
2026-04-17 10:20:54 PM,KXWTAMATCH-26APR18PODCIR-POD,16,29,15,942,14,2309,13,789,12,6570,17,4151,18,2382,19,353,29,43,30,607,16.5
2026-04-17 10:20:54 PM,KXWTAMATCH-26APR18PODCIR-POD,16,29,15,942,14,2309,13,789,12,6570,17,4151,18,2480,19,353,29,43,30,607,16.5
2026-04-17 10:20:54 PM,KXWTAMATCH-26APR18PODCIR-POD,16,29,15,942,14,2309,13,5789,12,6570,17,4151,18,2480,19,353,29,43,30,607,16.5
2026-04-17 10:20:54 PM,KXWTAMATCH-26APR18PODCIR-POD,16,29,15,942,14,2309,13,5789,12,6570,17,4151,18,7480,19,353,29,43,30,607,16.5
2026-04-17 10:20:54 PM,KXWTAMATCH-26APR18PODCIR-POD,16,29,15,942,14,2309,13,5789,12,6570,17,4151,18,7480,19,5353,29,43,30,607,16.5
2026-04-17 10:20:54 PM,KXWTAMATCH-26APR18PODCIR-POD,16,29,15,942,14,2309,13,5789,12,6570,17,4151,18,7480,19,5302,29,43,30,607,16.5
2026-04-17 10:20:55 PM,KXWTAMATCH-26APR18PODCIR-POD,16,29,15,942,14,2309,13,5596,12,6570,17,4151,18,7480,19,5302,29,43,30,607,16.5
2026-04-17 10:20:55 PM,KXWTAMATCH-26APR18PODCIR-POD,16,29,15,942,14,2309,13,5596,12,6076,17,4151,18,7480,19,5302,29,43,30,607,16.5
2026-04-17 10:20:55 PM,KXWTAMATCH-26APR18PODCIR-POD,16,29,15,942,14,2309,13,5596,12,6021,17,4151,18,7480,19,5302,29,43,30,607,16.5
2026-04-17 10:20:55 PM,KXWTAMATCH-26APR18PODCIR-POD,16,29,15,942,14,2309,13,5789,12,6021,17,4151,18,7480,19,5302,29,43,30,607,16.5
2026-04-17 10:21:03 PM,KXWTAMATCH-26APR18PODCIR-POD,16,29,15,942,14,2309,13,5789,12,6021,17,4020,18,7480,19,5302,29,43,30,607,16.5
2026-04-17 10:21:04 PM,KXWTAMATCH-26APR18PODCIR-POD,16,29,15,1007,14,2309,13,5789,12,6021,17,4020,18,7480,19,5302,29,43,30,607,16.5
2026-04-17 10:21:04 PM,KXWTAMATCH-26APR18PODCIR-POD,16,29,15,1007,14,2374,13,5789,12,6021,17,4020,18,7480,19,5302,29,43,30,607,16.5
2026-04-17 10:21:06 PM,KXWTAMATCH-26APR18PODCIR-POD,16,29,15,1007,14,2374,13,5789,12,6021,17,4020,18,7382,19,5302,29,43,30,607,16.5
2026-04-17 10:21:06 PM,KXWTAMATCH-26APR18PODCIR-POD,16,29,15,1007,14,2374,13,5789,12,6021,17,4020,18,7382,19,5353,29,43,30,607,16.5
2026-04-17 10:21:06 PM,KXWTAMATCH-26APR18PODCIR-POD,16,29,15,1007,14,2567,13,5789,12,6021,17,4020,18,7382,19,5353,29,43,30,607,16.5
2026-04-17 10:21:06 PM,KXWTAMATCH-26APR18PODCIR-POD,16,29,15,1007,14,2567,13,5596,12,6021,17,4020,18,7382,19,5353,29,43,30,607,16.5
2026-04-17 10:21:06 PM,KXWTAMATCH-26APR18PODCIR-POD,16,29,15,1007,14,2567,13,5596,12,6074,17,4020,18,7382,19,5353,29,43,30,607,16.5
2026-04-17 10:21:08 PM,KXWTAMATCH-26APR18PODCIR-POD,16,29,15,1007,14,2567,13,5596,12,6074,17,4020,18,7575,19,5353,29,43,30,607,16.5
2026-04-17 10:21:08 PM,KXWTAMATCH-26APR18PODCIR-POD,16,29,15,1007,14,2567,13,5596,12,6074,17,3827,18,7575,19,5353,29,43,30,607,16.5
2026-04-17 10:21:08 PM,KXWTAMATCH-26APR18PODCIR-POD,16,29,15,1007,14,2567,13,5596,12,6013,17,3827,18,7575,19,5353,29,43,30,607,16.5
2026-04-17 10:21:08 PM,KXWTAMATCH-26APR18PODCIR-POD,16,29,15,1007,14,2567,13,5596,12,5960,17,3827,18,7575,19,5353,29,43,30,607,16.5
2026-04-17 10:21:08 PM,KXWTAMATCH-26APR18PODCIR-POD,16,29,15,1007,14,2567,13,5596,12,5960,17,3827,18,7575,19,5402,29,43,30,607,16.5
2026-04-17 10:21:08 PM,KXWTAMATCH-26APR18PODCIR-POD,16,29,15,1007,14,2567,13,6220,12,5960,17,3827,18,7575,19,5402,29,43,30,607,16.5
2026-04-17 10:21:15 PM,KXWTAMATCH-26APR18PODCIR-POD,16,29,15,1007,14,2567,13,6275,12,5960,17,3827,18,7575,19,5402,29,43,30,607,16.5
2026-04-17 10:21:15 PM,KXWTAMATCH-26APR18PODCIR-POD,16,29,15,1007,14,7567,13,6275,12,5960,17,3827,18,7575,19,5402,29,43,30,607,16.5
2026-04-17 10:21:15 PM,KXWTAMATCH-26APR18PODCIR-POD,16,29,15,1007,14,7567,13,6275,12,960,17,3827,18,7575,19,5402,29,43,30,607,16.5
2026-04-17 10:21:15 PM,KXWTAMATCH-26APR18PODCIR-POD,16,29,15,1007,14,7567,13,5651,12,960,17,3827,18,7575,19,5402,29,43,30,607,16.5
2026-04-17 10:21:19 PM,KXWTAMATCH-26APR18PODCIR-POD,16,29,15,1007,14,7567,13,5651,12,960,17,3827,18,7575,19,5402,29,43,37,50,16.5
2026-04-17 10:21:19 PM,KXWTAMATCH-26APR18PODCIR-POD,16,29,15,1007,14,7567,13,5651,12,960,17,3827,18,7575,19,5402,29,43,32,625,16.5
2026-04-17 10:21:19 PM,KXWTAMATCH-26APR18PODCIR-POD,16,29,15,1007,14,7567,13,5651,12,960,17,3827,18,7575,19,5402,32,625,36,43,16.5
2026-04-17 10:21:20 PM,KXWTAMATCH-26APR18PODCIR-POD,16,29,15,1007,14,7567,13,5651,12,960,17,3827,18,7575,19,5402,32,625,37,50,16.5
2026-04-17 10:21:20 PM,KXWTAMATCH-26APR18PODCIR-POD,16,29,15,1007,14,7567,13,5651,12,960,17,3827,18,7575,19,5402,31,43,32,625,16.5
2026-04-17 10:21:26 PM,KXWTAMATCH-26APR18PODCIR-POD,16,29,15,1200,14,7567,13,5651,12,960,17,3827,18,7575,19,5402,31,43,32,625,16.5
2026-04-17 10:21:26 PM,KXWTAMATCH-26APR18PODCIR-POD,16,29,15,1200,14,7374,13,5651,12,960,17,3827,18,7575,19,5402,31,43,32,625,16.5
2026-04-17 10:21:31 PM,KXWTAMATCH-26APR18PODCIR-POD,16,29,15,1007,14,7374,13,5651,12,960,17,3827,18,7575,19,5402,31,43,32,625,16.5
2026-04-17 10:21:43 PM,KXWTAMATCH-26APR18PODCIR-POD,16,29,15,1007,14,7374,13,5651,12,960,17,3726,18,7575,19,5402,31,43,32,625,16.5
2026-04-17 10:21:43 PM,KXWTAMATCH-26APR18PODCIR-POD,16,29,15,1057,14,7374,13,5651,12,960,17,3726,18,7575,19,5402,31,43,32,625,16.5
2026-04-17 10:21:43 PM,KXWTAMATCH-26APR18PODCIR-POD,16,29,15,1057,14,7424,13,5651,12,960,17,3726,18,7575,19,5402,31,43,32,625,16.5
2026-04-17 10:21:43 PM,KXWTAMATCH-26APR18PODCIR-POD,16,29,15,1250,14,7424,13,5651,12,960,17,3726,18,7575,19,5402,31,43,32,625,16.5
2026-04-17 10:22:07 PM,KXWTAMATCH-26APR18PODCIR-POD,16,29,15,1250,14,7617,13,5651,12,960,17,3726,18,7575,19,5402,31,43,32,625,16.5
2026-04-17 10:22:07 PM,KXWTAMATCH-26APR18PODCIR-POD,16,29,15,1057,14,7617,13,5651,12,960,17,3726,18,7575,19,5402,31,43,32,625,16.5
2026-04-17 10:22:07 PM,KXWTAMATCH-26APR18PODCIR-POD,16,29,15,1057,14,2617,13,5651,12,960,17,3726,18,7575,19,5402,31,43,32,625,16.5
2026-04-17 10:22:07 PM,KXWTAMATCH-26APR18PODCIR-POD,16,29,15,1057,14,2617,13,5651,12,5960,17,3726,18,7575,19,5402,31,43,32,625,16.5
2026-04-17 10:22:13 PM,KXWTAMATCH-26APR18PODCIR-POD,16,29,15,2104,14,2617,13,5651,12,5960,17,3726,18,7575,19,5402,31,43,32,625,16.5
2026-04-17 10:22:13 PM,KXWTAMATCH-26APR18PODCIR-POD,16,29,15,2104,14,2617,13,5651,12,5643,17,3726,18,7575,19,5402,31,43,32,625,16.5
2026-04-17 10:22:15 PM,KXWTAMATCH-26APR18PODCIR-POD,16,29,15,2104,14,7617,13,5651,12,5643,17,3726,18,7575,19,5402,31,43,32,625,16.5
2026-04-17 10:22:15 PM,KXWTAMATCH-26APR18PODCIR-POD,16,29,15,2104,14,7617,13,5651,12,643,17,3726,18,7575,19,5402,31,43,32,625,16.5
2026-04-17 10:22:36 PM,KXWTAMATCH-26APR18PODCIR-POD,16,29,15,2297,14,7617,13,5651,12,643,17,3726,18,7575,19,5402,31,43,32,625,16.5
2026-04-17 10:22:36 PM,KXWTAMATCH-26APR18PODCIR-POD,16,29,15,2297,14,7617,13,5596,12,643,17,3726,18,7575,19,5402,31,43,32,625,16.5
2026-04-17 10:22:36 PM,KXWTAMATCH-26APR18PODCIR-POD,16,29,15,2297,14,2617,13,5596,12,643,17,3726,18,7575,19,5402,31,43,32,625,16.5
2026-04-17 10:22:36 PM,KXWTAMATCH-26APR18PODCIR-POD,16,29,15,2297,14,2617,13,5596,12,5643,17,3726,18,7575,19,5402,31,43,32,625,16.5
2026-04-17 10:22:36 PM,KXWTAMATCH-26APR18PODCIR-POD,16,29,15,2297,14,2424,13,5596,12,5643,17,3726,18,7575,19,5402,31,43,32,625,16.5
2026-04-17 10:22:38 PM,KXWTAMATCH-26APR18PODCIR-POD,16,29,15,2297,14,2424,13,5596,12,5757,17,3726,18,7575,19,5402,31,43,32,625,16.5
2026-04-17 10:22:39 PM,KXWTAMATCH-26APR18PODCIR-POD,16,29,15,2104,14,2424,13,5596,12,5757,17,3726,18,7575,19,5402,31,43,32,625,16.5
2026-04-17 10:22:44 PM,KXWTAMATCH-26APR18PODCIR-POD,16,29,15,2104,14,2617,13,5596,12,5757,17,3726,18,7575,19,5402,31,43,32,625,16.5
2026-04-17 10:25:20 PM,KXWTAMATCH-26APR18PODCIR-POD,16,29,15,2104,14,2617,13,5596,12,5757,17,3726,18,7575,19,5402,21,3963,31,43,16.5
2026-04-17 10:25:20 PM,KXWTAMATCH-26APR18PODCIR-POD,16,29,15,2104,14,2617,13,5596,12,5757,17,3726,18,7575,19,5402,20,31,21,3963,16.5
2026-04-17 10:26:18 PM,KXWTAMATCH-26APR18PODCIR-POD,16,29,15,2104,14,2617,13,5596,12,5757,17,3727,18,7575,19,5402,20,31,21,3963,16.5
2026-04-17 10:29:57 PM,KXWTAMATCH-26APR18PODCIR-POD,16,29,15,2104,14,2617,13,5596,12,5757,17,2938,18,7575,19,5402,20,31,21,3963,16.5
2026-04-17 10:29:58 PM,KXWTAMATCH-26APR18PODCIR-POD,16,29,15,2104,14,2096,13,5596,12,5757,17,2938,18,7575,19,5402,20,31,21,3963,16.5
2026-04-17 10:29:58 PM,KXWTAMATCH-26APR18PODCIR-POD,16,29,15,2104,14,2002,13,5596,12,5757,17,2938,18,7575,19,5402,20,31,21,3963,16.5
2026-04-17 10:29:58 PM,KXWTAMATCH-26APR18PODCIR-POD,16,29,15,2104,14,1989,13,5596,12,5757,17,2938,18,7575,19,5402,20,31,21,3963,16.5
2026-04-17 10:29:58 PM,KXWTAMATCH-26APR18PODCIR-POD,16,29,15,2104,14,1963,13,5596,12,5757,17,2938,18,7575,19,5402,20,31,21,3963,16.5
2026-04-17 10:29:58 PM,KXWTAMATCH-26APR18PODCIR-POD,16,29,15,2104,14,1898,13,5596,12,5757,17,2938,18,7575,19,5402,20,31,21,3963,16.5
2026-04-17 10:29:58 PM,KXWTAMATCH-26APR18PODCIR-POD,16,29,15,2104,14,1848,13,5596,12,5757,17,2938,18,7575,19,5402,20,31,21,3963,16.5
2026-04-17 10:29:58 PM,KXWTAMATCH-26APR18PODCIR-POD,16,1194,15,2104,14,1848,13,5596,12,5757,17,2938,18,7575,19,5402,20,31,21,3963,16.5
2026-04-17 10:29:58 PM,KXWTAMATCH-26APR18PODCIR-POD,16,1194,15,2498,14,1848,13,5596,12,5757,17,2938,18,7575,19,5402,20,31,21,3963,16.5
2026-04-17 10:31:04 PM,KXWTAMATCH-26APR18PODCIR-POD,16,1194,15,2498,14,1848,13,5596,12,5757,17,2807,18,7575,19,5402,20,31,21,3963,16.5
2026-04-17 10:31:04 PM,KXWTAMATCH-26APR18PODCIR-POD,16,1259,15,2498,14,1848,13,5596,12,5757,17,2807,18,7575,19,5402,20,31,21,3963,16.5
2026-04-17 10:31:04 PM,KXWTAMATCH-26APR18PODCIR-POD,16,1259,15,2563,14,1848,13,5596,12,5757,17,2807,18,7575,19,5402,20,31,21,3963,16.5
2026-04-17 10:31:05 PM,KXWTAMATCH-26APR18PODCIR-POD,16,1259,15,2563,14,1848,13,5596,12,5757,17,2807,18,7576,19,5402,20,31,21,3963,16.5
2026-04-17 10:31:05 PM,KXWTAMATCH-26APR18PODCIR-POD,16,1259,15,2563,14,1848,13,5596,12,5757,17,2807,18,7575,19,5402,20,31,21,3963,16.5
2026-04-17 10:31:46 PM,KXWTAMATCH-26APR18PODCIR-POD,16,1259,15,2563,14,1655,13,5596,12,5757,17,2807,18,7575,19,5402,20,31,21,3963,16.5
2026-04-17 10:31:46 PM,KXWTAMATCH-26APR18PODCIR-POD,16,1259,15,2563,14,1655,13,5596,12,5757,17,2807,18,2575,19,5402,20,31,21,3963,16.5
2026-04-17 10:31:46 PM,KXWTAMATCH-26APR18PODCIR-POD,16,1259,15,2563,14,1655,13,5596,12,5757,17,2807,18,2575,19,5402,20,5031,21,3963,16.5
2026-04-17 10:31:46 PM,KXWTAMATCH-26APR18PODCIR-POD,16,1259,15,2563,14,1655,13,5596,12,5757,17,2807,18,2575,19,5402,20,5031,21,8963,16.5
2026-04-17 10:31:46 PM,KXWTAMATCH-26APR18PODCIR-POD,16,1259,15,2563,14,1655,13,5596,12,5757,17,2807,18,2575,19,402,20,5031,21,8963,16.5
2026-04-17 10:31:46 PM,KXWTAMATCH-26APR18PODCIR-POD,16,1259,15,2563,14,1655,13,5648,12,5757,17,2807,18,2575,19,402,20,5031,21,8963,16.5
2026-04-17 10:31:46 PM,KXWTAMATCH-26APR18PODCIR-POD,16,1259,15,2563,14,1655,13,5648,12,5643,17,2807,18,2575,19,402,20,5031,21,8963,16.5
2026-04-17 10:31:46 PM,KXWTAMATCH-26APR18PODCIR-POD,16,1259,15,2563,14,1655,13,5648,12,5643,17,2807,18,2575,19,402,20,5031,21,3963,16.5
2026-04-17 10:31:46 PM,KXWTAMATCH-26APR18PODCIR-POD,16,1259,15,2563,14,1655,13,5648,12,5548,17,2807,18,2575,19,402,20,5031,21,3963,16.5
2026-04-17 10:31:46 PM,KXWTAMATCH-26APR18PODCIR-POD,16,1259,15,2563,14,1655,13,5648,12,5450,17,2807,18,2575,19,402,20,5031,21,3963,16.5
2026-04-17 10:31:46 PM,KXWTAMATCH-26APR18PODCIR-POD,16,1259,15,2563,14,1655,13,5648,12,5450,17,2494,18,2575,19,402,20,5031,21,3963,16.5
2026-04-17 10:31:46 PM,KXWTAMATCH-26APR18PODCIR-POD,16,1259,15,2563,14,1655,13,5648,12,5450,17,2357,18,2575,19,402,20,5031,21,3963,16.5
2026-04-17 10:31:46 PM,KXWTAMATCH-26APR18PODCIR-POD,16,1259,15,2563,14,1655,13,5648,12,5450,17,2219,18,2575,19,402,20,5031,21,3963,16.5
2026-04-17 10:31:46 PM,KXWTAMATCH-26APR18PODCIR-POD,16,1259,15,2563,14,1655,13,5648,12,5450,17,2164,18,2575,19,402,20,5031,21,3963,16.5
2026-04-17 10:31:46 PM,KXWTAMATCH-26APR18PODCIR-POD,16,1259,15,2563,14,1623,13,5648,12,5450,17,2164,18,2575,19,402,20,5031,21,3963,16.5
2026-04-17 10:31:46 PM,KXWTAMATCH-26APR18PODCIR-POD,16,1259,15,2745,14,1623,13,5648,12,5450,17,2164,18,2575,19,402,20,5031,21,3963,16.5
2026-04-17 10:31:46 PM,KXWTAMATCH-26APR18PODCIR-POD,16,1259,15,2933,14,1623,13,5648,12,5450,17,2164,18,2575,19,402,20,5031,21,3963,16.5
2026-04-17 10:31:46 PM,KXWTAMATCH-26APR18PODCIR-POD,16,1259,15,2933,14,1623,13,5648,12,5450,17,2164,18,2616,19,402,20,5031,21,3963,16.5
2026-04-17 10:31:46 PM,KXWTAMATCH-26APR18PODCIR-POD,16,1259,15,2933,14,1623,13,5648,12,5450,17,2164,18,2616,19,1021,20,5031,21,3963,16.5
2026-04-17 10:31:47 PM,KXWTAMATCH-26APR18PODCIR-POD,16,1259,15,2933,14,1623,13,5648,12,450,17,2164,18,2616,19,1021,20,5031,21,3963,16.5
2026-04-17 10:31:47 PM,KXWTAMATCH-26APR18PODCIR-POD,16,1259,15,2933,14,1623,13,5648,12,450,17,1229,18,2616,19,1021,20,5031,21,3963,16.5
2026-04-17 10:31:47 PM,KXWTAMATCH-26APR18PODCIR-POD,16,1259,15,2751,14,1623,13,5648,12,450,17,1229,18,2616,19,1021,20,5031,21,3963,16.5
2026-04-17 10:31:47 PM,KXWTAMATCH-26APR18PODCIR-POD,16,1259,15,2751,14,1623,13,5648,12,450,17,1229,18,2616,19,1021,20,5031,33,634,16.5
2026-04-17 10:31:47 PM,KXWTAMATCH-26APR18PODCIR-POD,16,1259,15,2751,14,1623,13,5648,12,576,17,1229,18,2616,19,1021,20,5031,33,634,16.5
2026-04-17 10:31:47 PM,KXWTAMATCH-26APR18PODCIR-POD,16,1259,15,2751,14,1623,13,5596,12,576,17,1229,18,2616,19,1021,20,5031,33,634,16.5
2026-04-17 10:31:56 PM,KXWTAMATCH-26APR18PODCIR-POD,16,1259,15,2751,14,6623,13,5596,12,576,17,1229,18,2616,19,1021,20,5031,33,634,16.5
2026-04-17 10:31:56 PM,KXWTAMATCH-26APR18PODCIR-POD,16,1259,15,2751,14,6623,13,5596,12,576,17,1229,18,2616,19,6021,20,5031,33,634,16.5
2026-04-17 10:31:56 PM,KXWTAMATCH-26APR18PODCIR-POD,16,1259,15,2751,14,6806,13,5596,12,576,17,1229,18,2616,19,6021,20,5031,33,634,16.5
2026-04-17 10:32:16 PM,KXWTAMATCH-26APR18PODCIR-POD,16,1259,15,2751,14,6792,13,5596,12,576,17,1229,18,2616,19,6021,20,5031,33,634,16.5
2026-04-17 10:32:55 PM,KXWTAMATCH-26APR18PODCIR-POD,16,1259,15,2751,14,6792,13,5596,12,976,17,1229,18,2616,19,6021,20,5031,33,634,16.5
2026-04-17 10:33:30 PM,KXWTAMATCH-26APR18PODCIR-POD,16,1259,15,2751,14,6609,13,5596,12,976,17,1229,18,2616,19,6021,20,5031,33,634,16.5
2026-04-17 10:33:30 PM,KXWTAMATCH-26APR18PODCIR-POD,16,1259,15,2751,14,6792,13,5596,12,976,17,1229,18,2616,19,6021,20,5031,33,634,16.5
2026-04-17 10:33:37 PM,KXWTAMATCH-26APR18PODCIR-POD,16,1259,15,2751,14,6792,13,5596,12,976,17,1175,18,2616,19,6021,20,5031,33,634,16.5
2026-04-17 10:33:37 PM,KXWTAMATCH-26APR18PODCIR-POD,16,1259,15,2751,14,6609,13,5596,12,976,17,1175,18,2616,19,6021,20,5031,33,634,16.5
2026-04-17 10:33:37 PM,KXWTAMATCH-26APR18PODCIR-POD,16,1286,15,2751,14,6609,13,5596,12,976,17,1175,18,2616,19,6021,20,5031,33,634,16.5
2026-04-17 10:33:37 PM,KXWTAMATCH-26APR18PODCIR-POD,16,1286,15,2778,14,6609,13,5596,12,976,17,1175,18,2616,19,6021,20,5031,33,634,16.5
2026-04-17 10:33:45 PM,KXWTAMATCH-26APR18PODCIR-POD,16,1286,15,2778,14,6791,13,5596,12,976,17,1175,18,2616,19,6021,20,5031,33,634,16.5
2026-04-17 10:34:17 PM,KXWTAMATCH-26APR18PODCIR-POD,16,1286,15,2778,14,6609,13,5596,12,976,17,1175,18,2616,19,6021,20,5031,33,634,16.5
2026-04-17 10:34:56 PM,KXWTAMATCH-26APR18PODCIR-POD,16,1286,15,2778,14,6792,13,5596,12,976,17,1175,18,2616,19,6021,20,5031,33,634,16.5
2026-04-17 10:35:10 PM,KXWTAMATCH-26APR18PODCIR-POD,16,1286,15,2778,14,6609,13,5596,12,976,17,1175,18,2616,19,6021,20,5031,33,634,16.5
2026-04-17 10:35:10 PM,KXWTAMATCH-26APR18PODCIR-POD,16,1286,15,2778,14,6791,13,5596,12,976,17,1175,18,2616,19,6021,20,5031,33,634,16.5
2026-04-17 10:36:26 PM,KXWTAMATCH-26APR18PODCIR-POD,16,1286,15,2778,14,6609,13,5596,12,976,17,1175,18,2616,19,6021,20,5031,33,634,16.5
2026-04-17 10:36:42 PM,KXWTAMATCH-26APR18PODCIR-POD,16,1286,15,2778,14,6791,13,5596,12,976,17,1175,18,2616,19,6021,20,5031,33,634,16.5
2026-04-17 10:37:01 PM,KXWTAMATCH-26APR18PODCIR-POD,16,1286,15,2778,14,6609,13,5596,12,976,17,1175,18,2616,19,6021,20,5031,33,634,16.5
2026-04-17 10:37:02 PM,KXWTAMATCH-26APR18PODCIR-POD,16,1286,15,2960,14,6609,13,5596,12,976,17,1175,18,2616,19,6021,20,5031,33,634,16.5
2026-04-17 10:37:02 PM,KXWTAMATCH-26APR18PODCIR-POD,16,1286,15,2960,14,6609,13,5596,12,976,17,1175,18,2616,19,6204,20,5031,33,634,16.5
2026-04-17 10:37:02 PM,KXWTAMATCH-26APR18PODCIR-POD,16,1286,15,2960,14,6609,13,5596,12,976,17,1175,18,2423,19,6204,20,5031,33,634,16.5
2026-04-17 10:37:03 PM,KXWTAMATCH-26APR18PODCIR-POD,16,1286,15,2960,14,6609,13,5596,12,976,17,1175,18,2423,19,6204,20,5132,33,634,16.5
2026-04-17 10:37:03 PM,KXWTAMATCH-26APR18PODCIR-POD,16,1286,15,2960,14,6609,13,5596,12,976,17,1175,18,2423,19,6153,20,5132,33,634,16.5
2026-04-17 10:37:03 PM,KXWTAMATCH-26APR18PODCIR-POD,16,1286,15,2960,14,6609,13,5596,12,976,17,1175,18,2423,19,6104,20,5132,33,634,16.5
2026-04-17 10:37:28 PM,KXWTAMATCH-26APR18PODCIR-POD,16,1286,15,2960,14,6609,13,5596,12,976,17,1175,18,2605,19,6104,20,5132,33,634,16.5
2026-04-17 10:37:28 PM,KXWTAMATCH-26APR18PODCIR-POD,16,1286,15,2960,14,6609,13,5596,12,976,17,1175,18,2605,19,5921,20,5132,33,634,16.5
2026-04-17 10:37:34 PM,KXWTAMATCH-26APR18PODCIR-POD,16,1286,15,2960,14,6609,13,5596,12,976,17,1175,18,2605,19,5921,20,5031,33,634,16.5
2026-04-17 10:37:34 PM,KXWTAMATCH-26APR18PODCIR-POD,16,1286,15,2960,14,6609,13,5596,12,976,17,1175,18,2605,19,6021,20,5031,33,634,16.5
2026-04-17 10:38:17 PM,KXWTAMATCH-26APR18PODCIR-POD,16,1286,15,2960,14,6609,13,5596,12,976,17,1175,18,2385,19,6021,20,5031,33,634,16.5
2026-04-17 10:38:17 PM,KXWTAMATCH-26APR18PODCIR-POD,16,1286,15,2853,14,6609,13,5596,12,976,17,1175,18,2385,19,6021,20,5031,33,634,16.5
2026-04-17 10:38:17 PM,KXWTAMATCH-26APR18PODCIR-POD,16,1286,15,2816,14,6609,13,5596,12,976,17,1175,18,2385,19,6021,20,5031,33,634,16.5
2026-04-17 10:38:17 PM,KXWTAMATCH-26APR18PODCIR-POD,16,1286,15,2870,14,6609,13,5596,12,976,17,1175,18,2385,19,6021,20,5031,33,634,16.5
2026-04-17 10:38:17 PM,KXWTAMATCH-26APR18PODCIR-POD,16,1430,15,2870,14,6609,13,5596,12,976,17,1175,18,2385,19,6021,20,5031,33,634,16.5
2026-04-17 10:38:17 PM,KXWTAMATCH-26APR18PODCIR-POD,16,1430,15,2870,14,6609,13,5596,12,976,17,1175,18,2385,19,6156,20,5031,33,634,16.5
2026-04-17 10:38:17 PM,KXWTAMATCH-26APR18PODCIR-POD,16,1430,15,2870,14,6609,13,5596,12,976,17,1175,18,2385,19,6156,20,5162,33,634,16.5
2026-04-17 10:38:18 PM,KXWTAMATCH-26APR18PODCIR-POD,16,1430,15,3797,14,6609,13,5596,12,976,17,1175,18,2385,19,6156,20,5162,33,634,16.5
2026-04-17 10:38:18 PM,KXWTAMATCH-26APR18PODCIR-POD,16,1430,15,3797,14,6609,13,5596,12,976,17,1027,18,2385,19,6156,20,5162,33,634,16.5
2026-04-17 10:38:18 PM,KXWTAMATCH-26APR18PODCIR-POD,16,1430,15,3797,14,6609,13,5596,12,976,17,825,18,2385,19,6156,20,5162,33,634,16.5
2026-04-17 10:38:18 PM,KXWTAMATCH-26APR18PODCIR-POD,16,1430,15,3797,14,6609,13,5596,12,976,17,824,18,2385,19,6156,20,5162,33,634,16.5
2026-04-17 10:38:18 PM,KXWTAMATCH-26APR18PODCIR-POD,16,1430,15,3797,14,6609,13,5596,12,976,17,820,18,2385,19,6156,20,5162,33,634,16.5
2026-04-17 10:38:18 PM,KXWTAMATCH-26APR18PODCIR-POD,16,1430,15,3797,14,6609,13,5596,12,976,17,819,18,2385,19,6156,20,5162,33,634,16.5
2026-04-17 10:38:18 PM,KXWTAMATCH-26APR18PODCIR-POD,16,1430,15,3797,14,6609,13,5596,12,976,17,814,18,2385,19,6156,20,5162,33,634,16.5
2026-04-17 10:38:18 PM,KXWTAMATCH-26APR18PODCIR-POD,16,1430,15,3797,14,6609,13,5596,12,976,17,813,18,2385,19,6156,20,5162,33,634,16.5
2026-04-17 10:38:18 PM,KXWTAMATCH-26APR18PODCIR-POD,16,1430,15,3797,14,6609,13,5596,12,976,17,813,18,1310,19,6156,20,5162,33,634,16.5
2026-04-17 10:38:18 PM,KXWTAMATCH-26APR18PODCIR-POD,16,1430,15,3797,14,6609,13,5596,12,976,17,813,18,1310,19,7596,20,5162,33,634,16.5
2026-04-17 10:38:18 PM,KXWTAMATCH-26APR18PODCIR-POD,16,1430,15,3797,14,6609,13,5596,12,626,17,813,18,1310,19,7596,20,5162,33,634,16.5
2026-04-17 10:38:18 PM,KXWTAMATCH-26APR18PODCIR-POD,16,1430,15,3797,14,6609,13,5596,12,626,17,813,18,1310,19,7597,20,5162,33,634,16.5
2026-04-17 10:38:18 PM,KXWTAMATCH-26APR18PODCIR-POD,16,1430,15,3797,14,6609,13,5596,12,500,17,813,18,1310,19,7597,20,5162,33,634,16.5
2026-04-17 10:38:18 PM,KXWTAMATCH-26APR18PODCIR-POD,16,1430,15,3797,14,6609,13,5713,12,500,17,813,18,1310,19,7597,20,5162,33,634,16.5
2026-04-17 10:38:18 PM,KXWTAMATCH-26APR18PODCIR-POD,16,1430,15,3797,14,6609,13,5713,12,5500,17,813,18,1310,19,7597,20,5162,33,634,16.5
2026-04-17 10:38:18 PM,KXWTAMATCH-26APR18PODCIR-POD,16,1430,15,3797,14,1609,13,5713,12,5500,17,813,18,1310,19,7597,20,5162,33,634,16.5
2026-04-17 10:38:18 PM,KXWTAMATCH-26APR18PODCIR-POD,16,1430,15,3797,14,1609,13,5713,12,5500,17,693,18,1310,19,7597,20,5162,33,634,16.5
2026-04-17 10:38:18 PM,KXWTAMATCH-26APR18PODCIR-POD,16,1430,15,3797,14,1609,13,5713,12,5500,17,693,18,1430,19,7597,20,5162,33,634,16.5
2026-04-17 10:38:19 PM,KXWTAMATCH-26APR18PODCIR-POD,16,1430,15,3797,14,1609,13,5713,12,5500,17,693,18,1430,19,7596,20,5162,33,634,16.5
2026-04-17 10:38:26 PM,KXWTAMATCH-26APR18PODCIR-POD,16,1430,15,3797,14,1609,13,5713,12,5500,17,693,18,1341,19,7596,20,5162,33,634,16.5
2026-04-17 10:38:26 PM,KXWTAMATCH-26APR18PODCIR-POD,16,1430,15,3797,14,1609,13,5713,12,5500,17,693,18,1244,19,7596,20,5162,33,634,16.5
2026-04-17 10:38:26 PM,KXWTAMATCH-26APR18PODCIR-POD,16,1430,15,3858,14,1609,13,5713,12,5500,17,693,18,1244,19,7596,20,5162,33,634,16.5
2026-04-17 10:38:26 PM,KXWTAMATCH-26APR18PODCIR-POD,16,1430,15,3858,14,1609,13,5713,12,5500,17,693,18,1244,19,7596,20,5451,33,634,16.5
2026-04-17 10:38:56 PM,KXWTAMATCH-26APR18PODCIR-POD,16,1430,15,3858,14,1609,13,5713,12,5500,17,693,18,1110,19,7596,20,5451,33,634,16.5
2026-04-17 10:39:01 PM,KXWTAMATCH-26APR18PODCIR-POD,16,1430,15,3858,14,1609,13,5778,12,5500,17,693,18,1110,19,7596,20,5451,33,634,16.5
2026-04-17 10:39:01 PM,KXWTAMATCH-26APR18PODCIR-POD,16,1430,15,3858,14,1609,13,5661,12,5500,17,693,18,1110,19,7596,20,5451,33,634,16.5
2026-04-17 10:39:01 PM,KXWTAMATCH-26APR18PODCIR-POD,16,1430,15,3858,14,6609,13,5661,12,5500,17,693,18,1110,19,7596,20,5451,33,634,16.5
2026-04-17 10:39:01 PM,KXWTAMATCH-26APR18PODCIR-POD,16,1430,15,3858,14,6609,13,5661,12,500,17,693,18,1110,19,7596,20,5451,33,634,16.5
2026-04-17 10:39:01 PM,KXWTAMATCH-26APR18PODCIR-POD,16,1430,15,3858,14,6609,13,5661,12,500,17,99,18,1110,19,7596,20,5451,33,634,16.5
2026-04-17 10:39:01 PM,KXWTAMATCH-26APR18PODCIR-POD,16,1430,15,3858,14,6609,13,5661,12,500,17,220,18,1110,19,7596,20,5451,33,634,16.5
2026-04-17 10:39:03 PM,KXWTAMATCH-26APR18PODCIR-POD,16,1430,15,3858,14,6609,13,5708,12,500,17,220,18,1110,19,7596,20,5451,33,634,16.5
2026-04-17 10:39:13 PM,KXWTAMATCH-26APR18PODCIR-POD,16,1430,15,3858,14,6609,13,5708,12,500,17,220,18,1110,19,7496,20,5451,33,634,16.5
2026-04-17 10:39:13 PM,KXWTAMATCH-26APR18PODCIR-POD,16,1430,15,3858,14,6609,13,5708,12,500,17,220,18,1110,19,7496,20,5552,33,634,16.5
2026-04-17 10:39:13 PM,KXWTAMATCH-26APR18PODCIR-POD,16,1430,15,3858,14,6609,13,5661,12,500,17,220,18,1110,19,7496,20,5552,33,634,16.5
2026-04-17 10:39:14 PM,KXWTAMATCH-26APR18PODCIR-POD,16,1430,15,3858,14,6609,13,5661,12,500,17,220,18,1110,19,7496,20,5451,33,634,16.5
2026-04-17 10:39:14 PM,KXWTAMATCH-26APR18PODCIR-POD,16,1430,15,3858,14,6609,13,5661,12,500,17,220,18,1110,19,7596,20,5451,33,634,16.5
2026-04-17 10:39:14 PM,KXWTAMATCH-26APR18PODCIR-POD,16,1430,15,3858,14,6609,13,5661,12,500,17,220,18,1110,19,7496,20,5451,33,634,16.5
2026-04-17 10:39:14 PM,KXWTAMATCH-26APR18PODCIR-POD,16,1430,15,3858,14,6609,13,5661,12,500,17,220,18,1110,19,7496,20,5552,33,634,16.5
2026-04-17 10:39:14 PM,KXWTAMATCH-26APR18PODCIR-POD,16,1430,15,3858,14,6609,13,5661,12,500,17,220,18,1110,19,2496,20,5552,33,634,16.5
2026-04-17 10:39:14 PM,KXWTAMATCH-26APR18PODCIR-POD,16,1430,15,3858,14,6609,13,5661,12,500,17,220,18,1110,19,2496,20,552,33,634,16.5
2026-04-17 10:39:14 PM,KXWTAMATCH-26APR18PODCIR-POD,16,1430,15,3858,14,6609,13,5661,12,500,17,220,18,1110,19,2496,20,552,32,5000,16.5
2026-04-17 10:39:14 PM,KXWTAMATCH-26APR18PODCIR-POD,16,1430,15,3858,14,6609,13,5661,12,500,17,220,18,1110,19,2496,20,1787,32,5000,16.5
2026-04-17 10:39:26 PM,KXWTAMATCH-26APR18PODCIR-POD,16,1430,15,3858,14,6609,13,5661,12,500,17,220,18,1092,19,2496,20,1787,32,5000,16.5
2026-04-17 10:39:26 PM,KXWTAMATCH-26APR18PODCIR-POD,16,1430,15,3858,14,6609,13,5661,12,500,17,220,18,1092,19,2496,20,1787,31,616,16.5
2026-04-17 10:39:26 PM,KXWTAMATCH-26APR18PODCIR-POD,16,1430,15,3858,14,6609,13,5661,12,500,17,220,18,1092,19,2496,20,1787,31,5616,16.5
2026-04-17 10:39:38 PM,KXWTAMATCH-26APR18PODCIR-POD,16,1430,15,3858,14,6609,13,5661,12,100,17,220,18,1092,19,2496,20,1787,31,5616,16.5
2026-04-17 10:39:38 PM,KXWTAMATCH-26APR18PODCIR-POD,16,1430,15,3858,14,6609,13,5661,12,100,17,220,18,1092,19,2496,20,1787,30,5000,16.5
2026-04-17 10:39:41 PM,KXWTAMATCH-26APR18PODCIR-POD,16,1430,15,3858,14,6609,13,6061,12,100,17,220,18,1092,19,2496,20,1787,30,5000,16.5
2026-04-17 10:39:45 PM,KXWTAMATCH-26APR18PODCIR-POD,16,1430,15,3858,14,6609,13,6061,12,100,17,220,18,1091,19,2496,20,1787,30,5000,16.5
2026-04-17 10:39:45 PM,KXWTAMATCH-26APR18PODCIR-POD,16,1430,15,3858,14,6609,13,6061,12,100,17,220,18,1089,19,2496,20,1787,30,5000,16.5
2026-04-17 10:39:45 PM,KXWTAMATCH-26APR18PODCIR-POD,16,1430,15,3858,14,6609,13,6061,12,100,17,220,18,1089,19,2496,20,1846,30,5000,16.5
2026-04-17 10:39:45 PM,KXWTAMATCH-26APR18PODCIR-POD,16,1430,15,3858,14,6609,13,6061,12,100,17,220,18,1089,19,2496,20,1846,29,599,16.5
2026-04-17 10:39:45 PM,KXWTAMATCH-26APR18PODCIR-POD,16,1430,15,3858,14,6609,13,6061,12,100,17,220,18,1089,19,2496,20,1846,29,5599,16.5
2026-04-17 10:39:45 PM,KXWTAMATCH-26APR18PODCIR-POD,16,1430,15,3858,14,6609,13,6108,12,100,17,220,18,1089,19,2496,20,1846,29,5599,16.5
2026-04-17 10:39:47 PM,KXWTAMATCH-26APR18PODCIR-POD,16,1430,15,3858,14,6609,13,6061,12,100,17,220,18,1089,19,2496,20,1846,29,5599,16.5
2026-04-17 10:40:10 PM,KXWTAMATCH-26APR18PODCIR-POD,16,1430,15,3844,14,6609,13,6061,12,100,17,220,18,1089,19,2496,20,1846,29,5599,16.5
2026-04-17 10:40:10 PM,KXWTAMATCH-26APR18PODCIR-POD,16,1430,15,3844,14,6609,13,5900,12,100,17,220,18,1089,19,2496,20,1846,29,5599,16.5
2026-04-17 10:40:10 PM,KXWTAMATCH-26APR18PODCIR-POD,16,1430,15,3844,14,6609,13,5865,12,100,17,220,18,1089,19,2496,20,1846,29,5599,16.5
2026-04-17 10:40:10 PM,KXWTAMATCH-26APR18PODCIR-POD,16,1430,15,3844,14,6609,13,5865,12,100,17,220,18,1036,19,2496,20,1846,29,5599,16.5
2026-04-17 10:40:10 PM,KXWTAMATCH-26APR18PODCIR-POD,16,1430,15,3844,14,6609,13,5865,12,100,17,220,18,1036,19,2496,20,1846,29,5000,16.5
2026-04-17 10:40:10 PM,KXWTAMATCH-26APR18PODCIR-POD,16,1430,15,3844,14,6609,13,5865,12,100,17,220,18,1036,19,2421,20,1846,29,5000,16.5
2026-04-17 10:40:10 PM,KXWTAMATCH-26APR18PODCIR-POD,16,1430,15,3844,14,6609,13,5865,12,100,17,220,18,997,19,2421,20,1846,29,5000,16.5
2026-04-17 10:40:10 PM,KXWTAMATCH-26APR18PODCIR-POD,16,1430,15,3844,14,6609,13,5865,12,100,17,220,18,979,19,2421,20,1846,29,5000,16.5
2026-04-17 10:40:10 PM,KXWTAMATCH-26APR18PODCIR-POD,16,1430,15,3844,14,6609,13,5865,12,100,17,220,18,940,19,2421,20,1846,29,5000,16.5
2026-04-17 10:40:10 PM,KXWTAMATCH-26APR18PODCIR-POD,16,1430,15,3844,14,6609,13,5865,12,100,17,220,18,940,19,2421,20,1846,28,5000,16.5
2026-04-17 10:40:10 PM,KXWTAMATCH-26APR18PODCIR-POD,16,1599,15,3844,14,6609,13,5865,12,100,17,220,18,940,19,2421,20,1846,28,5000,16.5
2026-04-17 10:40:10 PM,KXWTAMATCH-26APR18PODCIR-POD,16,1599,15,3844,14,6609,13,5865,12,100,17,220,18,940,19,2421,20,2034,28,5000,16.5
2026-04-17 10:40:10 PM,KXWTAMATCH-26APR18PODCIR-POD,16,1599,15,3844,14,6609,13,5865,12,100,17,220,18,940,19,2421,20,2034,28,5590,16.5
2026-04-17 10:40:28 PM,KXWTAMATCH-26APR18PODCIR-POD,16,1599,15,3844,14,6609,13,5911,12,100,17,220,18,940,19,2421,20,2034,28,5590,16.5
2026-04-17 10:40:28 PM,KXWTAMATCH-26APR18PODCIR-POD,16,1599,15,3844,14,6609,13,5911,12,100,17,220,18,940,19,2421,20,2034,27,5000,16.5
2026-04-17 10:40:40 PM,KXWTAMATCH-26APR18PODCIR-POD,16,1599,15,3729,14,6609,13,5911,12,100,17,220,18,940,19,2421,20,2034,27,5000,16.5
2026-04-17 10:40:40 PM,KXWTAMATCH-26APR18PODCIR-POD,16,1599,15,3729,14,6609,13,5911,12,100,17,220,18,940,19,2421,20,2034,26,574,16.5
2026-04-17 10:40:40 PM,KXWTAMATCH-26APR18PODCIR-POD,16,1599,15,3729,14,6609,13,5911,12,100,17,220,18,940,19,2421,20,2034,26,5574,16.5
2026-04-17 10:40:50 PM,KXWTAMATCH-26APR18PODCIR-POD,16,1599,15,3729,14,6609,13,5911,12,100,17,165,18,940,19,2421,20,2034,26,5574,16.5
2026-04-17 10:40:50 PM,KXWTAMATCH-26APR18PODCIR-POD,16,1599,15,3729,14,6609,13,5911,12,100,17,125,18,940,19,2421,20,2034,26,5574,16.5
2026-04-17 10:40:50 PM,KXWTAMATCH-26APR18PODCIR-POD,16,1599,15,3729,14,6609,13,5911,12,100,17,4,18,940,19,2421,20,2034,26,5574,16.5
2026-04-17 10:40:50 PM,KXWTAMATCH-26APR18PODCIR-POD,16,1599,15,3729,14,6609,13,5911,12,100,17,4,18,940,19,2421,20,2034,25,5000,16.5
2026-04-17 10:41:10 PM,KXWTAMATCH-26APR18PODCIR-POD,16,1599,15,3729,14,6609,13,5911,12,100,17,4,18,940,19,2421,20,2034,24,559,16.5
2026-04-17 10:41:10 PM,KXWTAMATCH-26APR18PODCIR-POD,16,1599,15,3729,14,6609,13,5911,12,100,17,4,18,940,19,2421,20,2034,24,5559,16.5
2026-04-17 10:41:40 PM,KXWTAMATCH-26APR18PODCIR-POD,16,1599,15,3729,14,6609,13,5911,12,100,17,4,18,940,19,2421,20,2034,24,5000,16.5
2026-04-17 10:41:40 PM,KXWTAMATCH-26APR18PODCIR-POD,16,1599,15,3729,14,6609,13,5911,12,100,17,4,18,940,19,2421,20,2034,23,552,16.5
2026-04-17 10:41:40 PM,KXWTAMATCH-26APR18PODCIR-POD,16,1599,15,3729,14,6609,13,5911,12,100,17,4,18,940,19,2421,20,2034,23,5552,16.5
2026-04-17 10:41:50 PM,KXWTAMATCH-26APR18PODCIR-POD,16,2849,15,3729,14,6609,13,5911,12,100,17,4,18,940,19,2421,20,2034,23,5552,16.5
2026-04-17 10:41:50 PM,KXWTAMATCH-26APR18PODCIR-POD,16,2849,15,3729,14,6609,13,5726,12,100,17,4,18,940,19,2421,20,2034,23,5552,16.5
2026-04-17 10:41:50 PM,KXWTAMATCH-26APR18PODCIR-POD,16,2849,15,3729,14,6609,13,5726,12,100,17,4,18,940,19,2421,20,2034,22,5000,16.5
2026-04-17 10:41:55 PM,KXWTAMATCH-26APR18PODCIR-POD,16,2849,15,3729,14,6609,13,5726,12,100,17,4,18,773,19,2421,20,2034,22,5000,16.5
2026-04-17 10:41:55 PM,KXWTAMATCH-26APR18PODCIR-POD,16,2849,15,3729,14,6609,13,5726,12,100,17,4,18,773,19,2421,20,2034,21,5000,16.5
2026-04-17 10:42:08 PM,KXWTAMATCH-26APR18PODCIR-POD,16,2849,15,3729,14,6609,13,5726,12,100,17,4,18,773,19,2594,20,2034,21,5000,16.5
2026-04-17 10:42:08 PM,KXWTAMATCH-26APR18PODCIR-POD,16,2849,15,3729,14,6609,13,5726,12,100,17,4,18,591,19,2594,20,2034,21,5000,16.5
2026-04-17 10:42:08 PM,KXWTAMATCH-26APR18PODCIR-POD,16,2849,15,3729,14,6609,13,5726,12,100,17,4,18,591,19,2594,20,7034,21,5000,16.5
2026-04-17 10:42:08 PM,KXWTAMATCH-26APR18PODCIR-POD,16,2849,15,3729,14,6609,13,5726,12,100,17,4,18,591,19,2421,20,7034,21,5000,16.5
2026-04-17 10:45:57 PM,KXWTAMATCH-26APR18PODCIR-POD,16,2849,15,3729,14,6609,13,5726,12,100,17,4,18,764,19,2421,20,7034,21,5000,16.5
2026-04-17 10:45:57 PM,KXWTAMATCH-26APR18PODCIR-POD,16,1599,15,3729,14,6609,13,5726,12,100,17,4,18,764,19,2421,20,7034,21,5000,16.5
2026-04-17 10:45:57 PM,KXWTAMATCH-26APR18PODCIR-POD,16,1599,15,3729,14,6609,13,5726,12,100,17,4,18,1965,19,2421,20,7034,21,5000,16.5
2026-04-17 10:46:36 PM,KXWTAMATCH-26APR18PODCIR-POD,16,1634,15,3729,14,6609,13,5726,12,100,17,4,18,1965,19,2421,20,7034,21,5000,16.5
2026-04-17 10:47:46 PM,KXWTAMATCH-26APR18PODCIR-POD,16,1599,15,3729,14,6609,13,5726,12,100,17,4,18,1965,19,2421,20,7034,21,5000,16.5
2026-04-17 10:49:03 PM,KXWTAMATCH-26APR18PODCIR-POD,16,1599,15,3729,14,6609,13,5726,12,100,17,4,18,1965,19,2421,20,7034,21,7603,16.5
2026-04-17 10:49:17 PM,KXWTAMATCH-26APR18PODCIR-POD,16,1599,15,3729,14,6609,13,5726,12,100,17,4,18,1965,19,2421,20,7034,21,5000,16.5
2026-04-17 10:49:49 PM,KXWTAMATCH-26APR18PODCIR-POD,16,1599,15,3729,14,6609,13,5726,12,100,17,4,18,1965,19,2292,20,7034,21,5000,16.5
2026-04-17 10:49:49 PM,KXWTAMATCH-26APR18PODCIR-POD,16,1637,15,3729,14,6609,13,5726,12,100,17,4,18,1965,19,2292,20,7034,21,5000,16.5
2026-04-17 10:49:49 PM,KXWTAMATCH-26APR18PODCIR-POD,16,1637,15,3729,14,6609,13,5726,12,100,17,4,18,1965,19,2292,20,7090,21,5000,16.5
2026-04-17 10:49:49 PM,KXWTAMATCH-26APR18PODCIR-POD,16,1637,15,3729,14,6609,13,5726,12,100,17,4,18,1965,19,2292,20,7090,21,5137,16.5
2026-04-17 10:49:57 PM,KXWTAMATCH-26APR18PODCIR-POD,16,1808,15,3729,14,6609,13,5726,12,100,17,4,18,1965,19,2292,20,7090,21,5137,16.5
2026-04-17 10:49:57 PM,KXWTAMATCH-26APR18PODCIR-POD,16,1808,15,3729,14,6609,13,5726,12,100,17,4,18,1965,19,2463,20,7090,21,5137,16.5
2026-04-17 10:49:57 PM,KXWTAMATCH-26APR18PODCIR-POD,16,1808,15,3729,14,6609,13,5726,12,100,17,4,18,1792,19,2463,20,7090,21,5137,16.5
2026-04-17 10:49:57 PM,KXWTAMATCH-26APR18PODCIR-POD,16,1808,15,3729,14,7188,13,5726,12,100,17,4,18,1792,19,2463,20,7090,21,5137,16.5
2026-04-17 10:49:57 PM,KXWTAMATCH-26APR18PODCIR-POD,16,1808,15,3729,14,7188,13,5680,12,100,17,4,18,1792,19,2463,20,7090,21,5137,16.5
2026-04-17 10:49:57 PM,KXWTAMATCH-26APR18PODCIR-POD,16,1808,15,3729,14,7188,13,5615,12,100,17,4,18,1792,19,2463,20,7090,21,5137,16.5
2026-04-17 10:49:57 PM,KXWTAMATCH-26APR18PODCIR-POD,16,1808,15,3547,14,7188,13,5615,12,100,17,4,18,1792,19,2463,20,7090,21,5137,16.5
2026-04-17 10:49:59 PM,KXWTAMATCH-26APR18PODCIR-POD,16,1808,15,3547,14,7188,13,5615,12,100,17,4,18,1792,19,2463,20,7090,21,7935,16.5
2026-04-17 10:49:59 PM,KXWTAMATCH-26APR18PODCIR-POD,16,1637,15,3547,14,7188,13,5615,12,100,17,4,18,1792,19,2463,20,7090,21,7935,16.5
2026-04-17 10:50:09 PM,KXWTAMATCH-26APR18PODCIR-POD,16,1637,15,3718,14,7188,13,5615,12,100,17,4,18,1792,19,2463,20,7090,21,7935,16.5
2026-04-17 10:50:09 PM,KXWTAMATCH-26APR18PODCIR-POD,16,1637,15,3718,14,7188,13,5615,12,100,17,4,18,1792,19,2292,20,7090,21,7935,16.5
2026-04-17 10:50:09 PM,KXWTAMATCH-26APR18PODCIR-POD,16,1637,15,3718,14,7188,13,5615,12,100,17,4,18,1792,19,2463,20,7090,21,7935,16.5
2026-04-17 10:50:11 PM,KXWTAMATCH-26APR18PODCIR-POD,16,1637,15,3718,14,7188,13,5615,12,100,17,4,18,1792,19,2292,20,7090,21,7935,16.5
2026-04-17 10:50:17 PM,KXWTAMATCH-26APR18PODCIR-POD,16,1808,15,3718,14,7188,13,5615,12,100,17,4,18,1792,19,2292,20,7090,21,7935,16.5
2026-04-17 10:50:17 PM,KXWTAMATCH-26APR18PODCIR-POD,16,1808,15,3718,14,6609,13,5615,12,100,17,4,18,1792,19,2292,20,7090,21,7935,16.5
2026-04-17 10:50:17 PM,KXWTAMATCH-26APR18PODCIR-POD,16,1808,15,3718,14,6651,13,5615,12,100,17,4,18,1792,19,2292,20,7090,21,7935,16.5
2026-04-17 10:50:17 PM,KXWTAMATCH-26APR18PODCIR-POD,16,1808,15,8718,14,6651,13,5615,12,100,17,4,18,1792,19,2292,20,7090,21,7935,16.5
2026-04-17 10:50:17 PM,KXWTAMATCH-26APR18PODCIR-POD,16,1808,15,8718,14,6651,13,5615,12,100,17,4,18,1792,19,7292,20,7090,21,7935,16.5
2026-04-17 10:50:17 PM,KXWTAMATCH-26APR18PODCIR-POD,16,1808,15,8718,14,6651,13,615,12,100,17,4,18,1792,19,7292,20,7090,21,7935,16.5
2026-04-17 10:50:17 PM,KXWTAMATCH-26APR18PODCIR-POD,16,1808,15,8718,14,6651,13,615,12,100,17,4,18,1792,19,7292,20,7090,21,2935,16.5
2026-04-17 10:50:17 PM,KXWTAMATCH-26APR18PODCIR-POD,16,1808,15,8547,14,6651,13,615,12,100,17,4,18,1792,19,7292,20,7090,21,2935,16.5
2026-04-17 10:50:17 PM,KXWTAMATCH-26APR18PODCIR-POD,16,1808,15,8547,14,6651,13,615,12,100,17,4,18,1792,19,7463,20,7090,21,2935,16.5
2026-04-17 10:50:17 PM,KXWTAMATCH-26APR18PODCIR-POD,16,1808,15,8547,14,6651,13,615,12,100,17,4,18,1792,19,7563,20,7090,21,2935,16.5
2026-04-17 10:50:17 PM,KXWTAMATCH-26APR18PODCIR-POD,16,1808,15,8547,14,6651,13,615,12,100,17,4,18,1792,19,7563,20,6989,21,2935,16.5
2026-04-17 10:50:19 PM,KXWTAMATCH-26APR18PODCIR-POD,16,1808,15,8547,14,6651,13,615,12,100,17,4,18,1792,19,7503,20,6989,21,2935,16.5
2026-04-17 10:50:19 PM,KXWTAMATCH-26APR18PODCIR-POD,16,1808,15,3547,14,6651,13,615,12,100,17,4,18,1792,19,7503,20,6989,21,2935,16.5
2026-04-17 10:50:20 PM,KXWTAMATCH-26APR18PODCIR-POD,16,1808,15,3547,14,7188,13,615,12,100,17,4,18,1792,19,7503,20,6989,21,2935,16.5
2026-04-17 10:50:22 PM,KXWTAMATCH-26APR18PODCIR-POD,16,1637,15,3547,14,7188,13,615,12,100,17,4,18,1792,19,7503,20,6989,21,2935,16.5
2026-04-17 10:50:22 PM,KXWTAMATCH-26APR18PODCIR-POD,16,1637,15,2931,14,7188,13,615,12,100,17,4,18,1792,19,7503,20,6989,21,2935,16.5
2026-04-17 10:50:22 PM,KXWTAMATCH-26APR18PODCIR-POD,16,1637,15,2918,14,7188,13,615,12,100,17,4,18,1792,19,7503,20,6989,21,2935,16.5
2026-04-17 10:50:22 PM,KXWTAMATCH-26APR18PODCIR-POD,16,1637,15,2892,14,7188,13,615,12,100,17,4,18,1792,19,7503,20,6989,21,2935,16.5
2026-04-17 10:50:22 PM,KXWTAMATCH-26APR18PODCIR-POD,16,1637,15,2827,14,7188,13,615,12,100,17,4,18,1792,19,7503,20,6989,21,2935,16.5
2026-04-17 10:50:22 PM,KXWTAMATCH-26APR18PODCIR-POD,16,1637,15,2777,14,7188,13,615,12,100,17,4,18,1792,19,7503,20,6989,21,2935,16.5
2026-04-17 10:50:22 PM,KXWTAMATCH-26APR18PODCIR-POD,16,1637,15,2383,14,7188,13,615,12,100,17,4,18,1792,19,7503,20,6989,21,2935,16.5
2026-04-17 10:50:22 PM,KXWTAMATCH-26APR18PODCIR-POD,16,1637,15,2318,14,7188,13,615,12,100,17,4,18,1792,19,7503,20,6989,21,2935,16.5
2026-04-17 10:50:22 PM,KXWTAMATCH-26APR18PODCIR-POD,16,1637,15,2291,14,7188,13,615,12,100,17,4,18,1792,19,7503,20,6989,21,2935,16.5
2026-04-17 10:50:22 PM,KXWTAMATCH-26APR18PODCIR-POD,17,1257,16,1637,15,2291,14,7188,13,615,17,4,18,1792,19,7503,20,6989,21,2935,17.0
2026-04-17 10:50:22 PM,KXWTAMATCH-26APR18PODCIR-POD,17,1275,16,1637,15,2291,14,7188,13,615,17,4,18,1792,19,7503,20,6989,21,2935,17.0
2026-04-17 10:50:22 PM,KXWTAMATCH-26APR18PODCIR-POD,17,1275,16,1637,15,2280,14,7188,13,615,17,4,18,1792,19,7503,20,6989,21,2935,17.0
2026-04-17 10:50:22 PM,KXWTAMATCH-26APR18PODCIR-POD,17,1275,16,1637,15,2266,14,7188,13,615,17,4,18,1792,19,7503,20,6989,21,2935,17.0
2026-04-17 10:50:22 PM,KXWTAMATCH-26APR18PODCIR-POD,17,1275,16,1637,15,2249,14,7188,13,615,17,4,18,1792,19,7503,20,6989,21,2935,17.0
2026-04-17 10:50:22 PM,KXWTAMATCH-26APR18PODCIR-POD,17,1275,16,1637,15,2249,14,7188,13,5615,17,4,18,1792,19,7503,20,6989,21,2935,17.0
2026-04-17 10:50:25 PM,KXWTAMATCH-26APR18PODCIR-POD,17,1275,16,1637,15,2420,14,7188,13,5615,17,4,18,1792,19,7503,20,6989,21,2935,17.0
2026-04-17 10:50:34 PM,KXWTAMATCH-26APR18PODCIR-POD,17,1275,16,1637,15,2249,14,7188,13,5615,17,4,18,1792,19,7503,20,6989,21,2935,17.0
2026-04-17 10:50:34 PM,KXWTAMATCH-26APR18PODCIR-POD,17,1275,16,1637,15,2420,14,7188,13,5615,17,4,18,1792,19,7503,20,6989,21,2935,17.0
2026-04-17 10:50:36 PM,KXWTAMATCH-26APR18PODCIR-POD,17,1275,16,1637,15,2420,14,7188,13,5615,17,4,18,1792,19,7503,20,6989,21,137,17.0
2026-04-17 10:50:36 PM,KXWTAMATCH-26APR18PODCIR-POD,17,1275,16,1637,15,2420,14,7188,13,5615,17,4,18,1792,19,7503,20,6989,21,2826,17.0
2026-04-17 10:50:44 PM,KXWTAMATCH-26APR18PODCIR-POD,17,1275,16,1637,15,2420,14,7188,13,5615,17,4,18,1792,19,7503,20,6989,21,137,17.0
2026-04-17 10:50:57 PM,KXWTAMATCH-26APR18PODCIR-POD,17,1275,16,1637,15,2420,14,7188,13,5615,17,4,18,1963,19,7503,20,6989,21,137,17.0
2026-04-17 10:50:57 PM,KXWTAMATCH-26APR18PODCIR-POD,17,1275,16,1637,15,2420,14,7188,13,5615,17,4,18,6963,19,7503,20,6989,21,137,17.0
2026-04-17 10:50:57 PM,KXWTAMATCH-26APR18PODCIR-POD,17,1275,16,1637,15,2420,14,7188,13,5615,17,4,18,6963,19,7503,20,1989,21,137,17.0
2026-04-17 10:50:57 PM,KXWTAMATCH-26APR18PODCIR-POD,17,1275,16,1637,15,2420,14,7188,13,5615,17,4,18,6963,19,7332,20,1989,21,137,17.0
2026-04-17 10:50:58 PM,KXWTAMATCH-26APR18PODCIR-POD,17,1275,16,1637,15,2420,14,7188,13,5615,17,4,18,6963,19,7232,20,1989,21,137,17.0
2026-04-17 10:50:58 PM,KXWTAMATCH-26APR18PODCIR-POD,17,1275,16,1637,15,2420,14,7188,13,5615,17,4,18,6963,19,7232,20,2090,21,137,17.0
2026-04-17 10:50:58 PM,KXWTAMATCH-26APR18PODCIR-POD,17,1275,16,1637,15,2420,14,7188,13,5615,17,4,18,6792,19,7232,20,2090,21,137,17.0
2026-04-17 10:51:08 PM,KXWTAMATCH-26APR18PODCIR-POD,17,1275,16,1637,15,2420,14,7188,13,5615,17,4,18,6792,19,7403,20,2090,21,137,17.0
2026-04-17 10:51:28 PM,KXWTAMATCH-26APR18PODCIR-POD,17,1275,16,1637,15,2420,14,7188,13,5615,17,4,18,6792,19,7403,20,2090,21,2809,17.0
2026-04-17 10:53:04 PM,KXWTAMATCH-26APR18PODCIR-POD,17,1275,16,1637,15,2420,14,7188,13,5615,17,4,18,6792,19,7345,20,2090,21,2809,17.0
2026-04-17 10:53:04 PM,KXWTAMATCH-26APR18PODCIR-POD,17,1275,16,1493,15,2420,14,7188,13,5615,17,4,18,6792,19,7345,20,2090,21,2809,17.0
2026-04-17 10:53:04 PM,KXWTAMATCH-26APR18PODCIR-POD,17,1419,16,1493,15,2420,14,7188,13,5615,17,4,18,6792,19,7345,20,2090,21,2809,17.0
2026-04-17 10:53:04 PM,KXWTAMATCH-26APR18PODCIR-POD,17,1419,16,1493,15,2420,14,7188,13,5615,17,4,18,6792,19,7345,20,2090,21,2867,17.0
2026-04-17 10:55:27 PM,KXWTAMATCH-26APR18PODCIR-POD,17,1419,16,1493,15,2420,14,7188,13,5615,17,4,18,6686,19,7345,20,2090,21,2867,17.0
2026-04-17 10:55:27 PM,KXWTAMATCH-26APR18PODCIR-POD,17,1419,16,1493,15,2420,14,7188,13,5615,17,4,18,6543,19,7345,20,2090,21,2867,17.0
2026-04-17 10:55:27 PM,KXWTAMATCH-26APR18PODCIR-POD,17,1419,16,1493,15,2420,14,7188,13,5615,17,4,18,7533,19,7345,20,2090,21,2867,17.0
2026-04-17 10:55:28 PM,KXWTAMATCH-26APR18PODCIR-POD,17,1490,16,1493,15,2420,14,7188,13,5615,17,4,18,7533,19,7345,20,2090,21,2867,17.0
2026-04-17 10:55:28 PM,KXWTAMATCH-26APR18PODCIR-POD,17,1490,16,1564,15,2420,14,7188,13,5615,17,4,18,7533,19,7345,20,2090,21,2867,17.0
2026-04-17 10:56:32 PM,KXWTAMATCH-26APR18PODCIR-POD,17,1490,16,1564,15,2420,14,7188,13,5615,17,4,18,7533,19,7345,20,2090,21,195,17.0
2026-04-17 10:56:33 PM,KXWTAMATCH-26APR18PODCIR-POD,17,1490,16,1564,15,2420,14,7188,13,5615,17,4,18,7533,19,7345,20,2090,21,2751,17.0
2026-04-17 10:56:34 PM,KXWTAMATCH-26APR18PODCIR-POD,17,1490,16,1564,15,2420,14,7188,13,5615,17,4,18,7533,19,7345,20,2090,21,195,17.0
2026-04-17 10:57:18 PM,KXWTAMATCH-26APR18PODCIR-POD,17,1490,16,1564,15,2420,14,7188,13,5615,17,4,18,7313,19,7345,20,2090,21,195,17.0
2026-04-17 10:57:18 PM,KXWTAMATCH-26APR18PODCIR-POD,17,1490,16,1564,15,2420,14,7188,13,5615,17,4,18,7284,19,7345,20,2090,21,195,17.0
2026-04-17 10:57:18 PM,KXWTAMATCH-26APR18PODCIR-POD,17,1600,16,1564,15,2420,14,7188,13,5615,17,4,18,7284,19,7345,20,2090,21,195,17.0
2026-04-17 10:57:19 PM,KXWTAMATCH-26APR18PODCIR-POD,17,1600,16,1674,15,2420,14,7188,13,5615,17,4,18,7284,19,7345,20,2090,21,195,17.0
2026-04-17 10:57:26 PM,KXWTAMATCH-26APR18PODCIR-POD,17,1600,16,1674,15,2420,14,7188,13,5615,17,4,18,7284,19,7345,20,2090,21,2751,17.0
2026-04-17 10:57:46 PM,KXWTAMATCH-26APR18PODCIR-POD,17,1600,16,1674,15,2420,14,7188,13,5615,17,4,18,7194,19,7345,20,2090,21,2751,17.0
2026-04-17 10:57:46 PM,KXWTAMATCH-26APR18PODCIR-POD,17,1600,16,1674,15,2420,14,7188,13,5615,17,4,18,7085,19,7345,20,2090,21,2751,17.0
2026-04-17 10:58:43 PM,KXWTAMATCH-26APR18PODCIR-POD,17,1600,16,1674,15,2420,14,7188,13,5615,17,4,18,7085,19,7345,20,2090,21,195,17.0
2026-04-17 10:58:44 PM,KXWTAMATCH-26APR18PODCIR-POD,17,1600,16,1674,15,2420,14,7188,13,5615,17,4,18,7085,19,7345,20,2090,21,2995,17.0
2026-04-17 10:58:52 PM,KXWTAMATCH-26APR18PODCIR-POD,17,1600,16,1674,15,2420,14,7188,13,5615,17,4,18,7085,19,7345,20,2090,21,195,17.0
2026-04-17 10:58:52 PM,KXWTAMATCH-26APR18PODCIR-POD,17,1600,16,1674,15,2420,14,7188,13,5615,17,4,18,7085,19,7345,20,2090,21,2841,17.0
2026-04-17 10:59:01 PM,KXWTAMATCH-26APR18PODCIR-POD,17,1600,16,1674,15,2420,14,7188,13,5615,17,4,18,7255,19,7345,20,2090,21,2841,17.0
2026-04-17 10:59:02 PM,KXWTAMATCH-26APR18PODCIR-POD,17,1600,16,1674,15,2420,14,7188,13,5615,17,4,18,7255,19,2345,20,2090,21,2841,17.0
2026-04-17 10:59:02 PM,KXWTAMATCH-26APR18PODCIR-POD,17,1600,16,1674,15,2420,14,7188,13,5615,17,4,18,2255,19,2345,20,2090,21,2841,17.0
2026-04-17 10:59:02 PM,KXWTAMATCH-26APR18PODCIR-POD,17,1600,16,1674,15,2420,14,7188,13,5615,17,4,18,2255,19,2345,20,7090,21,2841,17.0
2026-04-17 10:59:02 PM,KXWTAMATCH-26APR18PODCIR-POD,17,1600,16,1674,15,2420,14,7188,13,5615,17,4,18,2255,19,2345,20,7090,21,7841,17.0
2026-04-17 10:59:02 PM,KXWTAMATCH-26APR18PODCIR-POD,17,1600,16,1674,15,2420,14,7188,13,5615,17,4,18,2085,19,2345,20,7090,21,7841,17.0
2026-04-17 10:59:02 PM,KXWTAMATCH-26APR18PODCIR-POD,17,1600,16,1674,15,2420,14,7188,13,5615,17,4,18,2085,19,2345,20,8070,21,7841,17.0
2026-04-17 10:59:02 PM,KXWTAMATCH-26APR18PODCIR-POD,17,1600,16,1674,15,2420,14,7188,13,5615,17,4,18,2085,19,2345,20,8070,21,2841,17.0
2026-04-17 10:59:02 PM,KXWTAMATCH-26APR18PODCIR-POD,17,1600,16,1674,15,2420,14,7188,13,5615,17,4,18,2085,19,2345,20,8070,21,195,17.0
2026-04-17 10:59:02 PM,KXWTAMATCH-26APR18PODCIR-POD,17,1600,16,1844,15,2420,14,7188,13,5615,17,4,18,2085,19,2345,20,8070,21,195,17.0
2026-04-17 10:59:02 PM,KXWTAMATCH-26APR18PODCIR-POD,17,1600,16,1844,15,2420,14,7188,13,5615,17,4,18,2085,19,2345,20,7969,21,195,17.0
2026-04-17 10:59:02 PM,KXWTAMATCH-26APR18PODCIR-POD,17,1600,16,1844,15,2420,14,7146,13,5615,17,4,18,2085,19,2345,20,7969,21,195,17.0
2026-04-17 10:59:02 PM,KXWTAMATCH-26APR18PODCIR-POD,17,1600,16,1674,15,2420,14,7146,13,5615,17,4,18,2085,19,2345,20,7969,21,195,17.0
2026-04-17 10:59:02 PM,KXWTAMATCH-26APR18PODCIR-POD,17,1600,16,1674,15,2420,14,7146,13,5615,17,4,18,2085,19,2345,20,2969,21,195,17.0
2026-04-17 10:59:02 PM,KXWTAMATCH-26APR18PODCIR-POD,17,1600,16,1674,15,2420,14,6609,13,5615,17,4,18,2085,19,2345,20,2969,21,195,17.0
2026-04-17 10:59:02 PM,KXWTAMATCH-26APR18PODCIR-POD,17,1600,16,1674,15,2420,14,6609,13,5615,17,4,18,2085,19,2445,20,2969,21,195,17.0
2026-04-17 10:59:02 PM,KXWTAMATCH-26APR18PODCIR-POD,17,1600,16,1674,15,2960,14,6609,13,5615,17,4,18,2085,19,2445,20,2969,21,195,17.0
2026-04-17 10:59:02 PM,KXWTAMATCH-26APR18PODCIR-POD,17,1600,16,1674,15,2960,14,7188,13,5615,17,4,18,2085,19,2445,20,2969,21,195,17.0
2026-04-17 10:59:02 PM,KXWTAMATCH-26APR18PODCIR-POD,17,1600,16,1674,15,2960,14,7188,13,5615,17,4,18,2085,19,2345,20,2969,21,195,17.0
2026-04-17 10:59:02 PM,KXWTAMATCH-26APR18PODCIR-POD,17,1600,16,1674,15,2420,14,7188,13,5615,17,4,18,2085,19,2345,20,2969,21,195,17.0
2026-04-17 10:59:02 PM,KXWTAMATCH-26APR18PODCIR-POD,17,1600,16,1674,15,2420,14,7188,13,5615,17,4,18,2085,19,2345,20,3070,21,195,17.0
2026-04-17 10:59:12 PM,KXWTAMATCH-26APR18PODCIR-POD,17,1600,16,1844,15,2420,14,7188,13,5615,17,4,18,2085,19,2345,20,3070,21,195,17.0
2026-04-17 10:59:12 PM,KXWTAMATCH-26APR18PODCIR-POD,17,1600,16,1844,15,2420,14,6609,13,5615,17,4,18,2085,19,2345,20,3070,21,195,17.0
2026-04-17 10:59:12 PM,KXWTAMATCH-26APR18PODCIR-POD,17,1600,16,1844,15,2466,14,6609,13,5615,17,4,18,2085,19,2345,20,3070,21,195,17.0
2026-04-17 10:59:13 PM,KXWTAMATCH-26APR18PODCIR-POD,17,1600,16,1844,15,2466,14,6609,13,615,17,4,18,2085,19,2345,20,3070,21,195,17.0
2026-04-17 10:59:13 PM,KXWTAMATCH-26APR18PODCIR-POD,17,1600,16,1844,15,2295,14,6609,13,615,17,4,18,2085,19,2345,20,3070,21,195,17.0
2026-04-17 10:59:27 PM,KXWTAMATCH-26APR18PODCIR-POD,17,1600,16,1844,15,2295,14,6609,13,615,17,4,18,2108,19,2345,20,3070,21,195,17.0
2026-04-17 10:59:27 PM,KXWTAMATCH-26APR18PODCIR-POD,17,1600,16,1844,15,7295,14,6609,13,615,17,4,18,2108,19,2345,20,3070,21,195,17.0
2026-04-17 10:59:27 PM,KXWTAMATCH-26APR18PODCIR-POD,17,1589,16,1844,15,7295,14,6609,13,615,17,4,18,2108,19,2345,20,3070,21,195,17.0
2026-04-17 10:59:27 PM,KXWTAMATCH-26APR18PODCIR-POD,17,1589,16,1833,15,7295,14,6609,13,615,17,4,18,2108,19,2345,20,3070,21,195,17.0
2026-04-17 10:59:50 PM,KXWTAMATCH-26APR18PODCIR-POD,17,1589,16,3452,15,7295,14,6609,13,615,17,4,18,2108,19,2345,20,3070,21,195,17.0
2026-04-17 10:59:50 PM,KXWTAMATCH-26APR18PODCIR-POD,17,1589,16,4577,15,7295,14,6609,13,615,17,4,18,2108,19,2345,20,3070,21,195,17.0
2026-04-17 10:59:50 PM,KXWTAMATCH-26APR18PODCIR-POD,17,1589,16,4577,15,7295,14,6609,13,500,17,4,18,2108,19,2345,20,3070,21,195,17.0
2026-04-17 11:00:13 PM,KXWTAMATCH-26APR18PODCIR-POD,17,1589,16,4612,15,7295,14,6609,13,500,17,4,18,2108,19,2345,20,3070,21,195,17.0
2026-04-17 11:00:16 PM,KXWTAMATCH-26APR18PODCIR-POD,17,1589,16,4612,15,7249,14,6609,13,500,17,4,18,2108,19,2345,20,3070,21,195,17.0
2026-04-17 11:00:16 PM,KXWTAMATCH-26APR18PODCIR-POD,17,1589,16,4612,15,7249,14,6677,13,500,17,4,18,2108,19,2345,20,3070,21,195,17.0
2026-04-17 11:00:16 PM,KXWTAMATCH-26APR18PODCIR-POD,17,1589,16,4612,15,7249,14,6677,13,500,17,4,18,1017,19,2345,20,3070,21,195,17.0
2026-04-17 11:00:17 PM,KXWTAMATCH-26APR18PODCIR-POD,17,1589,16,4612,15,7249,14,6677,13,500,17,4,18,1017,19,2345,20,3071,21,195,17.0
2026-04-17 11:00:29 PM,KXWTAMATCH-26APR18PODCIR-POD,17,1589,16,4612,15,7249,14,6677,13,500,17,4,18,1017,19,2345,20,3241,21,195,17.0
2026-04-17 11:00:29 PM,KXWTAMATCH-26APR18PODCIR-POD,17,1589,16,4612,15,7249,14,6677,13,500,17,4,18,1017,19,2174,20,3241,21,195,17.0
2026-04-17 11:00:29 PM,KXWTAMATCH-26APR18PODCIR-POD,17,1589,16,4612,15,7249,14,6677,13,500,17,4,18,27,19,2174,20,3241,21,195,17.0
2026-04-17 11:00:29 PM,KXWTAMATCH-26APR18PODCIR-POD,17,1589,16,4612,15,7249,14,6677,13,500,17,4,18,184,19,2174,20,3241,21,195,17.0
2026-04-17 11:00:29 PM,KXWTAMATCH-26APR18PODCIR-POD,17,1589,16,4612,15,7249,14,6723,13,500,17,4,18,184,19,2174,20,3241,21,195,17.0
2026-04-17 11:00:29 PM,KXWTAMATCH-26APR18PODCIR-POD,17,1589,16,4612,15,7249,14,6655,13,500,17,4,18,184,19,2174,20,3241,21,195,17.0
2026-04-17 11:00:29 PM,KXWTAMATCH-26APR18PODCIR-POD,17,1589,16,4612,15,7249,14,6655,13,500,17,4,18,184,19,2174,20,3240,21,195,17.0
2026-04-17 11:00:34 PM,KXWTAMATCH-26APR18PODCIR-POD,17,1589,16,4612,15,7249,14,6609,13,500,17,4,18,184,19,2174,20,3240,21,195,17.0
2026-04-17 11:00:34 PM,KXWTAMATCH-26APR18PODCIR-POD,17,1589,16,4612,15,7789,14,6609,13,500,17,4,18,184,19,2174,20,3240,21,195,17.0
2026-04-17 11:00:40 PM,KXWTAMATCH-26APR18PODCIR-POD,17,1589,16,4612,15,7789,14,6609,13,500,17,4,18,184,19,2344,20,3240,21,195,17.0
2026-04-17 11:00:40 PM,KXWTAMATCH-26APR18PODCIR-POD,17,1589,16,4612,15,7789,14,6657,13,500,17,4,18,184,19,2344,20,3240,21,195,17.0
2026-04-17 11:00:40 PM,KXWTAMATCH-26APR18PODCIR-POD,17,1589,16,4612,15,7249,14,6657,13,500,17,4,18,184,19,2344,20,3240,21,195,17.0
2026-04-17 11:00:40 PM,KXWTAMATCH-26APR18PODCIR-POD,17,1589,16,4612,15,7249,14,6657,13,500,17,4,18,184,19,2344,20,3070,21,195,17.0
2026-04-17 11:00:40 PM,KXWTAMATCH-26APR18PODCIR-POD,17,1589,16,4612,15,7249,14,6706,13,500,17,4,18,184,19,2344,20,3070,21,195,17.0
2026-04-17 11:00:53 PM,KXWTAMATCH-26APR18PODCIR-POD,17,1589,16,4612,15,7249,14,6706,13,500,17,4,18,184,19,2344,20,3240,21,195,17.0
2026-04-17 11:00:53 PM,KXWTAMATCH-26APR18PODCIR-POD,17,1589,16,4612,15,7249,14,6706,13,500,17,4,18,184,19,2174,20,3240,21,195,17.0
2026-04-17 11:00:53 PM,KXWTAMATCH-26APR18PODCIR-POD,17,1589,16,4612,15,7249,14,6657,13,500,17,4,18,184,19,2174,20,3240,21,195,17.0
2026-04-17 11:00:53 PM,KXWTAMATCH-26APR18PODCIR-POD,17,1589,16,4577,15,7249,14,6657,13,500,17,4,18,184,19,2174,20,3240,21,195,17.0
2026-04-17 11:00:54 PM,KXWTAMATCH-26APR18PODCIR-POD,17,1589,16,4577,15,7789,14,6657,13,500,17,4,18,184,19,2174,20,3240,21,195,17.0
2026-04-17 11:00:54 PM,KXWTAMATCH-26APR18PODCIR-POD,17,1589,16,4577,15,7789,14,6609,13,500,17,4,18,184,19,2174,20,3240,21,195,17.0
2026-04-17 11:00:55 PM,KXWTAMATCH-26APR18PODCIR-POD,17,1589,16,4577,15,7249,14,6609,13,500,17,4,18,184,19,2174,20,3240,21,195,17.0
2026-04-17 11:00:55 PM,KXWTAMATCH-26APR18PODCIR-POD,17,1589,16,4577,15,7249,14,6666,13,500,17,4,18,184,19,2174,20,3240,21,195,17.0
2026-04-17 11:01:03 PM,KXWTAMATCH-26APR18PODCIR-POD,17,1589,16,4577,15,7249,14,6666,13,500,17,4,18,184,19,2344,20,3240,21,195,17.0
2026-04-17 11:01:03 PM,KXWTAMATCH-26APR18PODCIR-POD,17,1589,16,4577,15,7249,14,6666,13,500,17,4,18,184,19,2344,20,3240,21,5195,17.0
2026-04-17 11:01:03 PM,KXWTAMATCH-26APR18PODCIR-POD,17,1624,16,4577,15,7249,14,6666,13,500,17,4,18,184,19,2344,20,3240,21,5195,17.0
2026-04-17 11:01:03 PM,KXWTAMATCH-26APR18PODCIR-POD,17,1589,16,4577,15,7249,14,6666,13,500,17,4,18,184,19,2344,20,3240,21,5195,17.0
2026-04-17 11:01:03 PM,KXWTAMATCH-26APR18PODCIR-POD,17,1589,16,4577,15,7249,14,6666,13,500,17,4,18,184,19,2344,20,3070,21,5195,17.0
2026-04-17 11:01:13 PM,KXWTAMATCH-26APR18PODCIR-POD,17,1589,16,4577,15,7249,14,6666,13,500,17,4,18,184,19,2344,20,8070,21,5195,17.0
2026-04-17 11:01:13 PM,KXWTAMATCH-26APR18PODCIR-POD,17,1589,16,4577,15,7249,14,6666,13,500,17,4,18,184,19,2344,20,8240,21,5195,17.0
2026-04-17 11:01:13 PM,KXWTAMATCH-26APR18PODCIR-POD,17,1589,16,4577,15,7249,14,6666,13,500,17,4,18,184,19,2174,20,8240,21,5195,17.0
2026-04-17 11:01:19 PM,KXWTAMATCH-26APR18PODCIR-POD,17,1589,16,4577,15,7249,14,6666,13,500,17,4,18,181,19,2174,20,8240,21,5195,17.0
2026-04-17 11:01:19 PM,KXWTAMATCH-26APR18PODCIR-POD,17,1590,16,4577,15,7249,14,6666,13,500,17,4,18,181,19,2174,20,8240,21,5195,17.0
2026-04-17 11:01:19 PM,KXWTAMATCH-26APR18PODCIR-POD,17,1590,16,4578,15,7249,14,6666,13,500,17,4,18,181,19,2174,20,8240,21,5195,17.0
2026-04-17 11:01:19 PM,KXWTAMATCH-26APR18PODCIR-POD,17,1590,16,4578,15,7249,14,6666,13,500,17,4,18,181,19,2294,20,8240,21,5195,17.0
2026-04-17 11:01:31 PM,KXWTAMATCH-26APR18PODCIR-POD,17,1590,16,4578,15,7249,14,6666,13,500,17,4,18,181,19,2464,20,8240,21,5195,17.0
2026-04-17 11:01:31 PM,KXWTAMATCH-26APR18PODCIR-POD,17,1590,16,4578,15,7249,14,6666,13,500,17,4,18,181,19,2464,20,8070,21,5195,17.0
2026-04-17 11:01:31 PM,KXWTAMATCH-26APR18PODCIR-POD,17,1590,16,4578,15,7249,14,6716,13,500,17,4,18,181,19,2464,20,8070,21,5195,17.0
2026-04-17 11:01:31 PM,KXWTAMATCH-26APR18PODCIR-POD,17,1590,16,4613,15,7249,14,6716,13,500,17,4,18,181,19,2464,20,8070,21,5195,17.0
2026-04-17 11:01:48 PM,KXWTAMATCH-26APR18PODCIR-POD,17,1590,16,4613,15,7249,14,6716,13,500,17,4,18,181,19,2464,20,8071,21,5195,17.0
2026-04-17 11:01:48 PM,KXWTAMATCH-26APR18PODCIR-POD,17,1590,16,4613,15,7249,14,6716,13,500,17,4,18,181,19,2464,20,8070,21,5195,17.0
2026-04-17 11:01:53 PM,KXWTAMATCH-26APR18PODCIR-POD,17,1590,16,4613,15,7249,14,6822,13,500,17,4,18,181,19,2464,20,8070,21,5195,17.0
2026-04-17 11:03:11 PM,KXWTAMATCH-26APR18PODCIR-POD,17,1590,16,4613,15,7249,14,6822,13,500,17,4,18,181,19,2227,20,8070,21,5195,17.0
2026-04-17 11:03:11 PM,KXWTAMATCH-26APR18PODCIR-POD,17,1590,16,4613,15,7249,14,6822,13,500,17,4,18,181,19,2227,20,3070,21,5195,17.0
2026-04-17 11:03:11 PM,KXWTAMATCH-26APR18PODCIR-POD,17,1590,16,4673,15,7249,14,6822,13,500,17,4,18,181,19,2227,20,3070,21,5195,17.0
2026-04-17 11:03:11 PM,KXWTAMATCH-26APR18PODCIR-POD,17,1590,16,4673,15,7249,14,6822,13,500,17,4,18,181,19,2227,20,3070,21,5425,17.0
2026-04-17 11:03:11 PM,KXWTAMATCH-26APR18PODCIR-POD,17,1590,16,4673,15,7249,14,6822,13,500,17,4,18,181,19,2227,20,3070,21,425,17.0
2026-04-17 11:03:12 PM,KXWTAMATCH-26APR18PODCIR-POD,17,1590,16,4673,15,7249,14,6822,13,500,17,4,18,181,19,2227,20,3070,21,1815,17.0
2026-04-17 11:03:12 PM,KXWTAMATCH-26APR18PODCIR-POD,17,1590,16,4673,15,7249,14,6772,13,500,17,4,18,181,19,2227,20,3070,21,1815,17.0
2026-04-17 11:03:12 PM,KXWTAMATCH-26APR18PODCIR-POD,17,1590,16,4673,15,7249,14,6666,13,500,17,4,18,181,19,2227,20,3070,21,1815,17.0
2026-04-17 11:03:14 PM,KXWTAMATCH-26APR18PODCIR-POD,17,1590,16,4673,15,7249,14,6666,13,500,17,4,18,181,19,2227,20,3070,21,4441,17.0
2026-04-17 11:03:32 PM,KXWTAMATCH-26APR18PODCIR-POD,17,1590,16,4673,15,7249,14,6666,13,500,17,4,18,161,19,2227,20,3070,21,4441,17.0
2026-04-17 11:03:32 PM,KXWTAMATCH-26APR18PODCIR-POD,17,1590,16,4673,15,7249,14,6666,13,500,17,4,18,152,19,2227,20,3070,21,4441,17.0
2026-04-17 11:03:32 PM,KXWTAMATCH-26APR18PODCIR-POD,17,1590,16,4638,15,7249,14,6666,13,500,17,4,18,152,19,2227,20,3070,21,4441,17.0
2026-04-17 11:03:32 PM,KXWTAMATCH-26APR18PODCIR-POD,17,1600,16,4638,15,7249,14,6666,13,500,17,4,18,152,19,2227,20,3070,21,4441,17.0
2026-04-17 11:03:32 PM,KXWTAMATCH-26APR18PODCIR-POD,17,1600,16,4648,15,7249,14,6666,13,500,17,4,18,152,19,2227,20,3070,21,4441,17.0
2026-04-17 11:03:48 PM,KXWTAMATCH-26APR18PODCIR-POD,17,1600,16,4648,15,7249,14,6666,13,500,17,4,18,152,19,2227,20,3070,21,4543,17.0
2026-04-17 11:03:48 PM,KXWTAMATCH-26APR18PODCIR-POD,17,1600,16,4648,15,7249,14,6666,13,500,17,4,18,152,19,2227,20,2969,21,4543,17.0
2026-04-17 11:04:00 PM,KXWTAMATCH-26APR18PODCIR-POD,17,1600,16,4648,15,7249,14,6666,13,500,17,4,18,152,19,2227,20,2969,21,1917,17.0
2026-04-17 11:04:00 PM,KXWTAMATCH-26APR18PODCIR-POD,17,1600,16,4648,15,7249,14,6666,13,500,17,4,18,152,19,2227,20,2969,21,4495,17.0
2026-04-17 11:04:02 PM,KXWTAMATCH-26APR18PODCIR-POD,17,1600,16,4648,15,7249,14,6691,13,500,17,4,18,152,19,2227,20,2969,21,4495,17.0
2026-04-17 11:04:05 PM,KXWTAMATCH-26APR18PODCIR-POD,17,3270,16,4648,15,7249,14,6691,13,500,17,4,18,152,19,2227,20,2969,21,4495,17.0
2026-04-17 11:04:05 PM,KXWTAMATCH-26APR18PODCIR-POD,17,3270,16,4648,15,7249,14,6469,13,500,17,4,18,152,19,2227,20,2969,21,4495,17.0
2026-04-17 11:04:05 PM,KXWTAMATCH-26APR18PODCIR-POD,17,3270,16,4648,15,7249,14,6469,13,500,17,4,18,152,19,2227,20,7969,21,4495,17.0
2026-04-17 11:04:05 PM,KXWTAMATCH-26APR18PODCIR-POD,17,3270,16,4648,15,7249,14,6469,13,500,17,4,18,152,19,2227,20,7969,21,9495,17.0
2026-04-17 11:04:12 PM,KXWTAMATCH-26APR18PODCIR-POD,17,3270,16,4648,15,7325,14,6469,13,500,17,4,18,152,19,2227,20,7969,21,9495,17.0
2026-04-17 11:04:12 PM,KXWTAMATCH-26APR18PODCIR-POD,17,3270,16,4648,15,7325,14,6469,13,500,17,4,18,152,19,2227,20,7969,21,9393,17.0
2026-04-17 11:04:12 PM,KXWTAMATCH-26APR18PODCIR-POD,17,3270,16,4648,15,7325,14,6412,13,500,17,4,18,152,19,2227,20,7969,21,9393,17.0
2026-04-17 11:04:12 PM,KXWTAMATCH-26APR18PODCIR-POD,17,3270,16,4648,15,7325,14,6387,13,500,17,4,18,152,19,2227,20,7969,21,9393,17.0
2026-04-17 11:04:12 PM,KXWTAMATCH-26APR18PODCIR-POD,17,3270,16,4648,15,7325,14,6387,13,500,17,4,18,152,19,2227,20,8070,21,9393,17.0
2026-04-17 11:04:36 PM,KXWTAMATCH-26APR18PODCIR-POD,17,3270,16,4648,15,7325,14,6387,13,500,17,4,18,152,19,2227,20,8070,21,6815,17.0
2026-04-17 11:04:37 PM,KXWTAMATCH-26APR18PODCIR-POD,17,3270,16,4648,15,7325,14,6387,13,500,17,4,18,152,19,2227,20,8070,21,9386,17.0
2026-04-17 11:04:49 PM,KXWTAMATCH-26APR18PODCIR-POD,17,3270,16,4648,15,7325,14,6387,13,100,17,4,18,152,19,2227,20,8070,21,9386,17.0
2026-04-17 11:04:54 PM,KXWTAMATCH-26APR18PODCIR-POD,17,3270,16,4648,15,7325,14,6787,13,100,17,4,18,152,19,2227,20,8070,21,9386,17.0
2026-04-17 11:05:07 PM,KXWTAMATCH-26APR18PODCIR-POD,17,3270,16,4648,15,7325,14,6787,13,100,17,4,18,152,19,2227,20,8070,21,6815,17.0
2026-04-17 11:06:54 PM,KXWTAMATCH-26APR18PODCIR-POD,17,3270,16,4648,15,7325,14,6787,13,100,17,4,18,152,19,2227,20,8070,21,9391,17.0
2026-04-17 11:07:44 PM,KXWTAMATCH-26APR18PODCIR-POD,17,3270,16,4648,15,7325,14,6878,13,100,17,4,18,152,19,2227,20,8070,21,9391,17.0
2026-04-17 11:07:44 PM,KXWTAMATCH-26APR18PODCIR-POD,17,3270,16,4648,15,7249,14,6878,13,100,17,4,18,152,19,2227,20,8070,21,9391,17.0
2026-04-17 11:08:19 PM,KXWTAMATCH-26APR18PODCIR-POD,17,3270,16,4648,15,7249,14,6878,13,100,17,4,18,152,19,2227,20,8070,21,6815,17.0
2026-04-17 11:08:59 PM,KXWTAMATCH-26APR18PODCIR-POD,17,3270,16,4648,15,7249,14,6878,13,100,17,4,18,152,19,2227,20,8070,21,9630,17.0
2026-04-17 11:09:39 PM,KXWTAMATCH-26APR18PODCIR-POD,17,3270,16,4648,15,7249,14,6878,13,100,17,4,18,152,19,2227,20,8070,21,6815,17.0
2026-04-17 11:09:39 PM,KXWTAMATCH-26APR18PODCIR-POD,17,3270,16,4648,15,7249,14,6878,13,100,17,4,18,152,19,2227,20,8070,21,9391,17.0
2026-04-17 11:10:33 PM,KXWTAMATCH-26APR18PODCIR-POD,17,3270,16,4648,15,7249,14,6878,13,100,17,4,18,152,19,2227,20,8070,21,6815,17.0
2026-04-17 11:10:33 PM,KXWTAMATCH-26APR18PODCIR-POD,17,3270,16,4648,15,7249,14,6878,13,100,17,4,18,416,19,2227,20,8070,21,6815,17.0
2026-04-17 11:11:23 PM,KXWTAMATCH-26APR18PODCIR-POD,17,3270,16,4648,15,7249,14,6878,13,100,17,4,18,416,19,2227,20,7969,21,6815,17.0
2026-04-17 11:11:23 PM,KXWTAMATCH-26APR18PODCIR-POD,17,3270,16,4648,15,7334,14,6878,13,100,17,4,18,416,19,2227,20,7969,21,6815,17.0
2026-04-17 11:11:23 PM,KXWTAMATCH-26APR18PODCIR-POD,17,3270,16,4648,15,7334,14,6787,13,100,17,4,18,416,19,2227,20,7969,21,6815,17.0
2026-04-17 11:11:23 PM,KXWTAMATCH-26APR18PODCIR-POD,17,3270,16,4648,15,7334,14,6787,13,100,17,4,18,416,19,2227,20,8028,21,6815,17.0
2026-04-17 11:11:31 PM,KXWTAMATCH-26APR18PODCIR-POD,17,3270,16,4648,15,7334,14,6787,13,100,17,4,18,416,19,2227,20,8028,21,9391,17.0
2026-04-17 11:12:29 PM,KXWTAMATCH-26APR18PODCIR-POD,17,3270,16,4648,15,7334,14,6787,13,100,17,4,18,416,19,2227,20,8028,21,6815,17.0
2026-04-17 11:12:51 PM,KXWTAMATCH-26APR18PODCIR-POD,17,3270,16,4648,15,7334,14,6787,13,100,17,4,18,416,19,2227,20,8028,21,9389,17.0
2026-04-17 11:13:29 PM,KXWTAMATCH-26APR18PODCIR-POD,17,3270,16,4648,15,7334,14,6787,13,100,17,4,18,416,19,2227,20,8028,21,6815,17.0
2026-04-17 11:14:04 PM,KXWTAMATCH-26APR18PODCIR-POD,17,3270,16,4648,15,7334,14,6787,13,100,17,4,18,416,19,2227,20,8028,21,9588,17.0
2026-04-17 11:14:06 PM,KXWTAMATCH-26APR18PODCIR-POD,17,3270,16,4648,15,7334,14,6787,13,100,17,4,18,421,19,2227,20,8028,21,9588,17.0
2026-04-17 11:14:06 PM,KXWTAMATCH-26APR18PODCIR-POD,17,3268,16,4648,15,7334,14,6787,13,100,17,4,18,421,19,2227,20,8028,21,9588,17.0
2026-04-17 11:14:06 PM,KXWTAMATCH-26APR18PODCIR-POD,17,3268,16,4646,15,7334,14,6787,13,100,17,4,18,421,19,2227,20,8028,21,9588,17.0
2026-04-17 11:14:14 PM,KXWTAMATCH-26APR18PODCIR-POD,17,3268,16,4646,15,7334,14,6787,13,100,17,4,18,421,19,2227,20,8028,21,6815,17.0
2026-04-17 11:14:15 PM,KXWTAMATCH-26APR18PODCIR-POD,17,3268,16,4646,15,7334,14,6787,13,100,17,4,18,421,19,2227,20,8028,21,9389,17.0
2026-04-17 11:14:33 PM,KXWTAMATCH-26APR18PODCIR-POD,17,3268,16,4646,15,7334,14,6787,13,100,17,4,18,421,19,2227,20,8028,21,6815,17.0
2026-04-17 11:16:27 PM,KXWTAMATCH-26APR18PODCIR-POD,17,3268,16,4646,15,7334,14,6787,13,100,17,4,18,416,19,2227,20,8028,21,6815,17.0
2026-04-17 11:16:39 PM,KXWTAMATCH-26APR18PODCIR-POD,17,3268,16,4646,15,7334,14,6787,13,100,17,4,18,416,19,2227,20,8028,21,9492,17.0
2026-04-17 11:19:09 PM,KXWTAMATCH-26APR18PODCIR-POD,17,3268,16,4646,15,7334,14,6787,13,100,17,4,18,416,19,2227,20,8028,21,6815,17.0
2026-04-17 11:20:08 PM,KXWTAMATCH-26APR18PODCIR-POD,17,3268,16,4646,15,7334,14,6787,13,100,17,4,18,416,19,2227,20,8028,21,9443,17.0
2026-04-17 11:20:25 PM,KXWTAMATCH-26APR18PODCIR-POD,17,3268,16,4646,15,7334,14,6787,13,100,17,4,18,416,19,2227,20,8028,21,6815,17.0
2026-04-17 11:21:05 PM,KXWTAMATCH-26APR18PODCIR-POD,17,3268,16,4646,15,7334,14,6787,13,100,17,4,18,416,19,2227,20,8028,21,9443,17.0
2026-04-17 11:21:18 PM,KXWTAMATCH-26APR18PODCIR-POD,17,3268,16,4646,15,7334,14,6787,13,100,17,4,18,416,19,2227,20,8028,21,6815,17.0
2026-04-17 11:21:20 PM,KXWTAMATCH-26APR18PODCIR-POD,17,3268,16,4646,15,7334,14,6787,13,100,17,4,18,416,19,2227,20,8196,21,6815,17.0
2026-04-17 11:21:20 PM,KXWTAMATCH-26APR18PODCIR-POD,17,3268,16,4646,15,7334,14,6787,13,100,17,4,18,416,19,2057,20,8196,21,6815,17.0
2026-04-17 11:21:20 PM,KXWTAMATCH-26APR18PODCIR-POD,17,3268,16,4646,15,7399,14,6787,13,100,17,4,18,416,19,2057,20,8196,21,6815,17.0
2026-04-17 11:21:49 PM,KXWTAMATCH-26APR18PODCIR-POD,17,3268,16,4646,15,7399,14,6787,13,100,17,4,18,416,19,2225,20,8196,21,6815,17.0
2026-04-17 11:21:49 PM,KXWTAMATCH-26APR18PODCIR-POD,17,3268,16,4646,15,7399,14,6787,13,100,17,4,18,416,19,2225,20,8028,21,6815,17.0
2026-04-17 11:21:50 PM,KXWTAMATCH-26APR18PODCIR-POD,17,3268,16,4646,15,7334,14,6787,13,100,17,4,18,416,19,2225,20,8028,21,6815,17.0
2026-04-17 11:21:50 PM,KXWTAMATCH-26APR18PODCIR-POD,17,3268,16,4646,15,7334,14,6787,13,100,17,4,18,416,19,2225,20,8070,21,6815,17.0
2026-04-17 11:21:56 PM,KXWTAMATCH-26APR18PODCIR-POD,17,3268,16,4646,15,7334,14,6787,13,100,17,4,18,416,19,2225,20,8028,21,6815,17.0
2026-04-17 11:22:12 PM,KXWTAMATCH-26APR18PODCIR-POD,17,3268,16,4646,15,7334,14,6787,13,100,17,4,18,416,19,2225,20,8028,21,9443,17.0
2026-04-17 11:22:32 PM,KXWTAMATCH-26APR18PODCIR-POD,17,3268,16,4646,15,7334,14,6787,13,100,17,4,18,416,19,2225,20,8028,21,9545,17.0
2026-04-17 11:22:32 PM,KXWTAMATCH-26APR18PODCIR-POD,17,3268,16,4646,15,7334,14,6787,13,100,17,4,18,416,19,2225,20,7969,21,9545,17.0
2026-04-17 11:22:32 PM,KXWTAMATCH-26APR18PODCIR-POD,17,3268,16,4646,15,7334,14,6787,13,100,17,4,18,416,19,2067,20,7969,21,9545,17.0
2026-04-17 11:22:32 PM,KXWTAMATCH-26APR18PODCIR-POD,17,3268,16,4646,15,7334,14,6787,13,100,17,4,18,416,19,2067,20,2969,21,9545,17.0
2026-04-17 11:22:32 PM,KXWTAMATCH-26APR18PODCIR-POD,17,3268,16,4646,15,7334,14,6787,13,100,17,4,18,416,19,2067,20,2969,21,4545,17.0
2026-04-17 11:22:32 PM,KXWTAMATCH-26APR18PODCIR-POD,17,3268,16,4646,15,7334,14,6787,13,100,17,4,18,152,19,2067,20,2969,21,4545,17.0
2026-04-17 11:22:35 PM,KXWTAMATCH-26APR18PODCIR-POD,17,3268,16,4646,15,7334,14,6787,13,100,17,4,18,152,19,2067,20,2969,21,4443,17.0
2026-04-17 11:22:35 PM,KXWTAMATCH-26APR18PODCIR-POD,17,3268,16,4646,15,7334,14,6787,13,100,17,4,18,152,19,2067,20,3040,21,4443,17.0
2026-04-17 11:22:35 PM,KXWTAMATCH-26APR18PODCIR-POD,17,3268,16,4646,15,7334,14,6787,13,100,17,4,18,152,19,2067,20,8040,21,4443,17.0
2026-04-17 11:22:35 PM,KXWTAMATCH-26APR18PODCIR-POD,17,3268,16,4646,15,7334,14,6787,13,100,17,4,18,152,19,2067,20,8040,21,9443,17.0
2026-04-17 11:23:05 PM,KXWTAMATCH-26APR18PODCIR-POD,17,3268,16,4646,15,7334,14,6787,13,100,17,4,18,152,19,2067,20,8040,21,6815,17.0
2026-04-17 11:23:06 PM,KXWTAMATCH-26APR18PODCIR-POD,17,3268,16,4646,15,7334,14,6787,13,100,17,4,18,152,19,2067,20,8070,21,6815,17.0
2026-04-17 11:23:06 PM,KXWTAMATCH-26APR18PODCIR-POD,17,3268,16,4646,15,7399,14,6787,13,100,17,4,18,152,19,2067,20,8070,21,6815,17.0
2026-04-17 11:23:06 PM,KXWTAMATCH-26APR18PODCIR-POD,17,3268,16,4646,15,7399,14,6787,13,100,17,4,18,152,19,2067,20,8040,21,6815,17.0
2026-04-17 11:23:06 PM,KXWTAMATCH-26APR18PODCIR-POD,17,3268,16,4646,15,7334,14,6787,13,100,17,4,18,152,19,2067,20,8040,21,6815,17.0
2026-04-17 11:23:32 PM,KXWTAMATCH-26APR18PODCIR-POD,17,3268,16,4646,15,7334,14,6787,13,100,17,4,18,152,19,2067,20,8070,21,6815,17.0
2026-04-17 11:23:43 PM,KXWTAMATCH-26APR18PODCIR-POD,17,3268,16,4646,15,7334,14,6787,13,100,17,4,18,152,19,1899,20,8070,21,6815,17.0
2026-04-17 11:23:43 PM,KXWTAMATCH-26APR18PODCIR-POD,17,3268,16,4646,15,7361,14,6787,13,100,17,4,18,152,19,1899,20,8070,21,6815,17.0
2026-04-17 11:23:43 PM,KXWTAMATCH-26APR18PODCIR-POD,17,3268,16,4646,15,7276,14,6787,13,100,17,4,18,152,19,1899,20,8070,21,6815,17.0
2026-04-17 11:23:43 PM,KXWTAMATCH-26APR18PODCIR-POD,17,3268,16,4646,15,7276,14,6787,13,100,17,4,18,152,19,1899,20,8238,21,6815,17.0
2026-04-17 11:23:43 PM,KXWTAMATCH-26APR18PODCIR-POD,17,3268,16,4646,15,7276,14,6787,13,100,17,4,18,152,19,1899,20,8208,21,6815,17.0
2026-04-17 11:23:51 PM,KXWTAMATCH-26APR18PODCIR-POD,17,3268,16,4646,15,7276,14,6787,13,100,17,4,18,153,19,1899,20,8208,21,6815,17.0
2026-04-17 11:23:54 PM,KXWTAMATCH-26APR18PODCIR-POD,17,3268,16,4646,15,7276,14,6787,13,100,17,4,18,153,19,1899,20,8208,21,9446,17.0
2026-04-17 11:25:18 PM,KXWTAMATCH-26APR18PODCIR-POD,17,3268,16,4646,15,7276,14,6787,13,100,17,4,18,153,19,1899,20,8208,21,6815,17.0
2026-04-17 11:25:34 PM,KXWTAMATCH-26APR18PODCIR-POD,17,3268,16,4646,15,7276,14,6787,13,100,17,4,18,153,19,1899,20,8040,21,6815,17.0
2026-04-17 11:28:38 PM,KXWTAMATCH-26APR18PODCIR-POD,17,3268,16,4646,15,7276,14,6787,13,100,17,4,18,12,19,1899,20,8040,21,6815,17.0
2026-04-17 11:28:38 PM,KXWTAMATCH-26APR18PODCIR-POD,17,3268,16,4646,15,7276,14,6787,13,100,17,4,18,7,19,1899,20,8040,21,6815,17.0
2026-04-17 11:28:38 PM,KXWTAMATCH-26APR18PODCIR-POD,17,3268,16,4646,15,7276,14,6787,13,100,17,4,18,6,19,1899,20,8040,21,6815,17.0
2026-04-17 11:28:38 PM,KXWTAMATCH-26APR18PODCIR-POD,17,3268,16,4646,15,7276,14,6787,13,100,17,4,18,6,19,1899,20,8208,21,6815,17.0
2026-04-17 11:28:39 PM,KXWTAMATCH-26APR18PODCIR-POD,17,3268,16,4646,15,7276,14,6787,13,100,17,4,18,6,19,460,20,8208,21,6815,17.0
2026-04-17 11:28:39 PM,KXWTAMATCH-26APR18PODCIR-POD,17,3268,16,4646,15,7276,14,6787,13,100,17,4,18,6,19,460,20,9648,21,6815,17.0
2026-04-17 11:28:39 PM,KXWTAMATCH-26APR18PODCIR-POD,17,3270,16,4646,15,7276,14,6787,13,100,17,4,18,6,19,460,20,9648,21,6815,17.0
2026-04-17 11:28:39 PM,KXWTAMATCH-26APR18PODCIR-POD,17,3270,16,4648,15,7276,14,6787,13,100,17,4,18,6,19,460,20,9648,21,6815,17.0
2026-04-17 11:28:41 PM,KXWTAMATCH-26APR18PODCIR-POD,17,3270,16,4648,15,7276,14,6787,13,100,17,4,18,6,19,459,20,9648,21,6815,17.0
2026-04-17 11:28:53 PM,KXWTAMATCH-26APR18PODCIR-POD,17,3270,16,4648,15,7276,14,6787,13,100,17,4,18,6,19,349,20,9648,21,6815,17.0
2026-04-17 11:28:53 PM,KXWTAMATCH-26APR18PODCIR-POD,17,3270,16,4648,15,7276,14,6787,13,100,17,4,18,6,19,324,20,9648,21,6815,17.0
2026-04-17 11:28:53 PM,KXWTAMATCH-26APR18PODCIR-POD,17,3270,16,4648,15,7276,14,6787,13,100,17,4,18,6,19,315,20,9648,21,6815,17.0
2026-04-17 11:28:53 PM,KXWTAMATCH-26APR18PODCIR-POD,17,3270,16,4648,15,7276,14,6787,13,100,17,4,18,6,19,180,20,9648,21,6815,17.0
2026-04-17 11:28:53 PM,KXWTAMATCH-26APR18PODCIR-POD,17,3270,16,4648,15,7276,14,6787,13,100,17,4,18,6,19,120,20,9648,21,6815,17.0
2026-04-17 11:28:53 PM,KXWTAMATCH-26APR18PODCIR-POD,17,3270,16,4648,15,7276,14,6787,13,100,17,4,18,6,20,9648,21,6815,22,2520,17.0
2026-04-17 11:28:53 PM,KXWTAMATCH-26APR18PODCIR-POD,17,3299,16,4648,15,7276,14,6787,13,100,17,4,18,6,20,9648,21,6815,22,2520,17.0
2026-04-17 11:28:53 PM,KXWTAMATCH-26APR18PODCIR-POD,17,3299,16,4648,15,7276,14,6787,13,100,17,4,18,6,20,9648,21,6858,22,2520,17.0
2026-04-17 11:28:53 PM,KXWTAMATCH-26APR18PODCIR-POD,17,3299,16,4648,15,7276,14,6787,13,100,17,4,18,6,20,8208,21,6858,22,2520,17.0
2026-04-17 11:28:53 PM,KXWTAMATCH-26APR18PODCIR-POD,17,3299,16,4648,15,7276,14,6787,13,100,17,4,18,6,19,984,20,8208,21,6858,17.0
2026-04-17 11:28:53 PM,KXWTAMATCH-26APR18PODCIR-POD,17,3299,16,4648,15,7276,14,6787,13,100,17,4,18,6,19,984,20,8040,21,6858,17.0
2026-04-17 11:28:54 PM,KXWTAMATCH-26APR18PODCIR-POD,17,3299,16,4648,15,7276,14,6787,13,100,17,4,18,6,19,984,20,8040,21,8298,17.0
2026-04-17 11:28:54 PM,KXWTAMATCH-26APR18PODCIR-POD,17,3299,16,4648,15,7276,14,6787,13,100,17,4,18,6,19,984,20,8040,21,6858,17.0
2026-04-17 11:28:54 PM,KXWTAMATCH-26APR18PODCIR-POD,17,3299,16,4648,15,7276,14,6787,13,100,17,4,18,6,19,984,20,9480,21,6858,17.0
2026-04-17 11:28:54 PM,KXWTAMATCH-26APR18PODCIR-POD,17,3299,16,4648,15,7276,14,6787,13,100,17,4,18,6,19,1152,20,9480,21,6858,17.0
2026-04-17 11:28:54 PM,KXWTAMATCH-26APR18PODCIR-POD,17,3299,16,4648,15,7276,14,6787,13,100,17,4,18,6,19,1152,20,9510,21,6858,17.0
2026-04-17 11:28:54 PM,KXWTAMATCH-26APR18PODCIR-POD,17,3306,16,4648,15,7276,14,6787,13,100,17,4,18,6,19,1152,20,9510,21,6858,17.0
2026-04-17 11:28:54 PM,KXWTAMATCH-26APR18PODCIR-POD,17,3306,16,4648,15,7276,14,6787,13,100,17,4,18,6,19,1171,20,9510,21,6858,17.0
2026-04-17 11:28:54 PM,KXWTAMATCH-26APR18PODCIR-POD,17,3306,16,4648,15,7276,14,6787,13,100,17,4,18,6,19,1171,20,9510,21,6815,17.0
2026-04-17 11:28:56 PM,KXWTAMATCH-26APR18PODCIR-POD,17,3341,16,4648,15,7276,14,6787,13,100,17,4,18,6,19,1171,20,9510,21,6815,17.0
2026-04-17 11:28:56 PM,KXWTAMATCH-26APR18PODCIR-POD,17,3341,16,4648,15,7276,14,6787,13,100,17,4,18,6,19,1206,20,9510,21,6815,17.0
2026-04-17 11:28:57 PM,KXWTAMATCH-26APR18PODCIR-POD,17,3341,16,4648,15,7276,14,6787,13,100,17,4,18,6,19,1206,20,9480,21,6815,17.0
2026-04-17 11:29:04 PM,KXWTAMATCH-26APR18PODCIR-POD,17,3341,16,4648,15,7276,14,6787,13,100,17,4,18,6,19,222,20,9480,21,6815,17.0
2026-04-17 11:29:04 PM,KXWTAMATCH-26APR18PODCIR-POD,17,3341,16,4648,15,7276,14,6787,13,100,17,4,18,6,19,54,20,9480,21,6815,17.0
2026-04-17 11:29:04 PM,KXWTAMATCH-26APR18PODCIR-POD,17,3341,16,4648,15,7276,14,6787,13,100,17,4,18,6,19,35,20,9480,21,6815,17.0
2026-04-17 11:29:04 PM,KXWTAMATCH-26APR18PODCIR-POD,17,3341,16,4648,15,7276,14,6787,13,100,17,4,18,6,20,9480,21,6815,22,2520,17.0
2026-04-17 11:29:04 PM,KXWTAMATCH-26APR18PODCIR-POD,17,3341,16,4648,15,7276,14,6787,13,100,17,4,18,6,20,9480,21,6858,22,2520,17.0
2026-04-17 11:29:04 PM,KXWTAMATCH-26APR18PODCIR-POD,17,3341,16,4648,15,7276,14,6787,13,100,17,4,18,6,20,8040,21,6858,22,2520,17.0
2026-04-17 11:29:04 PM,KXWTAMATCH-26APR18PODCIR-POD,17,3341,16,4648,15,7276,14,6787,13,100,17,4,18,6,20,8040,21,7839,22,2520,17.0
2026-04-17 11:29:04 PM,KXWTAMATCH-26APR18PODCIR-POD,17,3341,16,4648,15,7276,14,6787,13,100,17,4,18,6,20,8040,21,9279,22,2520,17.0
2026-04-17 11:29:04 PM,KXWTAMATCH-26APR18PODCIR-POD,17,3341,16,4648,15,7276,14,6787,13,100,17,4,18,6,20,8208,21,9279,22,2520,17.0
2026-04-17 11:29:04 PM,KXWTAMATCH-26APR18PODCIR-POD,17,3341,16,4663,15,7276,14,6787,13,100,17,4,18,6,20,8208,21,9279,22,2520,17.0
2026-04-17 11:29:05 PM,KXWTAMATCH-26APR18PODCIR-POD,17,3341,16,4663,15,7276,14,6787,13,100,17,4,18,6,20,8243,21,9279,22,2520,17.0
2026-04-17 11:29:17 PM,KXWTAMATCH-26APR18PODCIR-POD,17,3341,16,4663,15,7276,14,6787,13,100,17,4,18,6,20,8212,21,9279,22,2520,17.0
2026-04-17 11:29:17 PM,KXWTAMATCH-26APR18PODCIR-POD,17,3341,16,4663,15,7276,14,6787,13,100,17,4,18,6,20,8081,21,9279,22,2520,17.0
2026-04-17 11:29:17 PM,KXWTAMATCH-26APR18PODCIR-POD,17,3341,16,4663,15,7276,14,6787,13,100,17,4,18,6,20,7792,21,9279,22,2520,17.0
2026-04-17 11:29:17 PM,KXWTAMATCH-26APR18PODCIR-POD,17,3341,16,4663,15,7276,14,6787,13,100,17,4,18,6,20,7703,21,9279,22,2520,17.0
2026-04-17 11:29:17 PM,KXWTAMATCH-26APR18PODCIR-POD,17,3341,16,4663,15,7276,14,6787,13,100,17,4,18,6,20,7703,21,9236,22,2520,17.0
2026-04-17 11:29:17 PM,KXWTAMATCH-26APR18PODCIR-POD,17,3341,16,4663,15,7276,14,6787,13,100,17,4,18,6,20,7728,21,9236,22,2520,17.0
2026-04-17 11:29:17 PM,KXWTAMATCH-26APR18PODCIR-POD,17,3404,16,4663,15,7276,14,6787,13,100,17,4,18,6,20,7728,21,9236,22,2520,17.0
2026-04-17 11:29:17 PM,KXWTAMATCH-26APR18PODCIR-POD,17,3404,16,4663,15,7276,14,6787,13,100,17,4,18,6,20,7728,21,9261,22,2520,17.0
2026-04-17 11:30:37 PM,KXWTAMATCH-26APR18PODCIR-POD,17,3404,16,4663,15,7276,14,6787,13,100,17,4,18,6,20,7946,21,9261,22,2520,17.0
2026-04-17 11:30:49 PM,KXWTAMATCH-26APR18PODCIR-POD,17,3404,16,4663,15,7276,14,6787,13,100,17,4,18,6,20,7728,21,9261,22,2520,17.0
2026-04-17 11:31:29 PM,KXWTAMATCH-26APR18PODCIR-POD,17,3404,16,4663,15,7276,14,6787,13,100,17,4,18,6,20,7735,21,9261,22,2520,17.0
2026-04-17 11:31:37 PM,KXWTAMATCH-26APR18PODCIR-POD,17,3404,16,4663,15,7276,14,6787,13,100,17,4,18,6,20,7728,21,9261,22,2520,17.0
2026-04-17 11:32:00 PM,KXWTAMATCH-26APR18PODCIR-POD,17,3404,16,4663,15,7276,14,6787,13,100,17,4,18,6,20,7728,21,9261,34,644,17.0
2026-04-17 11:32:00 PM,KXWTAMATCH-26APR18PODCIR-POD,17,3404,16,4663,15,7276,14,6787,13,100,17,4,18,6,20,7728,21,9236,34,644,17.0
2026-04-17 11:32:00 PM,KXWTAMATCH-26APR18PODCIR-POD,17,3404,16,4663,15,7276,14,6787,13,100,17,4,18,6,20,7728,21,9236,33,43,17.0
2026-04-17 11:33:38 PM,KXWTAMATCH-26APR18PODCIR-POD,17,3404,16,4663,15,7276,14,6787,13,100,17,4,18,6,19,155,20,7728,21,9236,17.0
2026-04-17 11:33:38 PM,KXWTAMATCH-26APR18PODCIR-POD,17,3404,16,4663,15,7276,14,6787,13,100,17,4,18,6,19,155,20,7693,21,9236,17.0
2026-04-17 11:33:38 PM,KXWTAMATCH-26APR18PODCIR-POD,17,3404,16,4663,15,7276,14,6787,13,100,17,4,18,6,19,190,20,7693,21,9236,17.0
2026-04-17 11:33:38 PM,KXWTAMATCH-26APR18PODCIR-POD,17,3404,16,4663,15,7276,14,6787,13,100,17,4,18,6,19,190,20,7693,21,7796,17.0
2026-04-17 11:33:38 PM,KXWTAMATCH-26APR18PODCIR-POD,17,3404,16,4663,15,7276,14,6787,13,100,17,4,18,6,19,190,20,9133,21,7796,17.0
2026-04-17 11:33:56 PM,KXWTAMATCH-26APR18PODCIR-POD,17,3404,16,4663,15,7276,14,6787,13,100,17,4,18,6,19,191,20,9133,21,7796,17.0
2026-04-17 11:34:03 PM,KXWTAMATCH-26APR18PODCIR-POD,17,3404,16,4663,15,7276,14,6787,13,100,17,4,18,6,19,191,20,9133,21,7821,17.0
2026-04-17 11:35:23 PM,KXWTAMATCH-26APR18PODCIR-POD,17,3404,16,4663,15,7276,14,6787,13,100,17,4,18,6,19,191,20,9133,21,7796,17.0
2026-04-17 11:35:43 PM,KXWTAMATCH-26APR18PODCIR-POD,17,3404,16,4663,15,7276,14,6787,13,100,17,4,18,6,19,187,20,9133,21,7796,17.0
2026-04-17 11:35:43 PM,KXWTAMATCH-26APR18PODCIR-POD,17,3404,16,4663,15,7276,14,6787,13,100,17,4,18,6,19,152,20,9133,21,7796,17.0
2026-04-17 11:35:43 PM,KXWTAMATCH-26APR18PODCIR-POD,17,3404,16,4663,15,7276,14,6787,13,100,17,4,18,6,19,189,20,9133,21,7796,17.0
2026-04-17 11:36:02 PM,KXWTAMATCH-26APR18PODCIR-POD,17,3404,16,4663,15,7276,14,6787,13,100,17,4,18,6,19,189,20,9133,21,7821,17.0
2026-04-17 11:36:02 PM,KXWTAMATCH-26APR18PODCIR-POD,17,3404,16,4663,15,7276,14,6787,13,100,17,4,18,6,19,224,20,9133,21,7821,17.0
2026-04-17 11:36:06 PM,KXWTAMATCH-26APR18PODCIR-POD,17,3404,16,4663,15,7276,14,6787,13,100,17,4,18,6,19,200,20,9133,21,7821,17.0
2026-04-17 11:36:06 PM,KXWTAMATCH-26APR18PODCIR-POD,17,3404,16,4663,15,7276,14,6787,13,100,17,4,18,6,19,449,20,9133,21,7821,17.0
2026-04-17 11:36:06 PM,KXWTAMATCH-26APR18PODCIR-POD,17,3404,16,4663,15,7276,14,6787,13,100,17,4,18,6,19,414,20,9133,21,7821,17.0
2026-04-17 11:39:23 PM,KXWTAMATCH-26APR18PODCIR-POD,17,3404,16,4663,15,7276,14,6787,13,100,17,4,18,6,19,414,20,9133,21,7796,17.0
2026-04-17 11:40:14 PM,KXWTAMATCH-26APR18PODCIR-POD,17,3404,16,4663,15,7276,14,6787,13,100,17,4,18,6,19,414,20,9133,21,7822,17.0
2026-04-17 11:42:09 PM,KXWTAMATCH-26APR18PODCIR-POD,17,3404,16,4663,15,7276,14,6787,13,100,17,4,18,6,19,414,20,9133,21,7796,17.0
2026-04-17 11:42:09 PM,KXWTAMATCH-26APR18PODCIR-POD,17,3404,16,4663,15,7276,14,6787,13,100,17,4,18,6,19,414,20,9133,21,7822,17.0
2026-04-17 11:43:30 PM,KXWTAMATCH-26APR18PODCIR-POD,17,3404,16,9663,15,7276,14,6787,13,100,17,4,18,6,19,414,20,9133,21,7822,17.0
2026-04-17 11:43:30 PM,KXWTAMATCH-26APR18PODCIR-POD,17,3404,16,9663,15,7276,14,1787,13,100,17,4,18,6,19,414,20,9133,21,7822,17.0
2026-04-17 11:43:30 PM,KXWTAMATCH-26APR18PODCIR-POD,17,3404,16,9688,15,7276,14,1787,13,100,17,4,18,6,19,414,20,9133,21,7822,17.0
2026-04-17 11:43:30 PM,KXWTAMATCH-26APR18PODCIR-POD,17,3404,16,9732,15,7276,14,1787,13,100,17,4,18,6,19,414,20,9133,21,7822,17.0
2026-04-17 11:43:31 PM,KXWTAMATCH-26APR18PODCIR-POD,17,3404,16,9707,15,7276,14,1787,13,100,17,4,18,6,19,414,20,9133,21,7822,17.0
2026-04-17 11:43:31 PM,KXWTAMATCH-26APR18PODCIR-POD,17,3404,16,9663,15,7276,14,1787,13,100,17,4,18,6,19,414,20,9133,21,7822,17.0
2026-04-17 11:43:31 PM,KXWTAMATCH-26APR18PODCIR-POD,17,3404,16,9663,15,7323,14,1787,13,100,17,4,18,6,19,414,20,9133,21,7822,17.0
2026-04-17 11:43:31 PM,KXWTAMATCH-26APR18PODCIR-POD,17,3404,16,9663,15,7323,14,1787,13,100,17,4,18,6,19,414,20,4133,21,7822,17.0
2026-04-17 11:43:31 PM,KXWTAMATCH-26APR18PODCIR-POD,17,3404,16,9663,15,7323,14,1787,13,100,17,4,18,6,19,414,20,4062,21,7822,17.0
2026-04-17 11:43:31 PM,KXWTAMATCH-26APR18PODCIR-POD,17,3404,16,9663,15,7323,14,1587,13,100,17,4,18,6,19,414,20,4062,21,7822,17.0
2026-04-17 11:43:31 PM,KXWTAMATCH-26APR18PODCIR-POD,17,3404,16,9663,15,7323,14,1587,13,100,17,4,18,6,19,414,20,4062,21,7924,17.0
2026-04-17 11:43:31 PM,KXWTAMATCH-26APR18PODCIR-POD,17,4433,16,9663,15,7323,14,1587,13,100,17,4,18,6,19,414,20,4062,21,7924,17.0
2026-04-17 11:43:31 PM,KXWTAMATCH-26APR18PODCIR-POD,17,4433,16,9663,15,7364,14,1587,13,100,17,4,18,6,19,414,20,4062,21,7924,17.0
2026-04-17 11:43:46 PM,KXWTAMATCH-26APR18PODCIR-POD,17,4433,16,9663,15,7323,14,1587,13,100,17,4,18,6,19,414,20,4062,21,7924,17.0
2026-04-17 11:43:46 PM,KXWTAMATCH-26APR18PODCIR-POD,17,4433,16,9800,15,7323,14,1587,13,100,17,4,18,6,19,414,20,4062,21,7924,17.0
2026-04-17 11:46:54 PM,KXWTAMATCH-26APR18PODCIR-POD,17,4433,16,9800,15,7323,14,1587,13,100,17,4,18,6,19,165,20,4062,21,7924,17.0
2026-04-17 11:47:47 PM,KXWTAMATCH-26APR18PODCIR-POD,17,4433,16,9663,15,7323,14,1587,13,100,17,4,18,6,19,165,20,4062,21,7924,17.0
2026-04-17 11:47:47 PM,KXWTAMATCH-26APR18PODCIR-POD,17,4433,16,9701,15,7323,14,1587,13,100,17,4,18,6,19,165,20,4062,21,7924,17.0
2026-04-17 11:56:05 PM,KXWTAMATCH-26APR18PODCIR-POD,17,4404,16,9701,15,7323,14,1587,13,100,17,4,18,6,19,165,20,4062,21,7924,17.0
2026-04-17 11:56:05 PM,KXWTAMATCH-26APR18PODCIR-POD,17,4369,16,9701,15,7323,14,1587,13,100,17,4,18,6,19,165,20,4062,21,7924,17.0
2026-04-17 11:56:05 PM,KXWTAMATCH-26APR18PODCIR-POD,17,4369,16,9701,15,7323,14,1587,13,100,17,4,18,6,19,194,20,4062,21,7924,17.0
2026-04-17 11:56:05 PM,KXWTAMATCH-26APR18PODCIR-POD,17,4383,16,9701,15,7323,14,1587,13,100,17,4,18,6,19,194,20,4062,21,7924,17.0
2026-04-17 11:56:05 PM,KXWTAMATCH-26APR18PODCIR-POD,17,4383,16,9701,15,7323,14,1587,13,100,17,4,18,6,19,527,20,4062,21,7924,17.0
2026-04-17 11:56:07 PM,KXWTAMATCH-26APR18PODCIR-POD,17,4383,16,9699,15,7323,14,1587,13,100,17,4,18,6,19,527,20,4062,21,7924,17.0
2026-04-17 11:56:07 PM,KXWTAMATCH-26APR18PODCIR-POD,17,4383,16,9692,15,7323,14,1587,13,100,17,4,18,6,19,527,20,4062,21,7924,17.0
2026-04-17 11:56:07 PM,KXWTAMATCH-26APR18PODCIR-POD,17,4383,16,9691,15,7323,14,1587,13,100,17,4,18,6,19,527,20,4062,21,7924,17.0
2026-04-17 11:56:07 PM,KXWTAMATCH-26APR18PODCIR-POD,17,4383,16,9688,15,7323,14,1587,13,100,17,4,18,6,19,527,20,4062,21,7924,17.0
2026-04-17 11:57:15 PM,KXWTAMATCH-26APR18PODCIR-POD,17,4383,16,9901,15,7323,14,1587,13,100,17,4,18,6,19,527,20,4062,21,7924,17.0
2026-04-17 11:57:15 PM,KXWTAMATCH-26APR18PODCIR-POD,17,4418,16,9901,15,7323,14,1587,13,100,17,4,18,6,19,527,20,4062,21,7924,17.0
2026-04-17 11:57:15 PM,KXWTAMATCH-26APR18PODCIR-POD,17,4418,16,9731,15,7323,14,1587,13,100,17,4,18,6,19,527,20,4062,21,7924,17.0
2026-04-17 11:57:30 PM,KXWTAMATCH-26APR18PODCIR-POD,17,4418,16,9899,15,7323,14,1587,13,100,17,4,18,6,19,527,20,4062,21,7924,17.0
2026-04-17 11:59:24 PM,KXWTAMATCH-26APR18PODCIR-POD,17,4418,16,9686,15,7323,14,1587,13,100,17,4,18,6,19,527,20,4062,21,7924,17.0
2026-04-17 11:59:24 PM,KXWTAMATCH-26APR18PODCIR-POD,17,4418,16,9703,15,7323,14,1587,13,100,17,4,18,6,19,527,20,4062,21,7924,17.0
2026-04-18 12:00:19 AM,KXWTAMATCH-26APR18PODCIR-POD,17,4418,16,9703,15,7323,14,1587,13,100,17,4,18,6,19,695,20,4062,21,7924,17.0
2026-04-18 12:00:19 AM,KXWTAMATCH-26APR18PODCIR-POD,17,4418,16,9703,15,7323,14,1587,13,100,17,4,18,6,19,695,20,3894,21,7924,17.0
2026-04-18 12:00:20 AM,KXWTAMATCH-26APR18PODCIR-POD,17,4418,16,9686,15,7323,14,1587,13,100,17,4,18,6,19,695,20,3894,21,7924,17.0
2026-04-18 12:00:24 AM,KXWTAMATCH-26APR18PODCIR-POD,17,4418,16,9686,15,7323,14,1587,13,100,17,4,18,6,19,527,20,3894,21,7924,17.0
2026-04-18 12:00:24 AM,KXWTAMATCH-26APR18PODCIR-POD,17,4418,16,9686,15,7323,14,1587,13,100,17,4,18,6,19,194,20,3894,21,7924,17.0
2026-04-18 12:00:27 AM,KXWTAMATCH-26APR18PODCIR-POD,17,4418,16,9686,15,7323,14,1587,13,100,17,4,18,6,19,194,20,4062,21,7924,17.0
2026-04-18 12:00:32 AM,KXWTAMATCH-26APR18PODCIR-POD,17,4418,16,9686,15,7323,14,1587,13,100,17,4,18,6,19,194,20,4062,21,7822,17.0
2026-04-18 12:00:32 AM,KXWTAMATCH-26APR18PODCIR-POD,17,4418,16,9686,15,7323,14,1587,13,100,17,4,18,6,19,194,20,4163,21,7822,17.0
2026-04-18 12:00:32 AM,KXWTAMATCH-26APR18PODCIR-POD,17,4418,16,9686,15,7323,14,1587,13,100,17,4,18,6,19,194,20,9163,21,7822,17.0
