ts_et,ticker,bid_1,bid_1_sz,bid_2,bid_2_sz,bid_3,bid_3_sz,bid_4,bid_4_sz,bid_5,bid_5_sz,ask_1,ask_1_sz,ask_2,ask_2_sz,ask_3,ask_3_sz,ask_4,ask_4_sz,ask_5,ask_5_sz,mid
2026-04-18 12:18:58 PM,KXWTAMATCH-26APR19RYBMUC-RYB,8,200,6,416,5,494,4,323,3,540,93,200,94,315,95,325,96,343,97,82,50.5
2026-04-18 12:22:43 PM,KXWTAMATCH-26APR19RYBMUC-RYB,60,4,8,200,6,416,5,494,4,323,93,200,94,315,95,325,96,343,97,82,76.5
2026-04-18 12:23:10 PM,KXWTAMATCH-26APR19RYBMUC-RYB,60,4,8,200,6,416,5,494,4,323,93,199,94,315,95,325,96,343,97,82,76.5
2026-04-18 12:25:14 PM,KXWTAMATCH-26APR19RYBMUC-RYB,60,4,8,200,6,416,5,494,4,323,93,198,94,315,95,325,96,343,97,82,76.5
2026-04-18 12:25:28 PM,KXWTAMATCH-26APR19RYBMUC-RYB,61,10,60,4,8,200,6,416,5,494,93,198,94,315,95,325,96,343,97,82,77.0
2026-04-18 12:25:29 PM,KXWTAMATCH-26APR19RYBMUC-RYB,61,10,60,4,8,200,6,416,5,495,93,198,94,315,95,325,96,343,97,82,77.0
2026-04-18 12:27:39 PM,KXWTAMATCH-26APR19RYBMUC-RYB,61,10,60,4,54,10,8,200,6,416,93,198,94,315,95,325,96,343,97,82,77.0
2026-04-18 12:31:47 PM,KXWTAMATCH-26APR19RYBMUC-RYB,61,10,60,4,54,10,8,200,6,416,93,188,94,315,95,325,96,343,97,82,77.0
2026-04-18 12:32:12 PM,KXWTAMATCH-26APR19RYBMUC-RYB,61,10,60,4,54,10,8,200,6,416,93,187,94,315,95,325,96,343,97,82,77.0
2026-04-18 12:35:07 PM,KXWTAMATCH-26APR19RYBMUC-RYB,61,10,60,4,54,10,8,200,6,416,73,120,93,187,94,315,95,325,96,343,67.0
2026-04-18 12:35:07 PM,KXWTAMATCH-26APR19RYBMUC-RYB,61,10,60,4,54,10,8,200,6,416,73,120,74,120,93,187,94,315,95,325,67.0
2026-04-18 12:35:08 PM,KXWTAMATCH-26APR19RYBMUC-RYB,61,10,60,4,54,10,8,200,6,416,73,120,74,120,75,200,93,187,94,315,67.0
2026-04-18 12:35:08 PM,KXWTAMATCH-26APR19RYBMUC-RYB,61,10,60,4,54,10,8,200,6,416,73,120,74,120,75,200,76,200,93,187,67.0
2026-04-18 12:35:08 PM,KXWTAMATCH-26APR19RYBMUC-RYB,61,10,60,4,54,10,8,200,6,416,73,120,74,120,75,200,76,200,77,200,67.0
2026-04-18 12:35:35 PM,KXWTAMATCH-26APR19RYBMUC-RYB,61,10,60,4,54,10,8,200,6,416,73,119,74,120,75,200,76,200,77,200,67.0
2026-04-18 12:35:57 PM,KXWTAMATCH-26APR19RYBMUC-RYB,61,10,60,4,54,10,12,100,8,200,73,119,74,120,75,200,76,200,77,200,67.0
2026-04-18 12:35:57 PM,KXWTAMATCH-26APR19RYBMUC-RYB,61,10,60,4,54,10,15,100,12,100,73,119,74,120,75,200,76,200,77,200,67.0
2026-04-18 12:36:08 PM,KXWTAMATCH-26APR19RYBMUC-RYB,61,10,60,4,54,10,15,100,12,100,73,117,74,120,75,200,76,200,77,200,67.0
2026-04-18 12:36:45 PM,KXWTAMATCH-26APR19RYBMUC-RYB,72,20,61,10,60,4,54,10,15,100,73,117,74,120,75,200,76,200,77,200,72.5
2026-04-18 12:38:21 PM,KXWTAMATCH-26APR19RYBMUC-RYB,61,10,60,4,54,10,15,100,12,100,73,117,74,120,75,200,76,200,77,200,67.0
2026-04-18 12:38:26 PM,KXWTAMATCH-26APR19RYBMUC-RYB,61,10,60,4,54,10,15,100,12,100,73,110,74,120,75,200,76,200,77,200,67.0
2026-04-18 12:39:02 PM,KXWTAMATCH-26APR19RYBMUC-RYB,61,10,60,4,54,10,15,100,12,100,73,1,74,120,75,200,76,200,77,200,67.0
2026-04-18 12:39:15 PM,KXWTAMATCH-26APR19RYBMUC-RYB,61,10,60,4,54,10,15,100,12,100,73,1,75,200,76,200,77,200,78,200,67.0
2026-04-18 12:39:15 PM,KXWTAMATCH-26APR19RYBMUC-RYB,61,10,60,4,54,10,15,100,12,100,72,120,73,1,75,200,76,200,77,200,66.5
2026-04-18 12:39:15 PM,KXWTAMATCH-26APR19RYBMUC-RYB,61,10,60,4,54,10,15,100,12,100,72,120,73,1,76,200,77,200,78,200,66.5
2026-04-18 12:39:15 PM,KXWTAMATCH-26APR19RYBMUC-RYB,61,10,60,4,54,10,15,100,12,100,72,120,73,201,76,200,77,200,78,200,66.5
2026-04-18 12:39:15 PM,KXWTAMATCH-26APR19RYBMUC-RYB,61,10,60,4,54,10,15,100,12,100,72,120,73,201,77,200,78,200,80,200,66.5
2026-04-18 12:39:16 PM,KXWTAMATCH-26APR19RYBMUC-RYB,61,10,60,4,54,10,15,100,12,100,72,120,73,201,74,200,77,200,78,200,66.5
2026-04-18 12:39:16 PM,KXWTAMATCH-26APR19RYBMUC-RYB,61,10,60,4,54,10,15,100,12,100,72,120,73,201,74,200,78,200,80,200,66.5
2026-04-18 12:39:16 PM,KXWTAMATCH-26APR19RYBMUC-RYB,61,10,60,4,54,10,15,100,12,100,72,120,73,201,74,200,75,200,78,200,66.5
2026-04-18 12:39:16 PM,KXWTAMATCH-26APR19RYBMUC-RYB,61,10,60,4,54,10,15,100,12,100,72,120,73,201,74,200,75,200,80,200,66.5
2026-04-18 12:39:16 PM,KXWTAMATCH-26APR19RYBMUC-RYB,61,10,60,4,54,10,15,100,12,100,72,120,73,201,74,200,75,200,76,200,66.5
2026-04-18 12:40:05 PM,KXWTAMATCH-26APR19RYBMUC-RYB,61,10,60,4,54,10,16,200,15,100,72,120,73,201,74,200,75,200,76,200,66.5
2026-04-18 12:40:05 PM,KXWTAMATCH-26APR19RYBMUC-RYB,61,10,60,4,54,10,16,200,15,100,72,278,73,201,74,200,75,200,76,200,66.5
2026-04-18 12:40:05 PM,KXWTAMATCH-26APR19RYBMUC-RYB,61,10,60,4,54,10,16,200,15,100,72,120,73,201,74,200,75,200,76,200,66.5
2026-04-18 12:40:05 PM,KXWTAMATCH-26APR19RYBMUC-RYB,61,10,60,4,54,10,16,200,15,100,72,278,73,201,74,200,75,200,76,200,66.5
2026-04-18 12:40:05 PM,KXWTAMATCH-26APR19RYBMUC-RYB,61,10,60,4,54,10,16,200,15,100,72,120,73,201,74,200,75,200,76,200,66.5
2026-04-18 12:40:05 PM,KXWTAMATCH-26APR19RYBMUC-RYB,61,10,60,4,54,10,16,200,15,100,72,278,73,201,74,200,75,200,76,200,66.5
2026-04-18 12:40:06 PM,KXWTAMATCH-26APR19RYBMUC-RYB,61,10,60,4,54,10,16,200,15,100,72,120,73,201,74,200,75,200,76,200,66.5
2026-04-18 12:40:06 PM,KXWTAMATCH-26APR19RYBMUC-RYB,61,10,60,4,54,10,16,200,15,100,72,278,73,201,74,200,75,200,76,200,66.5
2026-04-18 12:40:06 PM,KXWTAMATCH-26APR19RYBMUC-RYB,61,10,60,4,54,10,16,200,15,100,72,120,73,201,74,200,75,200,76,200,66.5
2026-04-18 12:40:06 PM,KXWTAMATCH-26APR19RYBMUC-RYB,61,10,60,4,54,10,16,200,15,100,72,278,73,201,74,200,75,200,76,200,66.5
2026-04-18 12:40:07 PM,KXWTAMATCH-26APR19RYBMUC-RYB,61,10,60,4,54,10,16,200,15,100,72,120,73,201,74,200,75,200,76,200,66.5
2026-04-18 12:40:07 PM,KXWTAMATCH-26APR19RYBMUC-RYB,61,10,60,4,54,10,16,200,15,100,72,278,73,201,74,200,75,200,76,200,66.5
2026-04-18 12:40:07 PM,KXWTAMATCH-26APR19RYBMUC-RYB,61,10,60,4,54,10,16,200,15,100,72,120,73,201,74,200,75,200,76,200,66.5
2026-04-18 12:40:07 PM,KXWTAMATCH-26APR19RYBMUC-RYB,61,10,60,4,54,10,16,200,15,100,72,278,73,201,74,200,75,200,76,200,66.5
2026-04-18 12:40:08 PM,KXWTAMATCH-26APR19RYBMUC-RYB,61,10,60,4,54,10,16,200,15,100,72,120,73,201,74,200,75,200,76,200,66.5
2026-04-18 12:40:08 PM,KXWTAMATCH-26APR19RYBMUC-RYB,61,10,60,4,54,10,16,200,15,100,72,278,73,201,74,200,75,200,76,200,66.5
2026-04-18 12:40:09 PM,KXWTAMATCH-26APR19RYBMUC-RYB,61,10,60,4,54,10,16,200,15,100,72,120,73,201,74,200,75,200,76,200,66.5
2026-04-18 12:40:09 PM,KXWTAMATCH-26APR19RYBMUC-RYB,61,10,60,4,54,10,16,200,15,100,72,278,73,201,74,200,75,200,76,200,66.5
2026-04-18 12:40:09 PM,KXWTAMATCH-26APR19RYBMUC-RYB,61,10,60,4,54,10,16,200,15,100,72,120,73,201,74,200,75,200,76,200,66.5
2026-04-18 12:40:09 PM,KXWTAMATCH-26APR19RYBMUC-RYB,61,10,60,4,54,10,16,200,15,100,72,278,73,201,74,200,75,200,76,200,66.5
2026-04-18 12:40:09 PM,KXWTAMATCH-26APR19RYBMUC-RYB,61,10,60,4,54,10,16,200,15,100,72,120,73,201,74,200,75,200,76,200,66.5
2026-04-18 12:40:10 PM,KXWTAMATCH-26APR19RYBMUC-RYB,61,10,60,4,54,10,16,200,15,100,72,278,73,201,74,200,75,200,76,200,66.5
2026-04-18 12:40:10 PM,KXWTAMATCH-26APR19RYBMUC-RYB,61,10,60,4,54,10,16,200,15,100,72,120,73,201,74,200,75,200,76,200,66.5
2026-04-18 12:40:10 PM,KXWTAMATCH-26APR19RYBMUC-RYB,61,10,60,4,54,10,16,200,15,100,72,278,73,201,74,200,75,200,76,200,66.5
2026-04-18 12:40:10 PM,KXWTAMATCH-26APR19RYBMUC-RYB,61,10,60,4,54,10,16,200,15,100,72,120,73,201,74,200,75,200,76,200,66.5
2026-04-18 12:40:10 PM,KXWTAMATCH-26APR19RYBMUC-RYB,61,10,60,4,54,10,16,200,15,100,72,278,73,201,74,200,75,200,76,200,66.5
2026-04-18 12:40:10 PM,KXWTAMATCH-26APR19RYBMUC-RYB,61,10,60,4,54,10,16,200,15,100,72,120,73,201,74,200,75,200,76,200,66.5
2026-04-18 12:40:11 PM,KXWTAMATCH-26APR19RYBMUC-RYB,61,10,60,4,54,10,16,200,15,100,72,278,73,201,74,200,75,200,76,200,66.5
2026-04-18 12:40:11 PM,KXWTAMATCH-26APR19RYBMUC-RYB,61,10,60,4,54,10,16,200,15,100,72,120,73,201,74,200,75,200,76,200,66.5
2026-04-18 12:40:11 PM,KXWTAMATCH-26APR19RYBMUC-RYB,61,10,60,4,54,10,16,200,15,100,72,278,73,201,74,200,75,200,76,200,66.5
2026-04-18 12:40:11 PM,KXWTAMATCH-26APR19RYBMUC-RYB,61,10,60,4,54,10,16,200,15,100,72,120,73,201,74,200,75,200,76,200,66.5
2026-04-18 12:40:11 PM,KXWTAMATCH-26APR19RYBMUC-RYB,61,10,60,4,54,10,16,200,15,100,72,278,73,201,74,200,75,200,76,200,66.5
2026-04-18 12:40:11 PM,KXWTAMATCH-26APR19RYBMUC-RYB,61,10,60,4,54,10,16,200,15,100,72,120,73,201,74,200,75,200,76,200,66.5
2026-04-18 12:40:11 PM,KXWTAMATCH-26APR19RYBMUC-RYB,61,10,60,4,54,10,16,200,15,100,72,278,73,201,74,200,75,200,76,200,66.5
2026-04-18 12:40:11 PM,KXWTAMATCH-26APR19RYBMUC-RYB,61,10,60,4,54,10,16,200,15,100,72,120,73,201,74,200,75,200,76,200,66.5
2026-04-18 12:40:11 PM,KXWTAMATCH-26APR19RYBMUC-RYB,61,10,60,4,54,10,16,200,15,100,72,278,73,201,74,200,75,200,76,200,66.5
2026-04-18 12:40:11 PM,KXWTAMATCH-26APR19RYBMUC-RYB,61,10,60,4,54,10,16,200,15,100,72,120,73,201,74,200,75,200,76,200,66.5
2026-04-18 12:40:12 PM,KXWTAMATCH-26APR19RYBMUC-RYB,61,10,60,4,54,10,16,200,15,100,72,278,73,201,74,200,75,200,76,200,66.5
2026-04-18 12:40:12 PM,KXWTAMATCH-26APR19RYBMUC-RYB,61,10,60,4,54,10,16,200,15,100,72,120,73,201,74,200,75,200,76,200,66.5
2026-04-18 12:40:12 PM,KXWTAMATCH-26APR19RYBMUC-RYB,61,10,60,4,54,10,16,200,15,100,72,278,73,201,74,200,75,200,76,200,66.5
2026-04-18 12:40:12 PM,KXWTAMATCH-26APR19RYBMUC-RYB,61,10,60,4,54,10,16,200,15,100,72,120,73,201,74,200,75,200,76,200,66.5
2026-04-18 12:40:12 PM,KXWTAMATCH-26APR19RYBMUC-RYB,61,10,60,4,54,10,16,200,15,100,72,278,73,201,74,200,75,200,76,200,66.5
2026-04-18 12:40:12 PM,KXWTAMATCH-26APR19RYBMUC-RYB,61,10,60,4,54,10,16,200,15,100,72,120,73,201,74,200,75,200,76,200,66.5
2026-04-18 12:40:12 PM,KXWTAMATCH-26APR19RYBMUC-RYB,61,10,60,4,54,10,16,200,15,100,72,278,73,201,74,200,75,200,76,200,66.5
2026-04-18 12:40:12 PM,KXWTAMATCH-26APR19RYBMUC-RYB,61,10,60,4,54,10,16,200,15,100,72,120,73,201,74,200,75,200,76,200,66.5
2026-04-18 12:40:13 PM,KXWTAMATCH-26APR19RYBMUC-RYB,61,10,60,4,54,10,16,200,15,100,72,278,73,201,74,200,75,200,76,200,66.5
2026-04-18 12:40:13 PM,KXWTAMATCH-26APR19RYBMUC-RYB,61,10,60,4,54,10,16,200,15,100,72,120,73,201,74,200,75,200,76,200,66.5
2026-04-18 12:40:13 PM,KXWTAMATCH-26APR19RYBMUC-RYB,61,10,60,4,54,10,16,200,15,100,72,278,73,201,74,200,75,200,76,200,66.5
2026-04-18 12:40:13 PM,KXWTAMATCH-26APR19RYBMUC-RYB,61,10,60,4,54,10,16,200,15,100,72,120,73,201,74,200,75,200,76,200,66.5
2026-04-18 12:40:13 PM,KXWTAMATCH-26APR19RYBMUC-RYB,61,10,60,4,54,10,16,200,15,100,72,278,73,201,74,200,75,200,76,200,66.5
2026-04-18 12:40:13 PM,KXWTAMATCH-26APR19RYBMUC-RYB,61,10,60,4,54,10,16,200,15,100,72,120,73,201,74,200,75,200,76,200,66.5
2026-04-18 12:40:13 PM,KXWTAMATCH-26APR19RYBMUC-RYB,61,10,60,4,54,10,16,200,15,100,72,278,73,201,74,200,75,200,76,200,66.5
2026-04-18 12:40:13 PM,KXWTAMATCH-26APR19RYBMUC-RYB,61,10,60,4,54,10,16,200,15,100,72,120,73,201,74,200,75,200,76,200,66.5
2026-04-18 12:40:13 PM,KXWTAMATCH-26APR19RYBMUC-RYB,61,10,60,4,54,10,16,200,15,100,72,278,73,201,74,200,75,200,76,200,66.5
2026-04-18 12:40:13 PM,KXWTAMATCH-26APR19RYBMUC-RYB,61,10,60,4,54,10,16,200,15,100,72,120,73,201,74,200,75,200,76,200,66.5
2026-04-18 12:40:14 PM,KXWTAMATCH-26APR19RYBMUC-RYB,61,10,60,4,54,10,16,200,15,100,72,278,73,201,74,200,75,200,76,200,66.5
2026-04-18 12:40:14 PM,KXWTAMATCH-26APR19RYBMUC-RYB,61,10,60,4,54,10,16,200,15,100,72,120,73,201,74,200,75,200,76,200,66.5
2026-04-18 12:40:14 PM,KXWTAMATCH-26APR19RYBMUC-RYB,61,10,60,4,54,10,16,200,15,100,72,278,73,201,74,200,75,200,76,200,66.5
2026-04-18 12:40:14 PM,KXWTAMATCH-26APR19RYBMUC-RYB,61,10,60,4,54,10,16,200,15,100,72,120,73,201,74,200,75,200,76,200,66.5
2026-04-18 12:40:14 PM,KXWTAMATCH-26APR19RYBMUC-RYB,61,10,60,4,54,10,16,200,15,100,72,278,73,201,74,200,75,200,76,200,66.5
2026-04-18 12:40:14 PM,KXWTAMATCH-26APR19RYBMUC-RYB,61,10,60,4,54,10,16,200,15,100,72,120,73,201,74,200,75,200,76,200,66.5
2026-04-18 12:40:14 PM,KXWTAMATCH-26APR19RYBMUC-RYB,61,10,60,4,54,10,16,200,15,100,72,278,73,201,74,200,75,200,76,200,66.5
2026-04-18 12:40:14 PM,KXWTAMATCH-26APR19RYBMUC-RYB,61,10,60,4,54,10,16,200,15,100,72,120,73,201,74,200,75,200,76,200,66.5
2026-04-18 12:40:14 PM,KXWTAMATCH-26APR19RYBMUC-RYB,61,10,60,4,54,10,16,200,15,100,72,278,73,201,74,200,75,200,76,200,66.5
2026-04-18 12:40:14 PM,KXWTAMATCH-26APR19RYBMUC-RYB,61,10,60,4,54,10,16,200,15,100,72,120,73,201,74,200,75,200,76,200,66.5
2026-04-18 12:40:15 PM,KXWTAMATCH-26APR19RYBMUC-RYB,61,10,60,4,54,10,17,100,16,200,72,120,73,201,74,200,75,200,76,200,66.5
2026-04-18 12:40:15 PM,KXWTAMATCH-26APR19RYBMUC-RYB,61,10,60,4,54,10,51,60,17,100,72,120,73,201,74,200,75,200,76,200,66.5
2026-04-18 12:40:15 PM,KXWTAMATCH-26APR19RYBMUC-RYB,61,10,60,4,54,10,51,60,18,200,72,120,73,201,74,200,75,200,76,200,66.5
2026-04-18 12:40:15 PM,KXWTAMATCH-26APR19RYBMUC-RYB,61,10,60,4,54,10,51,60,18,200,72,278,73,201,74,200,75,200,76,200,66.5
2026-04-18 12:40:15 PM,KXWTAMATCH-26APR19RYBMUC-RYB,61,10,60,4,54,10,51,60,19,100,72,278,73,201,74,200,75,200,76,200,66.5
2026-04-18 12:40:15 PM,KXWTAMATCH-26APR19RYBMUC-RYB,61,10,60,4,54,10,51,60,19,100,72,120,73,201,74,200,75,200,76,200,66.5
2026-04-18 12:40:15 PM,KXWTAMATCH-26APR19RYBMUC-RYB,61,10,60,4,54,10,51,60,19,100,72,278,73,201,74,200,75,200,76,200,66.5
2026-04-18 12:40:15 PM,KXWTAMATCH-26APR19RYBMUC-RYB,61,10,60,4,54,10,51,60,19,100,72,120,73,201,74,200,75,200,76,200,66.5
2026-04-18 12:40:15 PM,KXWTAMATCH-26APR19RYBMUC-RYB,61,10,60,4,54,10,51,60,19,100,72,278,73,201,74,200,75,200,76,200,66.5
2026-04-18 12:40:15 PM,KXWTAMATCH-26APR19RYBMUC-RYB,61,10,60,4,54,10,51,60,19,100,72,120,73,201,74,200,75,200,76,200,66.5
2026-04-18 12:40:15 PM,KXWTAMATCH-26APR19RYBMUC-RYB,61,10,60,4,54,10,51,60,19,100,72,278,73,201,74,200,75,200,76,200,66.5
2026-04-18 12:40:15 PM,KXWTAMATCH-26APR19RYBMUC-RYB,61,10,60,4,54,10,51,60,19,100,72,120,73,201,74,200,75,200,76,200,66.5
2026-04-18 12:40:15 PM,KXWTAMATCH-26APR19RYBMUC-RYB,61,10,60,4,54,10,51,60,19,100,72,278,73,201,74,200,75,200,76,200,66.5
2026-04-18 12:40:16 PM,KXWTAMATCH-26APR19RYBMUC-RYB,61,10,60,4,54,10,51,60,19,100,72,120,73,201,74,200,75,200,76,200,66.5
2026-04-18 12:40:16 PM,KXWTAMATCH-26APR19RYBMUC-RYB,61,10,60,4,54,10,51,60,19,100,72,278,73,201,74,200,75,200,76,200,66.5
2026-04-18 12:40:16 PM,KXWTAMATCH-26APR19RYBMUC-RYB,61,10,60,4,54,10,51,60,19,100,72,120,73,201,74,200,75,200,76,200,66.5
2026-04-18 12:40:16 PM,KXWTAMATCH-26APR19RYBMUC-RYB,61,10,60,4,54,10,51,60,19,100,72,278,73,201,74,200,75,200,76,200,66.5
2026-04-18 12:40:16 PM,KXWTAMATCH-26APR19RYBMUC-RYB,61,10,60,4,54,10,51,60,19,100,72,120,73,201,74,200,75,200,76,200,66.5
2026-04-18 12:40:16 PM,KXWTAMATCH-26APR19RYBMUC-RYB,61,10,60,4,54,10,51,60,19,100,72,278,73,201,74,200,75,200,76,200,66.5
2026-04-18 12:40:16 PM,KXWTAMATCH-26APR19RYBMUC-RYB,61,10,60,4,54,10,51,60,19,100,72,120,73,201,74,200,75,200,76,200,66.5
2026-04-18 12:40:16 PM,KXWTAMATCH-26APR19RYBMUC-RYB,61,10,60,4,54,10,51,60,19,100,72,278,73,201,74,200,75,200,76,200,66.5
2026-04-18 12:40:16 PM,KXWTAMATCH-26APR19RYBMUC-RYB,61,10,60,4,54,10,51,60,19,100,72,120,73,201,74,200,75,200,76,200,66.5
2026-04-18 12:40:17 PM,KXWTAMATCH-26APR19RYBMUC-RYB,61,10,60,4,54,10,51,60,19,100,72,278,73,201,74,200,75,200,76,200,66.5
2026-04-18 12:40:17 PM,KXWTAMATCH-26APR19RYBMUC-RYB,61,10,60,4,54,10,51,60,19,100,72,120,73,201,74,200,75,200,76,200,66.5
2026-04-18 12:40:17 PM,KXWTAMATCH-26APR19RYBMUC-RYB,61,10,60,4,54,10,51,60,19,100,72,278,73,201,74,200,75,200,76,200,66.5
2026-04-18 12:40:17 PM,KXWTAMATCH-26APR19RYBMUC-RYB,61,10,60,4,54,10,51,60,19,100,72,120,73,201,74,200,75,200,76,200,66.5
2026-04-18 12:40:17 PM,KXWTAMATCH-26APR19RYBMUC-RYB,61,10,60,4,54,10,51,60,19,100,72,278,73,201,74,200,75,200,76,200,66.5
2026-04-18 12:40:17 PM,KXWTAMATCH-26APR19RYBMUC-RYB,61,10,60,4,54,10,51,60,19,100,72,120,73,201,74,200,75,200,76,200,66.5
2026-04-18 12:40:17 PM,KXWTAMATCH-26APR19RYBMUC-RYB,61,10,60,4,54,10,51,60,19,100,72,278,73,201,74,200,75,200,76,200,66.5
2026-04-18 12:40:17 PM,KXWTAMATCH-26APR19RYBMUC-RYB,61,10,60,4,54,10,51,60,19,100,72,120,73,201,74,200,75,200,76,200,66.5
2026-04-18 12:40:17 PM,KXWTAMATCH-26APR19RYBMUC-RYB,61,10,60,4,54,10,51,60,19,100,72,278,73,201,74,200,75,200,76,200,66.5
2026-04-18 12:40:17 PM,KXWTAMATCH-26APR19RYBMUC-RYB,61,10,60,4,54,10,51,60,19,100,72,120,73,201,74,200,75,200,76,200,66.5
2026-04-18 12:40:18 PM,KXWTAMATCH-26APR19RYBMUC-RYB,61,10,60,4,54,10,51,60,19,100,72,278,73,201,74,200,75,200,76,200,66.5
2026-04-18 12:40:18 PM,KXWTAMATCH-26APR19RYBMUC-RYB,61,10,60,4,54,10,51,60,19,100,72,120,73,201,74,200,75,200,76,200,66.5
2026-04-18 12:40:18 PM,KXWTAMATCH-26APR19RYBMUC-RYB,61,10,60,4,54,10,51,60,19,100,72,278,73,201,74,200,75,200,76,200,66.5
2026-04-18 12:40:18 PM,KXWTAMATCH-26APR19RYBMUC-RYB,61,10,60,4,54,10,51,60,19,100,72,120,73,201,74,200,75,200,76,200,66.5
2026-04-18 12:40:18 PM,KXWTAMATCH-26APR19RYBMUC-RYB,61,10,60,4,54,10,51,60,19,100,72,278,73,201,74,200,75,200,76,200,66.5
2026-04-18 12:40:18 PM,KXWTAMATCH-26APR19RYBMUC-RYB,61,10,60,4,54,10,51,60,19,100,72,120,73,201,74,200,75,200,76,200,66.5
2026-04-18 12:40:18 PM,KXWTAMATCH-26APR19RYBMUC-RYB,61,10,60,4,54,10,51,60,19,100,72,278,73,201,74,200,75,200,76,200,66.5
2026-04-18 12:40:18 PM,KXWTAMATCH-26APR19RYBMUC-RYB,61,10,60,4,54,10,51,60,19,100,72,120,73,201,74,200,75,200,76,200,66.5
2026-04-18 12:40:19 PM,KXWTAMATCH-26APR19RYBMUC-RYB,61,10,60,4,54,10,51,60,19,100,72,278,73,201,74,200,75,200,76,200,66.5
2026-04-18 12:40:19 PM,KXWTAMATCH-26APR19RYBMUC-RYB,61,10,60,4,54,10,51,60,19,100,72,120,73,201,74,200,75,200,76,200,66.5
2026-04-18 12:40:19 PM,KXWTAMATCH-26APR19RYBMUC-RYB,61,10,60,4,54,10,51,60,19,100,72,278,73,201,74,200,75,200,76,200,66.5
2026-04-18 12:40:19 PM,KXWTAMATCH-26APR19RYBMUC-RYB,61,10,60,4,54,10,51,60,19,100,72,120,73,201,74,200,75,200,76,200,66.5
2026-04-18 12:40:19 PM,KXWTAMATCH-26APR19RYBMUC-RYB,61,10,60,4,54,10,51,60,19,100,72,278,73,201,74,200,75,200,76,200,66.5
2026-04-18 12:40:19 PM,KXWTAMATCH-26APR19RYBMUC-RYB,61,10,60,4,54,10,51,60,19,100,72,120,73,201,74,200,75,200,76,200,66.5
2026-04-18 12:40:19 PM,KXWTAMATCH-26APR19RYBMUC-RYB,61,10,60,4,54,10,51,60,19,100,72,278,73,201,74,200,75,200,76,200,66.5
2026-04-18 12:40:19 PM,KXWTAMATCH-26APR19RYBMUC-RYB,61,10,60,4,54,10,51,60,19,100,72,120,73,201,74,200,75,200,76,200,66.5
2026-04-18 12:40:19 PM,KXWTAMATCH-26APR19RYBMUC-RYB,61,10,60,4,54,10,51,60,19,100,72,278,73,201,74,200,75,200,76,200,66.5
2026-04-18 12:40:19 PM,KXWTAMATCH-26APR19RYBMUC-RYB,61,10,60,4,54,10,51,60,19,100,72,120,73,201,74,200,75,200,76,200,66.5
2026-04-18 12:40:20 PM,KXWTAMATCH-26APR19RYBMUC-RYB,61,10,60,4,54,10,51,60,19,100,72,278,73,201,74,200,75,200,76,200,66.5
2026-04-18 12:40:20 PM,KXWTAMATCH-26APR19RYBMUC-RYB,61,10,60,4,54,10,51,60,19,100,72,120,73,201,74,200,75,200,76,200,66.5
2026-04-18 12:40:20 PM,KXWTAMATCH-26APR19RYBMUC-RYB,61,10,60,4,54,10,51,60,19,100,72,278,73,201,74,200,75,200,76,200,66.5
2026-04-18 12:40:20 PM,KXWTAMATCH-26APR19RYBMUC-RYB,61,10,60,4,54,10,51,60,19,100,72,120,73,201,74,200,75,200,76,200,66.5
2026-04-18 12:40:20 PM,KXWTAMATCH-26APR19RYBMUC-RYB,61,10,60,4,54,10,51,60,19,100,72,278,73,201,74,200,75,200,76,200,66.5
2026-04-18 12:40:20 PM,KXWTAMATCH-26APR19RYBMUC-RYB,61,10,60,4,54,10,51,60,19,100,72,120,73,201,74,200,75,200,76,200,66.5
2026-04-18 12:40:20 PM,KXWTAMATCH-26APR19RYBMUC-RYB,61,10,60,4,54,10,51,60,19,100,72,278,73,201,74,200,75,200,76,200,66.5
2026-04-18 12:40:20 PM,KXWTAMATCH-26APR19RYBMUC-RYB,61,10,60,4,54,10,51,60,19,100,72,120,73,201,74,200,75,200,76,200,66.5
2026-04-18 12:40:21 PM,KXWTAMATCH-26APR19RYBMUC-RYB,61,10,60,4,54,10,51,60,19,100,72,278,73,201,74,200,75,200,76,200,66.5
2026-04-18 12:40:21 PM,KXWTAMATCH-26APR19RYBMUC-RYB,61,10,60,4,54,10,51,60,19,100,72,120,73,201,74,200,75,200,76,200,66.5
2026-04-18 12:40:21 PM,KXWTAMATCH-26APR19RYBMUC-RYB,61,10,60,4,54,10,51,60,19,100,72,278,73,201,74,200,75,200,76,200,66.5
2026-04-18 12:40:21 PM,KXWTAMATCH-26APR19RYBMUC-RYB,61,10,60,4,54,10,51,60,19,100,72,120,73,201,74,200,75,200,76,200,66.5
2026-04-18 12:40:21 PM,KXWTAMATCH-26APR19RYBMUC-RYB,61,10,60,4,54,10,51,60,19,100,72,278,73,201,74,200,75,200,76,200,66.5
2026-04-18 12:40:21 PM,KXWTAMATCH-26APR19RYBMUC-RYB,61,10,60,4,54,10,51,60,19,100,72,120,73,201,74,200,75,200,76,200,66.5
2026-04-18 12:40:21 PM,KXWTAMATCH-26APR19RYBMUC-RYB,61,10,60,4,54,10,51,60,19,100,72,278,73,201,74,200,75,200,76,200,66.5
2026-04-18 12:40:21 PM,KXWTAMATCH-26APR19RYBMUC-RYB,61,10,60,4,54,10,51,60,19,100,72,120,73,201,74,200,75,200,76,200,66.5
2026-04-18 12:40:21 PM,KXWTAMATCH-26APR19RYBMUC-RYB,61,10,60,4,54,10,51,60,19,100,72,278,73,201,74,200,75,200,76,200,66.5
2026-04-18 12:40:21 PM,KXWTAMATCH-26APR19RYBMUC-RYB,61,10,60,4,54,10,51,60,19,100,72,120,73,201,74,200,75,200,76,200,66.5
2026-04-18 12:40:22 PM,KXWTAMATCH-26APR19RYBMUC-RYB,61,10,60,4,54,10,51,60,19,100,72,278,73,201,74,200,75,200,76,200,66.5
2026-04-18 12:40:22 PM,KXWTAMATCH-26APR19RYBMUC-RYB,61,10,60,4,54,10,51,60,19,100,72,120,73,201,74,200,75,200,76,200,66.5
2026-04-18 12:40:22 PM,KXWTAMATCH-26APR19RYBMUC-RYB,61,10,60,4,54,10,51,60,19,100,72,278,73,201,74,200,75,200,76,200,66.5
2026-04-18 12:40:22 PM,KXWTAMATCH-26APR19RYBMUC-RYB,61,10,60,4,54,10,51,60,19,100,72,120,73,201,74,200,75,200,76,200,66.5
2026-04-18 12:40:22 PM,KXWTAMATCH-26APR19RYBMUC-RYB,61,10,60,4,54,10,51,60,19,100,72,278,73,201,74,200,75,200,76,200,66.5
2026-04-18 12:40:22 PM,KXWTAMATCH-26APR19RYBMUC-RYB,61,10,60,4,54,10,51,60,19,100,72,120,73,201,74,200,75,200,76,200,66.5
2026-04-18 12:40:22 PM,KXWTAMATCH-26APR19RYBMUC-RYB,61,10,60,4,54,10,51,60,19,100,72,278,73,201,74,200,75,200,76,200,66.5
2026-04-18 12:40:23 PM,KXWTAMATCH-26APR19RYBMUC-RYB,61,10,60,4,54,10,51,60,19,100,72,120,73,201,74,200,75,200,76,200,66.5
2026-04-18 12:40:23 PM,KXWTAMATCH-26APR19RYBMUC-RYB,61,10,60,4,54,10,51,60,19,100,72,278,73,201,74,200,75,200,76,200,66.5
2026-04-18 12:40:23 PM,KXWTAMATCH-26APR19RYBMUC-RYB,61,10,60,4,54,10,51,60,19,100,72,120,73,201,74,200,75,200,76,200,66.5
2026-04-18 12:40:23 PM,KXWTAMATCH-26APR19RYBMUC-RYB,61,10,60,4,54,10,51,60,19,100,72,278,73,201,74,200,75,200,76,200,66.5
2026-04-18 12:40:24 PM,KXWTAMATCH-26APR19RYBMUC-RYB,61,10,60,4,54,10,51,60,19,100,72,120,73,201,74,200,75,200,76,200,66.5
2026-04-18 12:40:24 PM,KXWTAMATCH-26APR19RYBMUC-RYB,61,10,60,4,54,10,51,60,19,100,72,278,73,201,74,200,75,200,76,200,66.5
2026-04-18 12:40:24 PM,KXWTAMATCH-26APR19RYBMUC-RYB,61,10,60,4,54,10,51,60,19,100,72,120,73,201,74,200,75,200,76,200,66.5
2026-04-18 12:40:24 PM,KXWTAMATCH-26APR19RYBMUC-RYB,61,10,60,4,54,10,51,60,19,100,72,278,73,201,74,200,75,200,76,200,66.5
2026-04-18 12:40:24 PM,KXWTAMATCH-26APR19RYBMUC-RYB,61,10,60,4,54,10,51,60,19,100,72,120,73,201,74,200,75,200,76,200,66.5
2026-04-18 12:40:25 PM,KXWTAMATCH-26APR19RYBMUC-RYB,61,10,60,4,54,10,51,60,19,100,72,278,73,201,74,200,75,200,76,200,66.5
2026-04-18 12:40:25 PM,KXWTAMATCH-26APR19RYBMUC-RYB,61,10,60,4,54,10,51,60,19,100,72,120,73,201,74,200,75,200,76,200,66.5
2026-04-18 12:40:25 PM,KXWTAMATCH-26APR19RYBMUC-RYB,61,10,60,4,54,10,51,60,19,100,72,278,73,201,74,200,75,200,76,200,66.5
2026-04-18 12:40:25 PM,KXWTAMATCH-26APR19RYBMUC-RYB,61,10,60,4,54,10,51,60,19,100,72,120,73,201,74,200,75,200,76,200,66.5
2026-04-18 12:40:25 PM,KXWTAMATCH-26APR19RYBMUC-RYB,61,10,60,4,54,10,51,60,19,100,72,278,73,201,74,200,75,200,76,200,66.5
2026-04-18 12:40:25 PM,KXWTAMATCH-26APR19RYBMUC-RYB,61,10,60,4,54,10,51,60,19,100,72,120,73,201,74,200,75,200,76,200,66.5
2026-04-18 12:40:26 PM,KXWTAMATCH-26APR19RYBMUC-RYB,61,10,60,4,54,10,51,60,19,100,72,278,73,201,74,200,75,200,76,200,66.5
2026-04-18 12:40:26 PM,KXWTAMATCH-26APR19RYBMUC-RYB,61,10,60,4,54,10,51,60,19,100,72,120,73,201,74,200,75,200,76,200,66.5
2026-04-18 12:40:26 PM,KXWTAMATCH-26APR19RYBMUC-RYB,61,10,60,4,54,10,51,60,19,100,72,278,73,201,74,200,75,200,76,200,66.5
2026-04-18 12:40:26 PM,KXWTAMATCH-26APR19RYBMUC-RYB,61,10,60,4,54,10,51,60,19,100,72,120,73,201,74,200,75,200,76,200,66.5
2026-04-18 12:40:26 PM,KXWTAMATCH-26APR19RYBMUC-RYB,61,10,60,4,54,10,51,60,19,100,72,278,73,201,74,200,75,200,76,200,66.5
2026-04-18 12:40:26 PM,KXWTAMATCH-26APR19RYBMUC-RYB,61,10,60,4,54,10,51,60,19,100,72,120,73,201,74,200,75,200,76,200,66.5
2026-04-18 12:40:27 PM,KXWTAMATCH-26APR19RYBMUC-RYB,61,10,60,4,54,10,51,60,19,100,72,278,73,201,74,200,75,200,76,200,66.5
2026-04-18 12:40:27 PM,KXWTAMATCH-26APR19RYBMUC-RYB,61,10,60,4,54,10,51,60,19,100,72,120,73,201,74,200,75,200,76,200,66.5
2026-04-18 12:40:27 PM,KXWTAMATCH-26APR19RYBMUC-RYB,61,10,60,4,54,10,51,60,19,100,72,278,73,201,74,200,75,200,76,200,66.5
2026-04-18 12:40:27 PM,KXWTAMATCH-26APR19RYBMUC-RYB,61,10,60,4,54,10,51,60,19,100,72,120,73,201,74,200,75,200,76,200,66.5
2026-04-18 12:40:27 PM,KXWTAMATCH-26APR19RYBMUC-RYB,61,10,60,4,54,10,51,60,19,100,72,278,73,201,74,200,75,200,76,200,66.5
2026-04-18 12:40:27 PM,KXWTAMATCH-26APR19RYBMUC-RYB,61,10,60,4,54,10,51,60,19,100,72,120,73,201,74,200,75,200,76,200,66.5
2026-04-18 12:40:28 PM,KXWTAMATCH-26APR19RYBMUC-RYB,61,10,60,4,54,10,51,60,19,100,72,278,73,201,74,200,75,200,76,200,66.5
2026-04-18 12:40:28 PM,KXWTAMATCH-26APR19RYBMUC-RYB,61,10,60,4,54,10,51,60,19,100,72,120,73,201,74,200,75,200,76,200,66.5
2026-04-18 12:40:28 PM,KXWTAMATCH-26APR19RYBMUC-RYB,61,10,60,4,54,10,51,60,19,100,72,278,73,201,74,200,75,200,76,200,66.5
2026-04-18 12:40:28 PM,KXWTAMATCH-26APR19RYBMUC-RYB,61,10,60,4,54,10,51,60,19,100,72,120,73,201,74,200,75,200,76,200,66.5
2026-04-18 12:40:28 PM,KXWTAMATCH-26APR19RYBMUC-RYB,61,10,60,4,54,10,51,60,19,100,72,278,73,201,74,200,75,200,76,200,66.5
2026-04-18 12:40:28 PM,KXWTAMATCH-26APR19RYBMUC-RYB,61,10,60,4,54,10,51,60,19,100,72,120,73,201,74,200,75,200,76,200,66.5
2026-04-18 12:40:28 PM,KXWTAMATCH-26APR19RYBMUC-RYB,61,10,60,4,54,10,51,60,19,100,72,278,73,201,74,200,75,200,76,200,66.5
2026-04-18 12:40:28 PM,KXWTAMATCH-26APR19RYBMUC-RYB,61,10,60,4,54,10,51,60,19,100,72,120,73,201,74,200,75,200,76,200,66.5
2026-04-18 12:40:29 PM,KXWTAMATCH-26APR19RYBMUC-RYB,61,10,60,4,54,10,51,60,19,100,72,278,73,201,74,200,75,200,76,200,66.5
2026-04-18 12:40:29 PM,KXWTAMATCH-26APR19RYBMUC-RYB,61,10,60,4,54,10,51,60,19,100,72,120,73,201,74,200,75,200,76,200,66.5
2026-04-18 12:40:29 PM,KXWTAMATCH-26APR19RYBMUC-RYB,61,10,60,4,54,10,51,60,19,100,72,278,73,201,74,200,75,200,76,200,66.5
2026-04-18 12:40:29 PM,KXWTAMATCH-26APR19RYBMUC-RYB,61,10,60,4,54,10,51,60,19,100,72,120,73,201,74,200,75,200,76,200,66.5
2026-04-18 12:40:29 PM,KXWTAMATCH-26APR19RYBMUC-RYB,61,10,60,4,54,10,51,60,19,100,72,278,73,201,74,200,75,200,76,200,66.5
2026-04-18 12:40:29 PM,KXWTAMATCH-26APR19RYBMUC-RYB,61,10,60,4,54,10,51,60,19,100,72,120,73,201,74,200,75,200,76,200,66.5
2026-04-18 12:40:29 PM,KXWTAMATCH-26APR19RYBMUC-RYB,61,10,60,4,54,10,51,60,19,100,72,278,73,201,74,200,75,200,76,200,66.5
2026-04-18 12:40:29 PM,KXWTAMATCH-26APR19RYBMUC-RYB,61,10,60,4,54,10,51,60,19,100,72,120,73,201,74,200,75,200,76,200,66.5
2026-04-18 12:40:29 PM,KXWTAMATCH-26APR19RYBMUC-RYB,61,10,60,4,54,10,51,60,19,100,72,278,73,201,74,200,75,200,76,200,66.5
2026-04-18 12:40:30 PM,KXWTAMATCH-26APR19RYBMUC-RYB,61,10,60,4,54,10,51,60,19,100,72,120,73,201,74,200,75,200,76,200,66.5
2026-04-18 12:40:30 PM,KXWTAMATCH-26APR19RYBMUC-RYB,61,10,60,4,54,10,51,60,19,100,72,278,73,201,74,200,75,200,76,200,66.5
2026-04-18 12:40:30 PM,KXWTAMATCH-26APR19RYBMUC-RYB,61,10,60,4,54,10,51,60,19,100,72,120,73,201,74,200,75,200,76,200,66.5
2026-04-18 12:40:30 PM,KXWTAMATCH-26APR19RYBMUC-RYB,61,10,60,4,54,10,51,60,19,100,72,278,73,201,74,200,75,200,76,200,66.5
2026-04-18 12:40:30 PM,KXWTAMATCH-26APR19RYBMUC-RYB,61,10,60,4,54,10,51,60,19,100,72,120,73,201,74,200,75,200,76,200,66.5
2026-04-18 12:40:30 PM,KXWTAMATCH-26APR19RYBMUC-RYB,61,10,60,4,54,10,51,60,19,100,72,278,73,201,74,200,75,200,76,200,66.5
2026-04-18 12:40:31 PM,KXWTAMATCH-26APR19RYBMUC-RYB,61,10,60,4,54,10,51,60,19,100,72,120,73,201,74,200,75,200,76,200,66.5
2026-04-18 12:40:31 PM,KXWTAMATCH-26APR19RYBMUC-RYB,61,10,60,4,54,10,51,60,19,100,72,278,73,201,74,200,75,200,76,200,66.5
2026-04-18 12:40:31 PM,KXWTAMATCH-26APR19RYBMUC-RYB,61,10,60,4,54,10,51,60,19,100,72,120,73,201,74,200,75,200,76,200,66.5
2026-04-18 12:40:31 PM,KXWTAMATCH-26APR19RYBMUC-RYB,61,10,60,4,54,10,51,60,19,100,72,278,73,201,74,200,75,200,76,200,66.5
2026-04-18 12:40:31 PM,KXWTAMATCH-26APR19RYBMUC-RYB,61,10,60,4,54,10,51,60,19,100,72,120,73,201,74,200,75,200,76,200,66.5
2026-04-18 12:40:32 PM,KXWTAMATCH-26APR19RYBMUC-RYB,61,10,60,4,54,10,51,60,19,100,72,278,73,201,74,200,75,200,76,200,66.5
2026-04-18 12:40:32 PM,KXWTAMATCH-26APR19RYBMUC-RYB,61,10,60,4,54,10,51,60,19,100,72,120,73,201,74,200,75,200,76,200,66.5
2026-04-18 12:40:32 PM,KXWTAMATCH-26APR19RYBMUC-RYB,61,10,60,4,54,10,51,60,19,100,72,278,73,201,74,200,75,200,76,200,66.5
2026-04-18 12:40:32 PM,KXWTAMATCH-26APR19RYBMUC-RYB,61,10,60,4,54,10,51,60,19,100,72,120,73,201,74,200,75,200,76,200,66.5
2026-04-18 12:40:33 PM,KXWTAMATCH-26APR19RYBMUC-RYB,61,10,60,4,54,10,51,60,19,100,72,278,73,201,74,200,75,200,76,200,66.5
2026-04-18 12:40:33 PM,KXWTAMATCH-26APR19RYBMUC-RYB,61,10,60,4,54,10,51,60,19,100,72,120,73,201,74,200,75,200,76,200,66.5
2026-04-18 12:40:33 PM,KXWTAMATCH-26APR19RYBMUC-RYB,61,10,60,4,54,10,51,60,19,100,72,278,73,201,74,200,75,200,76,200,66.5
2026-04-18 12:40:34 PM,KXWTAMATCH-26APR19RYBMUC-RYB,61,10,60,4,54,10,51,60,19,100,72,120,73,201,74,200,75,200,76,200,66.5
2026-04-18 12:40:34 PM,KXWTAMATCH-26APR19RYBMUC-RYB,61,10,60,4,54,10,51,60,19,100,72,278,73,201,74,200,75,200,76,200,66.5
2026-04-18 12:40:35 PM,KXWTAMATCH-26APR19RYBMUC-RYB,61,10,60,4,54,10,51,60,19,100,72,120,73,201,74,200,75,200,76,200,66.5
2026-04-18 12:40:35 PM,KXWTAMATCH-26APR19RYBMUC-RYB,61,10,60,4,54,10,51,60,19,100,72,278,73,201,74,200,75,200,76,200,66.5
2026-04-18 12:40:36 PM,KXWTAMATCH-26APR19RYBMUC-RYB,61,10,60,4,54,10,51,60,19,100,72,120,73,201,74,200,75,200,76,200,66.5
2026-04-18 12:40:36 PM,KXWTAMATCH-26APR19RYBMUC-RYB,61,10,60,4,54,10,51,60,19,100,72,278,73,201,74,200,75,200,76,200,66.5
2026-04-18 12:40:37 PM,KXWTAMATCH-26APR19RYBMUC-RYB,61,10,60,4,54,10,51,60,19,100,72,120,73,201,74,200,75,200,76,200,66.5
2026-04-18 12:40:37 PM,KXWTAMATCH-26APR19RYBMUC-RYB,61,10,60,4,54,10,51,60,19,100,72,278,73,201,74,200,75,200,76,200,66.5
2026-04-18 12:40:38 PM,KXWTAMATCH-26APR19RYBMUC-RYB,61,10,60,4,54,10,51,60,19,100,72,120,73,201,74,200,75,200,76,200,66.5
2026-04-18 12:40:38 PM,KXWTAMATCH-26APR19RYBMUC-RYB,61,10,60,4,54,10,51,60,19,100,72,278,73,201,74,200,75,200,76,200,66.5
2026-04-18 12:40:39 PM,KXWTAMATCH-26APR19RYBMUC-RYB,61,10,60,4,54,10,51,60,19,100,72,120,73,201,74,200,75,200,76,200,66.5
2026-04-18 12:40:39 PM,KXWTAMATCH-26APR19RYBMUC-RYB,61,10,60,4,54,10,51,60,19,100,72,278,73,201,74,200,75,200,76,200,66.5
2026-04-18 12:40:40 PM,KXWTAMATCH-26APR19RYBMUC-RYB,61,10,60,4,54,10,51,60,19,100,72,120,73,201,74,200,75,200,76,200,66.5
2026-04-18 12:40:40 PM,KXWTAMATCH-26APR19RYBMUC-RYB,61,10,60,4,54,10,51,60,19,100,72,278,73,201,74,200,75,200,76,200,66.5
2026-04-18 12:40:40 PM,KXWTAMATCH-26APR19RYBMUC-RYB,61,10,60,4,54,10,51,60,19,100,72,120,73,201,74,200,75,200,76,200,66.5
2026-04-18 12:40:40 PM,KXWTAMATCH-26APR19RYBMUC-RYB,61,10,60,4,54,10,51,60,19,100,72,278,73,201,74,200,75,200,76,200,66.5
2026-04-18 12:40:41 PM,KXWTAMATCH-26APR19RYBMUC-RYB,61,10,60,4,54,10,51,60,19,100,72,120,73,201,74,200,75,200,76,200,66.5
2026-04-18 12:40:41 PM,KXWTAMATCH-26APR19RYBMUC-RYB,61,10,60,4,54,10,51,60,19,100,72,70,73,201,74,200,75,200,76,200,66.5
2026-04-18 12:40:41 PM,KXWTAMATCH-26APR19RYBMUC-RYB,61,10,60,4,54,10,51,60,19,100,72,220,73,201,74,200,75,200,76,200,66.5
2026-04-18 12:40:41 PM,KXWTAMATCH-26APR19RYBMUC-RYB,61,10,60,4,54,10,51,60,19,100,72,70,73,201,74,200,75,200,76,200,66.5
2026-04-18 12:40:41 PM,KXWTAMATCH-26APR19RYBMUC-RYB,61,10,60,4,54,10,51,60,19,100,72,220,73,201,74,200,75,200,76,200,66.5
2026-04-18 12:40:42 PM,KXWTAMATCH-26APR19RYBMUC-RYB,61,10,60,4,54,10,51,60,19,100,72,70,73,201,74,200,75,200,76,200,66.5
2026-04-18 12:40:42 PM,KXWTAMATCH-26APR19RYBMUC-RYB,61,10,60,4,54,10,51,60,19,100,72,220,73,201,74,200,75,200,76,200,66.5
2026-04-18 12:40:42 PM,KXWTAMATCH-26APR19RYBMUC-RYB,61,10,60,4,54,10,51,60,19,100,72,70,73,201,74,200,75,200,76,200,66.5
2026-04-18 12:40:42 PM,KXWTAMATCH-26APR19RYBMUC-RYB,61,10,60,4,54,10,51,60,19,100,72,220,73,201,74,200,75,200,76,200,66.5
2026-04-18 12:40:43 PM,KXWTAMATCH-26APR19RYBMUC-RYB,61,10,60,4,54,10,51,60,19,100,72,70,73,201,74,200,75,200,76,200,66.5
2026-04-18 12:40:43 PM,KXWTAMATCH-26APR19RYBMUC-RYB,61,10,60,4,54,10,51,60,19,100,72,220,73,201,74,200,75,200,76,200,66.5
2026-04-18 12:40:43 PM,KXWTAMATCH-26APR19RYBMUC-RYB,61,10,60,4,54,10,51,60,19,100,72,70,73,201,74,200,75,200,76,200,66.5
2026-04-18 12:40:43 PM,KXWTAMATCH-26APR19RYBMUC-RYB,61,10,60,4,54,10,51,60,19,100,72,220,73,201,74,200,75,200,76,200,66.5
2026-04-18 12:40:43 PM,KXWTAMATCH-26APR19RYBMUC-RYB,61,10,60,4,54,10,51,60,19,100,72,70,73,201,74,200,75,200,76,200,66.5
2026-04-18 12:40:44 PM,KXWTAMATCH-26APR19RYBMUC-RYB,61,10,60,4,54,10,51,60,19,100,72,220,73,201,74,200,75,200,76,200,66.5
2026-04-18 12:40:44 PM,KXWTAMATCH-26APR19RYBMUC-RYB,61,10,60,4,54,10,51,60,19,100,72,70,73,201,74,200,75,200,76,200,66.5
2026-04-18 12:40:44 PM,KXWTAMATCH-26APR19RYBMUC-RYB,61,10,60,4,54,10,51,60,19,100,72,220,73,201,74,200,75,200,76,200,66.5
2026-04-18 12:40:44 PM,KXWTAMATCH-26APR19RYBMUC-RYB,61,10,60,4,54,10,51,60,19,100,72,70,73,201,74,200,75,200,76,200,66.5
2026-04-18 12:40:44 PM,KXWTAMATCH-26APR19RYBMUC-RYB,61,10,60,4,54,10,51,60,19,100,72,220,73,201,74,200,75,200,76,200,66.5
2026-04-18 12:40:45 PM,KXWTAMATCH-26APR19RYBMUC-RYB,61,10,60,4,54,10,51,60,19,100,72,70,73,201,74,200,75,200,76,200,66.5
2026-04-18 12:40:45 PM,KXWTAMATCH-26APR19RYBMUC-RYB,61,10,60,4,54,10,51,60,19,100,72,220,73,201,74,200,75,200,76,200,66.5
2026-04-18 12:40:45 PM,KXWTAMATCH-26APR19RYBMUC-RYB,61,10,60,4,54,10,51,60,19,100,72,70,73,201,74,200,75,200,76,200,66.5
2026-04-18 12:40:45 PM,KXWTAMATCH-26APR19RYBMUC-RYB,61,10,60,4,54,10,51,60,19,100,72,220,73,201,74,200,75,200,76,200,66.5
2026-04-18 12:40:45 PM,KXWTAMATCH-26APR19RYBMUC-RYB,61,10,60,4,54,10,51,60,19,100,72,70,73,201,74,200,75,200,76,200,66.5
2026-04-18 12:40:45 PM,KXWTAMATCH-26APR19RYBMUC-RYB,61,10,60,4,54,10,51,60,19,100,72,220,73,201,74,200,75,200,76,200,66.5
2026-04-18 12:40:45 PM,KXWTAMATCH-26APR19RYBMUC-RYB,61,10,60,4,54,10,51,60,19,100,72,70,73,201,74,200,75,200,76,200,66.5
2026-04-18 12:40:46 PM,KXWTAMATCH-26APR19RYBMUC-RYB,61,10,60,4,54,10,51,60,19,100,72,220,73,201,74,200,75,200,76,200,66.5
2026-04-18 12:40:46 PM,KXWTAMATCH-26APR19RYBMUC-RYB,61,10,60,4,54,10,51,60,19,100,72,70,73,201,74,200,75,200,76,200,66.5
2026-04-18 12:40:46 PM,KXWTAMATCH-26APR19RYBMUC-RYB,61,10,60,4,54,10,51,60,19,100,72,220,73,201,74,200,75,200,76,200,66.5
2026-04-18 12:40:46 PM,KXWTAMATCH-26APR19RYBMUC-RYB,61,10,60,4,54,10,51,60,19,100,72,70,73,201,74,200,75,200,76,200,66.5
2026-04-18 12:40:47 PM,KXWTAMATCH-26APR19RYBMUC-RYB,61,10,60,4,54,10,51,60,19,100,72,220,73,201,74,200,75,200,76,200,66.5
2026-04-18 12:40:47 PM,KXWTAMATCH-26APR19RYBMUC-RYB,61,10,60,4,54,10,51,60,19,100,72,70,73,201,74,200,75,200,76,200,66.5
2026-04-18 12:40:48 PM,KXWTAMATCH-26APR19RYBMUC-RYB,61,10,60,4,54,10,51,60,19,100,72,220,73,201,74,200,75,200,76,200,66.5
2026-04-18 12:40:48 PM,KXWTAMATCH-26APR19RYBMUC-RYB,61,10,60,4,54,10,51,60,19,100,72,70,73,201,74,200,75,200,76,200,66.5
2026-04-18 12:40:48 PM,KXWTAMATCH-26APR19RYBMUC-RYB,61,10,60,4,54,10,51,60,19,100,72,220,73,201,74,200,75,200,76,200,66.5
2026-04-18 12:40:48 PM,KXWTAMATCH-26APR19RYBMUC-RYB,61,10,60,4,54,10,51,60,19,100,72,70,73,201,74,200,75,200,76,200,66.5
2026-04-18 12:40:49 PM,KXWTAMATCH-26APR19RYBMUC-RYB,61,10,60,4,54,10,51,60,19,100,72,220,73,201,74,200,75,200,76,200,66.5
2026-04-18 12:40:50 PM,KXWTAMATCH-26APR19RYBMUC-RYB,61,10,60,4,54,10,51,60,19,100,72,70,73,201,74,200,75,200,76,200,66.5
2026-04-18 12:40:50 PM,KXWTAMATCH-26APR19RYBMUC-RYB,61,10,60,4,54,10,51,60,19,100,72,220,73,201,74,200,75,200,76,200,66.5
2026-04-18 12:40:50 PM,KXWTAMATCH-26APR19RYBMUC-RYB,61,10,60,4,54,10,51,60,19,100,72,70,73,201,74,200,75,200,76,200,66.5
2026-04-18 12:40:50 PM,KXWTAMATCH-26APR19RYBMUC-RYB,61,10,60,4,54,10,51,60,19,100,72,220,73,201,74,200,75,200,76,200,66.5
2026-04-18 12:40:51 PM,KXWTAMATCH-26APR19RYBMUC-RYB,61,10,60,4,54,10,51,60,19,100,72,70,73,201,74,200,75,200,76,200,66.5
2026-04-18 12:40:51 PM,KXWTAMATCH-26APR19RYBMUC-RYB,61,10,60,4,54,10,51,60,19,100,72,220,73,201,74,200,75,200,76,200,66.5
2026-04-18 12:40:51 PM,KXWTAMATCH-26APR19RYBMUC-RYB,61,10,60,4,54,10,51,60,19,100,72,70,73,201,74,200,75,200,76,200,66.5
2026-04-18 12:40:51 PM,KXWTAMATCH-26APR19RYBMUC-RYB,61,10,60,4,54,10,51,60,19,100,72,220,73,201,74,200,75,200,76,200,66.5
2026-04-18 12:40:51 PM,KXWTAMATCH-26APR19RYBMUC-RYB,61,10,60,4,54,10,51,60,19,100,72,70,73,201,74,200,75,200,76,200,66.5
2026-04-18 12:40:51 PM,KXWTAMATCH-26APR19RYBMUC-RYB,61,10,60,4,54,10,51,60,19,100,72,105,73,201,74,200,75,200,76,200,66.5
2026-04-18 12:40:51 PM,KXWTAMATCH-26APR19RYBMUC-RYB,61,10,60,4,54,10,51,60,19,100,72,261,73,201,74,200,75,200,76,200,66.5
2026-04-18 12:40:51 PM,KXWTAMATCH-26APR19RYBMUC-RYB,61,10,60,4,54,10,51,60,19,100,72,105,73,201,74,200,75,200,76,200,66.5
2026-04-18 12:40:52 PM,KXWTAMATCH-26APR19RYBMUC-RYB,61,10,60,4,54,10,51,60,19,100,72,261,73,201,74,200,75,200,76,200,66.5
2026-04-18 12:40:52 PM,KXWTAMATCH-26APR19RYBMUC-RYB,61,10,60,4,54,10,51,60,19,100,72,105,73,201,74,200,75,200,76,200,66.5
2026-04-18 12:40:52 PM,KXWTAMATCH-26APR19RYBMUC-RYB,61,10,60,4,54,10,51,60,19,100,72,261,73,201,74,200,75,200,76,200,66.5
2026-04-18 12:40:52 PM,KXWTAMATCH-26APR19RYBMUC-RYB,61,10,60,4,54,10,51,60,19,100,72,105,73,201,74,200,75,200,76,200,66.5
2026-04-18 12:40:52 PM,KXWTAMATCH-26APR19RYBMUC-RYB,61,10,60,4,54,10,51,60,19,100,72,261,73,201,74,200,75,200,76,200,66.5
2026-04-18 12:40:53 PM,KXWTAMATCH-26APR19RYBMUC-RYB,61,10,60,4,54,10,51,60,19,100,72,105,73,201,74,200,75,200,76,200,66.5
2026-04-18 12:40:53 PM,KXWTAMATCH-26APR19RYBMUC-RYB,61,10,60,4,54,10,51,60,19,100,72,261,73,201,74,200,75,200,76,200,66.5
2026-04-18 12:40:53 PM,KXWTAMATCH-26APR19RYBMUC-RYB,61,10,60,4,54,10,51,60,19,100,72,105,73,201,74,200,75,200,76,200,66.5
2026-04-18 12:40:53 PM,KXWTAMATCH-26APR19RYBMUC-RYB,61,10,60,4,57,35,54,10,51,60,72,105,73,201,74,200,75,200,76,200,66.5
2026-04-18 12:40:53 PM,KXWTAMATCH-26APR19RYBMUC-RYB,61,10,60,4,57,35,54,10,51,60,72,261,73,201,74,200,75,200,76,200,66.5
2026-04-18 12:40:53 PM,KXWTAMATCH-26APR19RYBMUC-RYB,61,10,60,4,57,35,54,10,51,60,72,105,73,201,74,200,75,200,76,200,66.5
2026-04-18 12:40:53 PM,KXWTAMATCH-26APR19RYBMUC-RYB,61,10,60,4,57,35,54,10,51,60,72,261,73,201,74,200,75,200,76,200,66.5
2026-04-18 12:40:53 PM,KXWTAMATCH-26APR19RYBMUC-RYB,61,10,60,4,57,35,54,10,51,60,72,105,73,201,74,200,75,200,76,200,66.5
2026-04-18 12:40:53 PM,KXWTAMATCH-26APR19RYBMUC-RYB,61,10,60,4,57,35,54,10,51,60,72,261,73,201,74,200,75,200,76,200,66.5
2026-04-18 12:40:53 PM,KXWTAMATCH-26APR19RYBMUC-RYB,61,10,60,4,57,35,54,10,51,60,72,105,73,201,74,200,75,200,76,200,66.5
2026-04-18 12:40:54 PM,KXWTAMATCH-26APR19RYBMUC-RYB,61,10,60,4,57,35,54,10,51,60,72,261,73,201,74,200,75,200,76,200,66.5
2026-04-18 12:40:54 PM,KXWTAMATCH-26APR19RYBMUC-RYB,61,10,60,4,57,35,54,10,51,60,72,105,73,201,74,200,75,200,76,200,66.5
2026-04-18 12:40:54 PM,KXWTAMATCH-26APR19RYBMUC-RYB,61,10,60,4,57,35,54,10,51,60,72,261,73,201,74,200,75,200,76,200,66.5
2026-04-18 12:40:54 PM,KXWTAMATCH-26APR19RYBMUC-RYB,61,10,60,4,57,35,54,10,51,60,72,105,73,201,74,200,75,200,76,200,66.5
2026-04-18 12:40:54 PM,KXWTAMATCH-26APR19RYBMUC-RYB,61,10,60,4,57,35,54,10,51,60,72,261,73,201,74,200,75,200,76,200,66.5
2026-04-18 12:40:54 PM,KXWTAMATCH-26APR19RYBMUC-RYB,61,10,60,4,57,35,54,10,51,60,72,105,73,201,74,200,75,200,76,200,66.5
2026-04-18 12:40:54 PM,KXWTAMATCH-26APR19RYBMUC-RYB,61,10,60,4,57,35,54,10,51,60,72,261,73,201,74,200,75,200,76,200,66.5
2026-04-18 12:40:54 PM,KXWTAMATCH-26APR19RYBMUC-RYB,61,10,60,4,57,35,54,10,51,60,72,105,73,201,74,200,75,200,76,200,66.5
2026-04-18 12:40:54 PM,KXWTAMATCH-26APR19RYBMUC-RYB,61,10,60,4,57,35,54,10,51,60,72,261,73,201,74,200,75,200,76,200,66.5
2026-04-18 12:40:54 PM,KXWTAMATCH-26APR19RYBMUC-RYB,61,10,60,4,57,35,54,10,51,60,72,105,73,201,74,200,75,200,76,200,66.5
2026-04-18 12:40:55 PM,KXWTAMATCH-26APR19RYBMUC-RYB,61,10,60,4,57,35,54,10,51,60,72,261,73,201,74,200,75,200,76,200,66.5
2026-04-18 12:40:55 PM,KXWTAMATCH-26APR19RYBMUC-RYB,61,10,60,4,57,35,54,10,51,60,72,105,73,201,74,200,75,200,76,200,66.5
2026-04-18 12:40:55 PM,KXWTAMATCH-26APR19RYBMUC-RYB,61,10,60,4,57,35,54,10,51,60,72,261,73,201,74,200,75,200,76,200,66.5
2026-04-18 12:40:55 PM,KXWTAMATCH-26APR19RYBMUC-RYB,61,10,60,4,57,35,54,10,51,60,72,105,73,201,74,200,75,200,76,200,66.5
2026-04-18 12:40:55 PM,KXWTAMATCH-26APR19RYBMUC-RYB,61,10,60,4,57,35,54,10,51,60,72,261,73,201,74,200,75,200,76,200,66.5
2026-04-18 12:40:55 PM,KXWTAMATCH-26APR19RYBMUC-RYB,61,10,60,4,57,35,54,10,51,60,72,105,73,201,74,200,75,200,76,200,66.5
2026-04-18 12:40:55 PM,KXWTAMATCH-26APR19RYBMUC-RYB,61,10,60,4,57,35,54,10,51,60,72,261,73,201,74,200,75,200,76,200,66.5
2026-04-18 12:40:55 PM,KXWTAMATCH-26APR19RYBMUC-RYB,61,10,60,4,57,35,54,10,51,60,72,105,73,201,74,200,75,200,76,200,66.5
2026-04-18 12:40:56 PM,KXWTAMATCH-26APR19RYBMUC-RYB,61,10,60,4,57,35,54,10,51,60,72,261,73,201,74,200,75,200,76,200,66.5
2026-04-18 12:40:56 PM,KXWTAMATCH-26APR19RYBMUC-RYB,61,10,60,4,57,35,54,10,51,60,72,105,73,201,74,200,75,200,76,200,66.5
2026-04-18 12:40:56 PM,KXWTAMATCH-26APR19RYBMUC-RYB,61,10,60,4,57,35,54,10,51,60,72,261,73,201,74,200,75,200,76,200,66.5
2026-04-18 12:40:56 PM,KXWTAMATCH-26APR19RYBMUC-RYB,61,10,60,4,57,35,54,10,51,60,72,105,73,201,74,200,75,200,76,200,66.5
2026-04-18 12:40:56 PM,KXWTAMATCH-26APR19RYBMUC-RYB,61,10,60,4,57,35,54,10,51,60,72,261,73,201,74,200,75,200,76,200,66.5
2026-04-18 12:40:56 PM,KXWTAMATCH-26APR19RYBMUC-RYB,61,10,60,4,57,35,54,10,51,60,72,105,73,201,74,200,75,200,76,200,66.5
2026-04-18 12:40:56 PM,KXWTAMATCH-26APR19RYBMUC-RYB,61,10,60,4,57,35,54,10,51,60,72,261,73,201,74,200,75,200,76,200,66.5
2026-04-18 12:40:56 PM,KXWTAMATCH-26APR19RYBMUC-RYB,61,10,60,4,57,35,54,10,51,60,72,105,73,201,74,200,75,200,76,200,66.5
2026-04-18 12:40:56 PM,KXWTAMATCH-26APR19RYBMUC-RYB,61,10,60,4,57,35,54,10,51,60,72,261,73,201,74,200,75,200,76,200,66.5
2026-04-18 12:40:56 PM,KXWTAMATCH-26APR19RYBMUC-RYB,61,10,60,4,57,35,54,10,51,60,72,105,73,201,74,200,75,200,76,200,66.5
2026-04-18 12:40:57 PM,KXWTAMATCH-26APR19RYBMUC-RYB,61,10,60,4,57,35,54,10,51,60,72,261,73,201,74,200,75,200,76,200,66.5
2026-04-18 12:40:57 PM,KXWTAMATCH-26APR19RYBMUC-RYB,61,10,60,4,57,35,54,10,51,60,72,105,73,201,74,200,75,200,76,200,66.5
2026-04-18 12:40:57 PM,KXWTAMATCH-26APR19RYBMUC-RYB,61,10,60,4,57,35,54,10,51,60,72,261,73,201,74,200,75,200,76,200,66.5
2026-04-18 12:40:57 PM,KXWTAMATCH-26APR19RYBMUC-RYB,61,10,60,4,57,35,54,10,51,60,72,105,73,201,74,200,75,200,76,200,66.5
2026-04-18 12:40:57 PM,KXWTAMATCH-26APR19RYBMUC-RYB,61,10,60,4,57,35,54,10,51,60,72,261,73,201,74,200,75,200,76,200,66.5
2026-04-18 12:40:57 PM,KXWTAMATCH-26APR19RYBMUC-RYB,61,10,60,4,57,35,54,10,51,60,72,105,73,201,74,200,75,200,76,200,66.5
2026-04-18 12:40:57 PM,KXWTAMATCH-26APR19RYBMUC-RYB,61,10,60,4,57,35,54,10,51,60,72,261,73,201,74,200,75,200,76,200,66.5
2026-04-18 12:40:57 PM,KXWTAMATCH-26APR19RYBMUC-RYB,61,10,60,4,57,35,54,10,51,60,72,105,73,201,74,200,75,200,76,200,66.5
2026-04-18 12:40:58 PM,KXWTAMATCH-26APR19RYBMUC-RYB,61,10,60,4,57,35,54,10,51,60,72,261,73,201,74,200,75,200,76,200,66.5
2026-04-18 12:40:58 PM,KXWTAMATCH-26APR19RYBMUC-RYB,61,10,60,4,57,35,54,10,51,60,72,105,73,201,74,200,75,200,76,200,66.5
2026-04-18 12:40:58 PM,KXWTAMATCH-26APR19RYBMUC-RYB,61,10,60,4,57,35,54,10,51,60,72,261,73,201,74,200,75,200,76,200,66.5
2026-04-18 12:40:58 PM,KXWTAMATCH-26APR19RYBMUC-RYB,61,10,60,4,57,35,54,10,51,60,72,105,73,201,74,200,75,200,76,200,66.5
2026-04-18 12:40:58 PM,KXWTAMATCH-26APR19RYBMUC-RYB,61,10,60,4,57,35,54,10,51,60,72,261,73,201,74,200,75,200,76,200,66.5
2026-04-18 12:40:58 PM,KXWTAMATCH-26APR19RYBMUC-RYB,61,10,60,4,57,35,54,10,51,60,72,105,73,201,74,200,75,200,76,200,66.5
2026-04-18 12:40:58 PM,KXWTAMATCH-26APR19RYBMUC-RYB,61,10,60,4,57,35,54,10,51,60,72,261,73,201,74,200,75,200,76,200,66.5
2026-04-18 12:40:58 PM,KXWTAMATCH-26APR19RYBMUC-RYB,61,10,60,4,57,35,54,10,51,60,72,105,73,201,74,200,75,200,76,200,66.5
2026-04-18 12:40:58 PM,KXWTAMATCH-26APR19RYBMUC-RYB,61,10,60,4,57,35,54,10,51,60,72,261,73,201,74,200,75,200,76,200,66.5
2026-04-18 12:40:58 PM,KXWTAMATCH-26APR19RYBMUC-RYB,61,10,60,4,57,35,54,10,51,60,72,105,73,201,74,200,75,200,76,200,66.5
2026-04-18 12:40:59 PM,KXWTAMATCH-26APR19RYBMUC-RYB,61,10,60,4,57,35,54,10,51,60,72,261,73,201,74,200,75,200,76,200,66.5
2026-04-18 12:40:59 PM,KXWTAMATCH-26APR19RYBMUC-RYB,61,10,60,4,57,35,54,10,51,60,72,105,73,201,74,200,75,200,76,200,66.5
2026-04-18 12:40:59 PM,KXWTAMATCH-26APR19RYBMUC-RYB,61,10,60,4,57,35,54,10,51,60,72,261,73,201,74,200,75,200,76,200,66.5
2026-04-18 12:40:59 PM,KXWTAMATCH-26APR19RYBMUC-RYB,61,10,60,4,57,35,54,10,51,60,72,105,73,201,74,200,75,200,76,200,66.5
2026-04-18 12:40:59 PM,KXWTAMATCH-26APR19RYBMUC-RYB,61,10,60,4,57,35,54,10,51,60,72,261,73,201,74,200,75,200,76,200,66.5
2026-04-18 12:40:59 PM,KXWTAMATCH-26APR19RYBMUC-RYB,61,10,60,4,57,35,54,10,51,60,72,105,73,201,74,200,75,200,76,200,66.5
2026-04-18 12:40:59 PM,KXWTAMATCH-26APR19RYBMUC-RYB,61,10,60,4,57,35,54,10,51,60,72,261,73,201,74,200,75,200,76,200,66.5
2026-04-18 12:40:59 PM,KXWTAMATCH-26APR19RYBMUC-RYB,61,10,60,4,57,35,54,10,51,60,72,105,73,201,74,200,75,200,76,200,66.5
2026-04-18 12:41:00 PM,KXWTAMATCH-26APR19RYBMUC-RYB,61,10,60,4,57,35,54,10,51,60,72,261,73,201,74,200,75,200,76,200,66.5
2026-04-18 12:41:00 PM,KXWTAMATCH-26APR19RYBMUC-RYB,61,10,60,4,57,35,54,10,51,60,72,105,73,201,74,200,75,200,76,200,66.5
2026-04-18 12:41:00 PM,KXWTAMATCH-26APR19RYBMUC-RYB,61,10,60,4,57,35,54,10,51,60,72,261,73,201,74,200,75,200,76,200,66.5
2026-04-18 12:41:00 PM,KXWTAMATCH-26APR19RYBMUC-RYB,61,10,60,4,57,35,54,10,51,60,72,105,73,201,74,200,75,200,76,200,66.5
2026-04-18 12:41:00 PM,KXWTAMATCH-26APR19RYBMUC-RYB,61,10,60,4,57,35,54,10,51,60,72,261,73,201,74,200,75,200,76,200,66.5
2026-04-18 12:41:00 PM,KXWTAMATCH-26APR19RYBMUC-RYB,61,10,60,4,57,35,54,10,51,60,72,105,73,201,74,200,75,200,76,200,66.5
2026-04-18 12:41:00 PM,KXWTAMATCH-26APR19RYBMUC-RYB,61,10,60,4,57,35,54,10,51,60,72,261,73,201,74,200,75,200,76,200,66.5
2026-04-18 12:41:00 PM,KXWTAMATCH-26APR19RYBMUC-RYB,61,10,60,4,57,35,54,10,51,60,72,105,73,201,74,200,75,200,76,200,66.5
2026-04-18 12:41:00 PM,KXWTAMATCH-26APR19RYBMUC-RYB,61,10,60,4,57,35,54,10,51,60,72,261,73,201,74,200,75,200,76,200,66.5
2026-04-18 12:41:00 PM,KXWTAMATCH-26APR19RYBMUC-RYB,61,10,60,4,57,35,54,10,51,60,72,105,73,201,74,200,75,200,76,200,66.5
2026-04-18 12:41:01 PM,KXWTAMATCH-26APR19RYBMUC-RYB,61,10,60,4,57,35,54,10,51,60,72,261,73,201,74,200,75,200,76,200,66.5
2026-04-18 12:41:01 PM,KXWTAMATCH-26APR19RYBMUC-RYB,61,10,60,4,57,35,54,10,51,60,72,105,73,201,74,200,75,200,76,200,66.5
2026-04-18 12:41:01 PM,KXWTAMATCH-26APR19RYBMUC-RYB,61,10,60,4,57,35,54,10,51,60,72,261,73,201,74,200,75,200,76,200,66.5
2026-04-18 12:41:01 PM,KXWTAMATCH-26APR19RYBMUC-RYB,61,10,60,4,57,35,54,10,51,60,72,105,73,201,74,200,75,200,76,200,66.5
2026-04-18 12:41:01 PM,KXWTAMATCH-26APR19RYBMUC-RYB,61,10,60,4,57,35,54,10,51,60,72,261,73,201,74,200,75,200,76,200,66.5
2026-04-18 12:41:01 PM,KXWTAMATCH-26APR19RYBMUC-RYB,61,10,60,4,57,35,54,10,51,60,72,105,73,201,74,200,75,200,76,200,66.5
2026-04-18 12:41:01 PM,KXWTAMATCH-26APR19RYBMUC-RYB,61,10,60,4,57,35,54,10,51,60,72,261,73,201,74,200,75,200,76,200,66.5
2026-04-18 12:41:01 PM,KXWTAMATCH-26APR19RYBMUC-RYB,61,10,60,4,57,35,54,10,51,60,72,105,73,201,74,200,75,200,76,200,66.5
2026-04-18 12:41:02 PM,KXWTAMATCH-26APR19RYBMUC-RYB,61,10,60,4,57,35,54,10,51,60,72,261,73,201,74,200,75,200,76,200,66.5
2026-04-18 12:41:02 PM,KXWTAMATCH-26APR19RYBMUC-RYB,61,10,60,4,57,35,54,10,51,60,72,105,73,201,74,200,75,200,76,200,66.5
2026-04-18 12:41:02 PM,KXWTAMATCH-26APR19RYBMUC-RYB,61,10,60,4,57,35,54,10,51,60,72,261,73,201,74,200,75,200,76,200,66.5
2026-04-18 12:41:02 PM,KXWTAMATCH-26APR19RYBMUC-RYB,61,10,60,4,57,35,54,10,51,60,72,105,73,201,74,200,75,200,76,200,66.5
2026-04-18 12:41:02 PM,KXWTAMATCH-26APR19RYBMUC-RYB,61,10,60,4,57,35,54,10,51,60,72,261,73,201,74,200,75,200,76,200,66.5
2026-04-18 12:41:02 PM,KXWTAMATCH-26APR19RYBMUC-RYB,61,10,60,4,57,35,54,10,51,60,72,105,73,201,74,200,75,200,76,200,66.5
2026-04-18 12:41:02 PM,KXWTAMATCH-26APR19RYBMUC-RYB,61,10,60,4,57,35,54,10,51,60,72,261,73,201,74,200,75,200,76,200,66.5
2026-04-18 12:41:02 PM,KXWTAMATCH-26APR19RYBMUC-RYB,61,10,60,4,57,35,54,10,51,60,72,105,73,201,74,200,75,200,76,200,66.5
2026-04-18 12:41:02 PM,KXWTAMATCH-26APR19RYBMUC-RYB,61,10,60,4,57,35,54,10,51,60,72,261,73,201,74,200,75,200,76,200,66.5
2026-04-18 12:41:02 PM,KXWTAMATCH-26APR19RYBMUC-RYB,61,10,60,4,57,35,54,10,51,60,72,105,73,201,74,200,75,200,76,200,66.5
2026-04-18 12:41:03 PM,KXWTAMATCH-26APR19RYBMUC-RYB,61,10,60,4,57,35,54,10,51,60,72,261,73,201,74,200,75,200,76,200,66.5
2026-04-18 12:41:03 PM,KXWTAMATCH-26APR19RYBMUC-RYB,61,10,60,4,57,35,54,10,51,60,72,105,73,201,74,200,75,200,76,200,66.5
2026-04-18 12:41:03 PM,KXWTAMATCH-26APR19RYBMUC-RYB,61,10,60,4,57,35,54,10,51,60,72,261,73,201,74,200,75,200,76,200,66.5
2026-04-18 12:41:03 PM,KXWTAMATCH-26APR19RYBMUC-RYB,61,10,60,4,57,35,54,10,51,60,72,105,73,201,74,200,75,200,76,200,66.5
2026-04-18 12:41:03 PM,KXWTAMATCH-26APR19RYBMUC-RYB,61,10,60,4,57,35,54,10,51,60,72,261,73,201,74,200,75,200,76,200,66.5
2026-04-18 12:41:03 PM,KXWTAMATCH-26APR19RYBMUC-RYB,61,10,60,4,57,35,54,10,51,60,72,105,73,201,74,200,75,200,76,200,66.5
2026-04-18 12:41:03 PM,KXWTAMATCH-26APR19RYBMUC-RYB,61,10,60,4,57,35,54,10,51,60,72,261,73,201,74,200,75,200,76,200,66.5
2026-04-18 12:41:03 PM,KXWTAMATCH-26APR19RYBMUC-RYB,61,10,60,4,57,35,54,10,51,60,72,105,73,201,74,200,75,200,76,200,66.5
2026-04-18 12:41:04 PM,KXWTAMATCH-26APR19RYBMUC-RYB,61,10,60,4,57,35,54,10,51,60,72,261,73,201,74,200,75,200,76,200,66.5
2026-04-18 12:41:04 PM,KXWTAMATCH-26APR19RYBMUC-RYB,61,10,60,4,57,35,54,10,51,60,72,105,73,201,74,200,75,200,76,200,66.5
2026-04-18 12:41:04 PM,KXWTAMATCH-26APR19RYBMUC-RYB,61,10,60,4,57,35,54,10,51,60,72,261,73,201,74,200,75,200,76,200,66.5
2026-04-18 12:41:04 PM,KXWTAMATCH-26APR19RYBMUC-RYB,61,10,60,4,57,35,54,10,51,60,72,105,73,201,74,200,75,200,76,200,66.5
2026-04-18 12:41:04 PM,KXWTAMATCH-26APR19RYBMUC-RYB,61,10,60,4,57,35,54,10,51,60,72,261,73,201,74,200,75,200,76,200,66.5
2026-04-18 12:41:04 PM,KXWTAMATCH-26APR19RYBMUC-RYB,61,10,60,4,57,35,54,10,51,60,72,105,73,201,74,200,75,200,76,200,66.5
2026-04-18 12:41:04 PM,KXWTAMATCH-26APR19RYBMUC-RYB,61,10,60,4,57,35,54,10,51,60,72,261,73,201,74,200,75,200,76,200,66.5
2026-04-18 12:41:04 PM,KXWTAMATCH-26APR19RYBMUC-RYB,61,10,60,4,57,35,54,10,51,60,72,105,73,201,74,200,75,200,76,200,66.5
2026-04-18 12:41:04 PM,KXWTAMATCH-26APR19RYBMUC-RYB,61,10,60,4,57,35,54,10,51,60,72,261,73,201,74,200,75,200,76,200,66.5
2026-04-18 12:41:04 PM,KXWTAMATCH-26APR19RYBMUC-RYB,61,10,60,4,57,35,54,10,51,60,72,105,73,201,74,200,75,200,76,200,66.5
2026-04-18 12:41:05 PM,KXWTAMATCH-26APR19RYBMUC-RYB,61,10,60,4,57,35,54,10,51,60,72,261,73,201,74,200,75,200,76,200,66.5
2026-04-18 12:41:05 PM,KXWTAMATCH-26APR19RYBMUC-RYB,61,10,60,4,57,35,54,10,51,60,72,105,73,201,74,200,75,200,76,200,66.5
2026-04-18 12:41:05 PM,KXWTAMATCH-26APR19RYBMUC-RYB,61,10,60,4,57,35,54,10,51,60,72,261,73,201,74,200,75,200,76,200,66.5
2026-04-18 12:41:05 PM,KXWTAMATCH-26APR19RYBMUC-RYB,61,10,60,4,57,35,54,10,51,60,72,105,73,201,74,200,75,200,76,200,66.5
2026-04-18 12:41:05 PM,KXWTAMATCH-26APR19RYBMUC-RYB,61,10,60,4,57,35,54,10,51,60,72,261,73,201,74,200,75,200,76,200,66.5
2026-04-18 12:41:05 PM,KXWTAMATCH-26APR19RYBMUC-RYB,61,10,60,4,57,35,54,10,51,60,72,105,73,201,74,200,75,200,76,200,66.5
2026-04-18 12:41:05 PM,KXWTAMATCH-26APR19RYBMUC-RYB,61,10,60,4,57,35,54,10,51,60,72,261,73,201,74,200,75,200,76,200,66.5
2026-04-18 12:41:05 PM,KXWTAMATCH-26APR19RYBMUC-RYB,61,10,60,4,57,35,54,10,51,60,72,105,73,201,74,200,75,200,76,200,66.5
2026-04-18 12:41:05 PM,KXWTAMATCH-26APR19RYBMUC-RYB,61,10,60,4,57,35,54,10,51,60,72,261,73,201,74,200,75,200,76,200,66.5
2026-04-18 12:41:05 PM,KXWTAMATCH-26APR19RYBMUC-RYB,61,10,60,4,57,35,54,10,51,60,72,105,73,201,74,200,75,200,76,200,66.5
2026-04-18 12:41:06 PM,KXWTAMATCH-26APR19RYBMUC-RYB,61,10,60,4,57,35,54,10,51,60,72,261,73,201,74,200,75,200,76,200,66.5
2026-04-18 12:41:06 PM,KXWTAMATCH-26APR19RYBMUC-RYB,61,10,60,4,57,35,54,10,51,60,72,105,73,201,74,200,75,200,76,200,66.5
2026-04-18 12:41:06 PM,KXWTAMATCH-26APR19RYBMUC-RYB,61,10,60,4,57,35,54,10,51,60,72,261,73,201,74,200,75,200,76,200,66.5
2026-04-18 12:41:06 PM,KXWTAMATCH-26APR19RYBMUC-RYB,61,10,60,4,57,35,54,10,51,60,72,105,73,201,74,200,75,200,76,200,66.5
2026-04-18 12:41:06 PM,KXWTAMATCH-26APR19RYBMUC-RYB,61,10,60,4,57,35,54,10,51,60,72,261,73,201,74,200,75,200,76,200,66.5
2026-04-18 12:41:06 PM,KXWTAMATCH-26APR19RYBMUC-RYB,61,10,60,4,57,35,54,10,51,60,72,105,73,201,74,200,75,200,76,200,66.5
2026-04-18 12:41:06 PM,KXWTAMATCH-26APR19RYBMUC-RYB,61,10,60,4,57,35,54,10,51,60,72,261,73,201,74,200,75,200,76,200,66.5
2026-04-18 12:41:06 PM,KXWTAMATCH-26APR19RYBMUC-RYB,61,10,60,4,57,35,54,10,51,60,72,105,73,201,74,200,75,200,76,200,66.5
2026-04-18 12:41:07 PM,KXWTAMATCH-26APR19RYBMUC-RYB,61,10,60,4,57,35,54,10,51,60,72,261,73,201,74,200,75,200,76,200,66.5
2026-04-18 12:41:07 PM,KXWTAMATCH-26APR19RYBMUC-RYB,61,10,60,4,57,35,54,10,51,60,72,105,73,201,74,200,75,200,76,200,66.5
2026-04-18 12:41:07 PM,KXWTAMATCH-26APR19RYBMUC-RYB,61,10,60,4,57,35,54,10,51,60,72,261,73,201,74,200,75,200,76,200,66.5
2026-04-18 12:41:07 PM,KXWTAMATCH-26APR19RYBMUC-RYB,61,10,60,4,57,35,54,10,51,60,72,105,73,201,74,200,75,200,76,200,66.5
2026-04-18 12:41:07 PM,KXWTAMATCH-26APR19RYBMUC-RYB,61,10,60,4,57,35,54,10,51,60,72,261,73,201,74,200,75,200,76,200,66.5
2026-04-18 12:41:07 PM,KXWTAMATCH-26APR19RYBMUC-RYB,61,10,60,4,57,35,54,10,51,60,72,105,73,201,74,200,75,200,76,200,66.5
2026-04-18 12:41:07 PM,KXWTAMATCH-26APR19RYBMUC-RYB,61,10,60,4,57,35,54,10,51,60,72,261,73,201,74,200,75,200,76,200,66.5
2026-04-18 12:41:07 PM,KXWTAMATCH-26APR19RYBMUC-RYB,61,10,60,4,57,35,54,10,51,60,72,105,73,201,74,200,75,200,76,200,66.5
2026-04-18 12:41:07 PM,KXWTAMATCH-26APR19RYBMUC-RYB,61,10,60,4,57,35,54,10,51,60,72,261,73,201,74,200,75,200,76,200,66.5
2026-04-18 12:41:07 PM,KXWTAMATCH-26APR19RYBMUC-RYB,61,10,60,4,57,35,54,10,51,60,72,105,73,201,74,200,75,200,76,200,66.5
2026-04-18 12:41:08 PM,KXWTAMATCH-26APR19RYBMUC-RYB,61,10,60,4,57,35,54,10,51,60,72,261,73,201,74,200,75,200,76,200,66.5
2026-04-18 12:41:08 PM,KXWTAMATCH-26APR19RYBMUC-RYB,61,10,60,4,57,35,54,10,51,60,72,105,73,201,74,200,75,200,76,200,66.5
2026-04-18 12:41:08 PM,KXWTAMATCH-26APR19RYBMUC-RYB,61,10,60,4,57,35,54,10,51,60,72,261,73,201,74,200,75,200,76,200,66.5
2026-04-18 12:41:08 PM,KXWTAMATCH-26APR19RYBMUC-RYB,61,10,60,4,57,35,54,10,51,60,72,105,73,201,74,200,75,200,76,200,66.5
2026-04-18 12:41:08 PM,KXWTAMATCH-26APR19RYBMUC-RYB,61,10,60,4,57,35,54,10,51,60,72,261,73,201,74,200,75,200,76,200,66.5
2026-04-18 12:41:08 PM,KXWTAMATCH-26APR19RYBMUC-RYB,61,10,60,4,57,35,54,10,51,60,72,105,73,201,74,200,75,200,76,200,66.5
2026-04-18 12:41:08 PM,KXWTAMATCH-26APR19RYBMUC-RYB,61,10,60,4,57,35,54,10,51,60,72,261,73,201,74,200,75,200,76,200,66.5
2026-04-18 12:41:08 PM,KXWTAMATCH-26APR19RYBMUC-RYB,61,10,60,4,57,35,54,10,51,60,72,105,73,201,74,200,75,200,76,200,66.5
2026-04-18 12:41:08 PM,KXWTAMATCH-26APR19RYBMUC-RYB,61,10,60,4,57,35,54,10,51,60,72,261,73,201,74,200,75,200,76,200,66.5
2026-04-18 12:41:08 PM,KXWTAMATCH-26APR19RYBMUC-RYB,61,10,60,4,57,35,54,10,51,60,72,105,73,201,74,200,75,200,76,200,66.5
2026-04-18 12:41:09 PM,KXWTAMATCH-26APR19RYBMUC-RYB,61,10,60,4,57,35,54,10,51,60,72,261,73,201,74,200,75,200,76,200,66.5
2026-04-18 12:41:09 PM,KXWTAMATCH-26APR19RYBMUC-RYB,61,10,60,4,57,35,54,10,51,60,72,105,73,201,74,200,75,200,76,200,66.5
2026-04-18 12:41:09 PM,KXWTAMATCH-26APR19RYBMUC-RYB,61,10,60,4,57,35,54,10,51,60,72,261,73,201,74,200,75,200,76,200,66.5
2026-04-18 12:41:09 PM,KXWTAMATCH-26APR19RYBMUC-RYB,61,10,60,4,57,35,54,10,51,60,72,105,73,201,74,200,75,200,76,200,66.5
2026-04-18 12:41:09 PM,KXWTAMATCH-26APR19RYBMUC-RYB,61,10,60,4,57,35,54,10,51,60,72,261,73,201,74,200,75,200,76,200,66.5
2026-04-18 12:41:09 PM,KXWTAMATCH-26APR19RYBMUC-RYB,61,10,60,4,57,35,54,10,51,60,72,105,73,201,74,200,75,200,76,200,66.5
2026-04-18 12:41:09 PM,KXWTAMATCH-26APR19RYBMUC-RYB,61,10,60,4,57,35,54,10,51,60,72,261,73,201,74,200,75,200,76,200,66.5
2026-04-18 12:41:09 PM,KXWTAMATCH-26APR19RYBMUC-RYB,61,10,60,4,57,35,54,10,51,60,72,105,73,201,74,200,75,200,76,200,66.5
2026-04-18 12:41:10 PM,KXWTAMATCH-26APR19RYBMUC-RYB,61,10,60,4,57,35,54,10,51,60,72,261,73,201,74,200,75,200,76,200,66.5
2026-04-18 12:41:10 PM,KXWTAMATCH-26APR19RYBMUC-RYB,61,10,60,4,57,35,54,10,51,60,72,105,73,201,74,200,75,200,76,200,66.5
2026-04-18 12:41:10 PM,KXWTAMATCH-26APR19RYBMUC-RYB,61,10,60,4,57,35,54,10,51,60,72,261,73,201,74,200,75,200,76,200,66.5
2026-04-18 12:41:10 PM,KXWTAMATCH-26APR19RYBMUC-RYB,61,10,60,4,57,35,54,10,51,60,72,105,73,201,74,200,75,200,76,200,66.5
2026-04-18 12:41:10 PM,KXWTAMATCH-26APR19RYBMUC-RYB,61,10,60,4,57,35,54,10,51,60,72,261,73,201,74,200,75,200,76,200,66.5
2026-04-18 12:41:10 PM,KXWTAMATCH-26APR19RYBMUC-RYB,61,10,60,4,57,35,54,10,51,60,72,105,73,201,74,200,75,200,76,200,66.5
2026-04-18 12:41:10 PM,KXWTAMATCH-26APR19RYBMUC-RYB,61,10,60,4,57,35,54,10,51,60,72,261,73,201,74,200,75,200,76,200,66.5
2026-04-18 12:41:10 PM,KXWTAMATCH-26APR19RYBMUC-RYB,61,10,60,4,57,35,54,10,51,60,72,105,73,201,74,200,75,200,76,200,66.5
2026-04-18 12:41:10 PM,KXWTAMATCH-26APR19RYBMUC-RYB,61,10,60,4,57,35,54,10,51,60,72,261,73,201,74,200,75,200,76,200,66.5
2026-04-18 12:41:10 PM,KXWTAMATCH-26APR19RYBMUC-RYB,61,10,60,4,57,35,54,10,51,60,72,105,73,201,74,200,75,200,76,200,66.5
2026-04-18 12:41:11 PM,KXWTAMATCH-26APR19RYBMUC-RYB,61,10,60,4,57,35,54,10,51,60,72,261,73,201,74,200,75,200,76,200,66.5
2026-04-18 12:41:11 PM,KXWTAMATCH-26APR19RYBMUC-RYB,61,10,60,4,57,35,54,10,51,60,72,105,73,201,74,200,75,200,76,200,66.5
2026-04-18 12:41:11 PM,KXWTAMATCH-26APR19RYBMUC-RYB,61,10,60,4,57,35,54,10,51,60,72,261,73,201,74,200,75,200,76,200,66.5
2026-04-18 12:41:11 PM,KXWTAMATCH-26APR19RYBMUC-RYB,61,10,60,4,57,35,54,10,51,60,72,105,73,201,74,200,75,200,76,200,66.5
2026-04-18 12:41:11 PM,KXWTAMATCH-26APR19RYBMUC-RYB,61,10,60,4,57,35,54,10,51,60,72,261,73,201,74,200,75,200,76,200,66.5
2026-04-18 12:41:11 PM,KXWTAMATCH-26APR19RYBMUC-RYB,61,10,60,4,57,35,54,10,51,60,72,105,73,201,74,200,75,200,76,200,66.5
2026-04-18 12:41:11 PM,KXWTAMATCH-26APR19RYBMUC-RYB,61,10,60,4,57,35,54,10,51,60,72,261,73,201,74,200,75,200,76,200,66.5
2026-04-18 12:41:11 PM,KXWTAMATCH-26APR19RYBMUC-RYB,61,10,60,4,57,35,54,10,51,60,72,105,73,201,74,200,75,200,76,200,66.5
2026-04-18 12:41:12 PM,KXWTAMATCH-26APR19RYBMUC-RYB,61,10,60,4,57,35,54,10,51,60,72,261,73,201,74,200,75,200,76,200,66.5
2026-04-18 12:41:12 PM,KXWTAMATCH-26APR19RYBMUC-RYB,61,10,60,4,57,35,54,10,51,60,72,105,73,201,74,200,75,200,76,200,66.5
2026-04-18 12:41:12 PM,KXWTAMATCH-26APR19RYBMUC-RYB,61,10,60,4,57,35,54,10,51,60,72,261,73,201,74,200,75,200,76,200,66.5
2026-04-18 12:41:12 PM,KXWTAMATCH-26APR19RYBMUC-RYB,61,10,60,4,57,35,54,10,51,60,72,105,73,201,74,200,75,200,76,200,66.5
2026-04-18 12:41:12 PM,KXWTAMATCH-26APR19RYBMUC-RYB,61,10,60,4,57,35,54,10,51,60,72,261,73,201,74,200,75,200,76,200,66.5
2026-04-18 12:41:12 PM,KXWTAMATCH-26APR19RYBMUC-RYB,61,10,60,4,57,35,54,10,51,60,72,105,73,201,74,200,75,200,76,200,66.5
2026-04-18 12:41:12 PM,KXWTAMATCH-26APR19RYBMUC-RYB,61,10,60,4,57,35,54,10,51,60,72,261,73,201,74,200,75,200,76,200,66.5
2026-04-18 12:41:12 PM,KXWTAMATCH-26APR19RYBMUC-RYB,61,10,60,4,57,35,54,10,51,60,72,105,73,201,74,200,75,200,76,200,66.5
2026-04-18 12:41:12 PM,KXWTAMATCH-26APR19RYBMUC-RYB,61,10,60,4,57,35,54,10,51,60,72,261,73,201,74,200,75,200,76,200,66.5
2026-04-18 12:41:12 PM,KXWTAMATCH-26APR19RYBMUC-RYB,61,10,60,4,57,35,54,10,51,60,72,105,73,201,74,200,75,200,76,200,66.5
2026-04-18 12:41:13 PM,KXWTAMATCH-26APR19RYBMUC-RYB,61,10,60,4,57,35,54,10,51,60,72,261,73,201,74,200,75,200,76,200,66.5
2026-04-18 12:41:13 PM,KXWTAMATCH-26APR19RYBMUC-RYB,61,10,60,4,57,35,54,10,51,60,72,105,73,201,74,200,75,200,76,200,66.5
2026-04-18 12:41:13 PM,KXWTAMATCH-26APR19RYBMUC-RYB,61,10,60,4,57,35,54,10,51,60,72,261,73,201,74,200,75,200,76,200,66.5
2026-04-18 12:41:13 PM,KXWTAMATCH-26APR19RYBMUC-RYB,61,10,60,4,57,35,54,10,51,60,72,105,73,201,74,200,75,200,76,200,66.5
2026-04-18 12:41:13 PM,KXWTAMATCH-26APR19RYBMUC-RYB,61,10,60,4,57,35,54,10,51,60,72,261,73,201,74,200,75,200,76,200,66.5
2026-04-18 12:41:13 PM,KXWTAMATCH-26APR19RYBMUC-RYB,61,10,60,4,57,35,54,10,51,60,72,105,73,201,74,200,75,200,76,200,66.5
2026-04-18 12:41:13 PM,KXWTAMATCH-26APR19RYBMUC-RYB,61,10,60,4,57,35,54,10,51,60,72,261,73,201,74,200,75,200,76,200,66.5
2026-04-18 12:41:13 PM,KXWTAMATCH-26APR19RYBMUC-RYB,61,10,60,4,57,35,54,10,51,60,72,105,73,201,74,200,75,200,76,200,66.5
2026-04-18 12:41:13 PM,KXWTAMATCH-26APR19RYBMUC-RYB,61,10,60,4,57,35,54,10,51,60,72,261,73,201,74,200,75,200,76,200,66.5
2026-04-18 12:41:14 PM,KXWTAMATCH-26APR19RYBMUC-RYB,61,10,60,4,57,35,54,10,51,60,72,105,73,201,74,200,75,200,76,200,66.5
2026-04-18 12:41:14 PM,KXWTAMATCH-26APR19RYBMUC-RYB,61,10,60,4,57,35,54,10,51,60,72,261,73,201,74,200,75,200,76,200,66.5
2026-04-18 12:41:14 PM,KXWTAMATCH-26APR19RYBMUC-RYB,61,10,60,4,57,35,54,10,51,60,72,105,73,201,74,200,75,200,76,200,66.5
2026-04-18 12:41:14 PM,KXWTAMATCH-26APR19RYBMUC-RYB,61,10,60,4,57,35,54,10,51,60,72,261,73,201,74,200,75,200,76,200,66.5
2026-04-18 12:41:14 PM,KXWTAMATCH-26APR19RYBMUC-RYB,61,10,60,4,57,35,54,10,51,60,72,105,73,201,74,200,75,200,76,200,66.5
2026-04-18 12:41:14 PM,KXWTAMATCH-26APR19RYBMUC-RYB,61,10,60,4,57,35,54,10,51,60,72,261,73,201,74,200,75,200,76,200,66.5
2026-04-18 12:41:14 PM,KXWTAMATCH-26APR19RYBMUC-RYB,61,10,60,4,57,35,54,10,51,60,72,105,73,201,74,200,75,200,76,200,66.5
2026-04-18 12:41:14 PM,KXWTAMATCH-26APR19RYBMUC-RYB,61,10,60,4,57,35,54,10,51,60,72,261,73,201,74,200,75,200,76,200,66.5
2026-04-18 12:41:14 PM,KXWTAMATCH-26APR19RYBMUC-RYB,61,10,60,4,57,35,54,10,51,60,72,105,73,201,74,200,75,200,76,200,66.5
2026-04-18 12:41:14 PM,KXWTAMATCH-26APR19RYBMUC-RYB,61,10,60,4,57,35,54,10,51,60,72,261,73,201,74,200,75,200,76,200,66.5
2026-04-18 12:41:15 PM,KXWTAMATCH-26APR19RYBMUC-RYB,61,10,60,4,57,35,54,10,51,60,72,105,73,201,74,200,75,200,76,200,66.5
2026-04-18 12:41:15 PM,KXWTAMATCH-26APR19RYBMUC-RYB,61,10,60,4,57,35,54,10,51,60,72,261,73,201,74,200,75,200,76,200,66.5
2026-04-18 12:41:15 PM,KXWTAMATCH-26APR19RYBMUC-RYB,61,10,60,4,57,35,54,10,51,60,72,105,73,201,74,200,75,200,76,200,66.5
2026-04-18 12:41:15 PM,KXWTAMATCH-26APR19RYBMUC-RYB,61,10,60,4,57,35,54,10,51,60,72,261,73,201,74,200,75,200,76,200,66.5
2026-04-18 12:41:15 PM,KXWTAMATCH-26APR19RYBMUC-RYB,61,10,60,4,57,35,54,10,51,60,72,105,73,201,74,200,75,200,76,200,66.5
2026-04-18 12:41:15 PM,KXWTAMATCH-26APR19RYBMUC-RYB,61,10,60,4,57,35,54,10,51,60,72,261,73,201,74,200,75,200,76,200,66.5
2026-04-18 12:41:15 PM,KXWTAMATCH-26APR19RYBMUC-RYB,61,10,60,4,57,35,54,10,51,60,72,105,73,201,74,200,75,200,76,200,66.5
2026-04-18 12:41:15 PM,KXWTAMATCH-26APR19RYBMUC-RYB,61,10,60,4,57,35,54,10,51,60,72,261,73,201,74,200,75,200,76,200,66.5
2026-04-18 12:41:15 PM,KXWTAMATCH-26APR19RYBMUC-RYB,61,10,60,4,57,35,54,10,51,60,72,105,73,201,74,200,75,200,76,200,66.5
2026-04-18 12:41:16 PM,KXWTAMATCH-26APR19RYBMUC-RYB,61,10,60,4,57,35,54,10,51,60,72,261,73,201,74,200,75,200,76,200,66.5
2026-04-18 12:41:16 PM,KXWTAMATCH-26APR19RYBMUC-RYB,61,10,60,4,57,35,54,10,51,60,72,105,73,201,74,200,75,200,76,200,66.5
2026-04-18 12:41:16 PM,KXWTAMATCH-26APR19RYBMUC-RYB,61,10,60,4,57,35,54,10,51,60,72,261,73,201,74,200,75,200,76,200,66.5
2026-04-18 12:41:16 PM,KXWTAMATCH-26APR19RYBMUC-RYB,61,10,60,4,57,35,54,10,51,60,72,105,73,201,74,200,75,200,76,200,66.5
2026-04-18 12:41:16 PM,KXWTAMATCH-26APR19RYBMUC-RYB,61,10,60,4,57,35,54,10,51,60,72,261,73,201,74,200,75,200,76,200,66.5
2026-04-18 12:41:16 PM,KXWTAMATCH-26APR19RYBMUC-RYB,61,10,60,4,57,35,54,10,51,60,72,105,73,201,74,200,75,200,76,200,66.5
2026-04-18 12:41:16 PM,KXWTAMATCH-26APR19RYBMUC-RYB,61,10,60,4,57,35,54,10,51,60,72,261,73,201,74,200,75,200,76,200,66.5
2026-04-18 12:41:16 PM,KXWTAMATCH-26APR19RYBMUC-RYB,61,10,60,4,57,35,54,10,51,60,72,105,73,201,74,200,75,200,76,200,66.5
2026-04-18 12:41:16 PM,KXWTAMATCH-26APR19RYBMUC-RYB,61,10,60,4,57,35,54,10,51,60,72,261,73,201,74,200,75,200,76,200,66.5
2026-04-18 12:41:16 PM,KXWTAMATCH-26APR19RYBMUC-RYB,61,10,60,4,57,35,54,10,51,60,72,105,73,201,74,200,75,200,76,200,66.5
2026-04-18 12:41:17 PM,KXWTAMATCH-26APR19RYBMUC-RYB,61,10,60,4,57,35,54,10,51,60,72,261,73,201,74,200,75,200,76,200,66.5
2026-04-18 12:41:17 PM,KXWTAMATCH-26APR19RYBMUC-RYB,61,10,60,4,57,35,54,10,51,60,72,105,73,201,74,200,75,200,76,200,66.5
2026-04-18 12:41:17 PM,KXWTAMATCH-26APR19RYBMUC-RYB,61,10,60,4,57,35,54,10,51,60,72,261,73,201,74,200,75,200,76,200,66.5
2026-04-18 12:41:17 PM,KXWTAMATCH-26APR19RYBMUC-RYB,61,10,60,4,57,35,54,10,51,60,72,105,73,201,74,200,75,200,76,200,66.5
2026-04-18 12:41:17 PM,KXWTAMATCH-26APR19RYBMUC-RYB,61,10,60,4,57,35,54,10,51,60,72,261,73,201,74,200,75,200,76,200,66.5
2026-04-18 12:41:17 PM,KXWTAMATCH-26APR19RYBMUC-RYB,61,10,60,4,57,35,54,10,51,60,72,105,73,201,74,200,75,200,76,200,66.5
2026-04-18 12:41:17 PM,KXWTAMATCH-26APR19RYBMUC-RYB,61,10,60,4,57,35,54,10,51,60,72,261,73,201,74,200,75,200,76,200,66.5
2026-04-18 12:41:17 PM,KXWTAMATCH-26APR19RYBMUC-RYB,61,10,60,4,57,35,54,10,51,60,72,105,73,201,74,200,75,200,76,200,66.5
2026-04-18 12:41:17 PM,KXWTAMATCH-26APR19RYBMUC-RYB,61,10,60,4,57,35,54,10,51,60,72,261,73,201,74,200,75,200,76,200,66.5
2026-04-18 12:41:18 PM,KXWTAMATCH-26APR19RYBMUC-RYB,61,10,60,4,57,35,54,10,51,60,72,105,73,201,74,200,75,200,76,200,66.5
2026-04-18 12:41:18 PM,KXWTAMATCH-26APR19RYBMUC-RYB,61,10,60,4,57,35,54,10,51,60,72,261,73,201,74,200,75,200,76,200,66.5
2026-04-18 12:41:18 PM,KXWTAMATCH-26APR19RYBMUC-RYB,61,10,60,4,57,35,54,10,51,60,72,105,73,201,74,200,75,200,76,200,66.5
2026-04-18 12:41:18 PM,KXWTAMATCH-26APR19RYBMUC-RYB,61,10,60,4,57,35,54,10,51,60,72,261,73,201,74,200,75,200,76,200,66.5
2026-04-18 12:41:18 PM,KXWTAMATCH-26APR19RYBMUC-RYB,61,10,60,4,57,35,54,10,51,60,72,105,73,201,74,200,75,200,76,200,66.5
2026-04-18 12:41:18 PM,KXWTAMATCH-26APR19RYBMUC-RYB,61,10,60,4,57,35,54,10,51,60,72,261,73,201,74,200,75,200,76,200,66.5
2026-04-18 12:41:18 PM,KXWTAMATCH-26APR19RYBMUC-RYB,61,10,60,4,57,35,54,10,51,60,72,105,73,201,74,200,75,200,76,200,66.5
2026-04-18 12:41:18 PM,KXWTAMATCH-26APR19RYBMUC-RYB,61,10,60,4,57,35,54,10,51,60,72,261,73,201,74,200,75,200,76,200,66.5
2026-04-18 12:41:18 PM,KXWTAMATCH-26APR19RYBMUC-RYB,61,10,60,4,57,35,54,10,51,60,72,105,73,201,74,200,75,200,76,200,66.5
2026-04-18 12:41:19 PM,KXWTAMATCH-26APR19RYBMUC-RYB,61,10,60,4,57,35,54,10,51,60,72,261,73,201,74,200,75,200,76,200,66.5
2026-04-18 12:41:19 PM,KXWTAMATCH-26APR19RYBMUC-RYB,61,10,60,4,57,35,54,10,51,60,72,105,73,201,74,200,75,200,76,200,66.5
2026-04-18 12:41:19 PM,KXWTAMATCH-26APR19RYBMUC-RYB,61,10,60,4,57,35,54,10,51,60,72,261,73,201,74,200,75,200,76,200,66.5
2026-04-18 12:41:19 PM,KXWTAMATCH-26APR19RYBMUC-RYB,61,10,60,4,57,35,54,10,51,60,72,105,73,201,74,200,75,200,76,200,66.5
2026-04-18 12:41:19 PM,KXWTAMATCH-26APR19RYBMUC-RYB,61,10,60,4,57,35,54,10,51,60,72,261,73,201,74,200,75,200,76,200,66.5
2026-04-18 12:41:19 PM,KXWTAMATCH-26APR19RYBMUC-RYB,61,10,60,4,57,35,54,10,51,60,72,105,73,201,74,200,75,200,76,200,66.5
2026-04-18 12:41:19 PM,KXWTAMATCH-26APR19RYBMUC-RYB,61,10,60,4,57,35,54,10,51,60,72,261,73,201,74,200,75,200,76,200,66.5
2026-04-18 12:41:19 PM,KXWTAMATCH-26APR19RYBMUC-RYB,61,10,60,4,57,35,54,10,51,60,72,105,73,201,74,200,75,200,76,200,66.5
2026-04-18 12:41:19 PM,KXWTAMATCH-26APR19RYBMUC-RYB,61,10,60,4,57,35,54,10,51,60,72,261,73,201,74,200,75,200,76,200,66.5
2026-04-18 12:41:19 PM,KXWTAMATCH-26APR19RYBMUC-RYB,61,10,60,4,57,35,54,10,51,60,72,105,73,201,74,200,75,200,76,200,66.5
2026-04-18 12:41:20 PM,KXWTAMATCH-26APR19RYBMUC-RYB,61,10,60,4,57,35,54,10,51,60,72,261,73,201,74,200,75,200,76,200,66.5
2026-04-18 12:41:20 PM,KXWTAMATCH-26APR19RYBMUC-RYB,61,10,60,4,57,35,54,10,51,60,72,105,73,201,74,200,75,200,76,200,66.5
2026-04-18 12:41:20 PM,KXWTAMATCH-26APR19RYBMUC-RYB,61,10,60,4,57,35,54,10,51,60,72,261,73,201,74,200,75,200,76,200,66.5
2026-04-18 12:41:20 PM,KXWTAMATCH-26APR19RYBMUC-RYB,61,10,60,4,57,35,54,10,51,60,72,105,73,201,74,200,75,200,76,200,66.5
2026-04-18 12:41:20 PM,KXWTAMATCH-26APR19RYBMUC-RYB,61,10,60,4,57,35,54,10,51,60,72,261,73,201,74,200,75,200,76,200,66.5
2026-04-18 12:41:20 PM,KXWTAMATCH-26APR19RYBMUC-RYB,61,10,60,4,57,35,54,10,51,60,72,105,73,201,74,200,75,200,76,200,66.5
2026-04-18 12:41:20 PM,KXWTAMATCH-26APR19RYBMUC-RYB,61,10,60,4,57,35,54,10,51,60,72,261,73,201,74,200,75,200,76,200,66.5
2026-04-18 12:41:20 PM,KXWTAMATCH-26APR19RYBMUC-RYB,61,10,60,4,57,35,54,10,51,60,72,105,73,201,74,200,75,200,76,200,66.5
2026-04-18 12:41:21 PM,KXWTAMATCH-26APR19RYBMUC-RYB,61,10,60,4,57,35,54,10,51,60,72,261,73,201,74,200,75,200,76,200,66.5
2026-04-18 12:41:21 PM,KXWTAMATCH-26APR19RYBMUC-RYB,61,10,60,4,57,35,54,10,51,60,72,105,73,201,74,200,75,200,76,200,66.5
2026-04-18 12:41:21 PM,KXWTAMATCH-26APR19RYBMUC-RYB,61,10,60,4,57,35,54,10,51,60,72,261,73,201,74,200,75,200,76,200,66.5
2026-04-18 12:41:21 PM,KXWTAMATCH-26APR19RYBMUC-RYB,61,10,60,4,57,35,54,10,51,60,72,105,73,201,74,200,75,200,76,200,66.5
2026-04-18 12:41:21 PM,KXWTAMATCH-26APR19RYBMUC-RYB,61,10,60,4,57,35,54,10,51,60,72,261,73,201,74,200,75,200,76,200,66.5
2026-04-18 12:41:21 PM,KXWTAMATCH-26APR19RYBMUC-RYB,61,10,60,4,57,35,54,10,51,60,72,105,73,201,74,200,75,200,76,200,66.5
2026-04-18 12:41:21 PM,KXWTAMATCH-26APR19RYBMUC-RYB,61,10,60,4,57,35,54,10,51,60,72,261,73,201,74,200,75,200,76,200,66.5
2026-04-18 12:41:21 PM,KXWTAMATCH-26APR19RYBMUC-RYB,61,10,60,4,57,35,54,10,51,60,72,105,73,201,74,200,75,200,76,200,66.5
2026-04-18 12:41:21 PM,KXWTAMATCH-26APR19RYBMUC-RYB,61,10,60,4,57,35,54,10,51,60,72,261,73,201,74,200,75,200,76,200,66.5
2026-04-18 12:41:21 PM,KXWTAMATCH-26APR19RYBMUC-RYB,61,10,60,4,57,35,54,10,51,60,72,105,73,201,74,200,75,200,76,200,66.5
2026-04-18 12:41:22 PM,KXWTAMATCH-26APR19RYBMUC-RYB,61,10,60,4,57,35,54,10,51,60,72,261,73,201,74,200,75,200,76,200,66.5
2026-04-18 12:41:22 PM,KXWTAMATCH-26APR19RYBMUC-RYB,61,10,60,4,57,35,54,10,51,60,72,105,73,201,74,200,75,200,76,200,66.5
2026-04-18 12:41:22 PM,KXWTAMATCH-26APR19RYBMUC-RYB,61,10,60,4,57,35,54,10,51,60,72,261,73,201,74,200,75,200,76,200,66.5
2026-04-18 12:41:22 PM,KXWTAMATCH-26APR19RYBMUC-RYB,61,10,60,4,57,35,54,10,51,60,72,105,73,201,74,200,75,200,76,200,66.5
2026-04-18 12:41:22 PM,KXWTAMATCH-26APR19RYBMUC-RYB,61,10,60,4,57,35,54,10,51,60,72,261,73,201,74,200,75,200,76,200,66.5
2026-04-18 12:41:22 PM,KXWTAMATCH-26APR19RYBMUC-RYB,61,10,60,4,57,35,54,10,51,60,72,105,73,201,74,200,75,200,76,200,66.5
2026-04-18 12:41:22 PM,KXWTAMATCH-26APR19RYBMUC-RYB,61,10,60,4,57,35,54,10,51,60,72,261,73,201,74,200,75,200,76,200,66.5
2026-04-18 12:41:22 PM,KXWTAMATCH-26APR19RYBMUC-RYB,61,10,60,4,57,35,54,10,51,60,72,105,73,201,74,200,75,200,76,200,66.5
2026-04-18 12:41:22 PM,KXWTAMATCH-26APR19RYBMUC-RYB,61,10,60,4,57,35,54,10,51,60,72,261,73,201,74,200,75,200,76,200,66.5
2026-04-18 12:41:22 PM,KXWTAMATCH-26APR19RYBMUC-RYB,61,10,60,4,57,35,54,10,51,60,72,105,73,201,74,200,75,200,76,200,66.5
2026-04-18 12:41:23 PM,KXWTAMATCH-26APR19RYBMUC-RYB,61,10,60,4,57,35,54,10,51,60,72,261,73,201,74,200,75,200,76,200,66.5
2026-04-18 12:41:23 PM,KXWTAMATCH-26APR19RYBMUC-RYB,61,10,60,4,57,35,54,10,51,60,72,105,73,201,74,200,75,200,76,200,66.5
2026-04-18 12:41:23 PM,KXWTAMATCH-26APR19RYBMUC-RYB,61,10,60,4,57,35,54,10,51,60,72,261,73,201,74,200,75,200,76,200,66.5
2026-04-18 12:41:23 PM,KXWTAMATCH-26APR19RYBMUC-RYB,61,10,60,4,57,35,54,10,51,60,72,105,73,201,74,200,75,200,76,200,66.5
2026-04-18 12:41:23 PM,KXWTAMATCH-26APR19RYBMUC-RYB,61,10,60,4,57,35,54,10,51,60,72,261,73,201,74,200,75,200,76,200,66.5
2026-04-18 12:41:23 PM,KXWTAMATCH-26APR19RYBMUC-RYB,61,10,60,4,57,35,54,10,51,60,72,105,73,201,74,200,75,200,76,200,66.5
2026-04-18 12:41:23 PM,KXWTAMATCH-26APR19RYBMUC-RYB,61,10,60,4,57,35,54,10,51,60,72,261,73,201,74,200,75,200,76,200,66.5
2026-04-18 12:41:23 PM,KXWTAMATCH-26APR19RYBMUC-RYB,61,10,60,4,57,35,54,10,51,60,72,105,73,201,74,200,75,200,76,200,66.5
2026-04-18 12:41:23 PM,KXWTAMATCH-26APR19RYBMUC-RYB,61,10,60,4,57,35,54,10,51,60,72,261,73,201,74,200,75,200,76,200,66.5
2026-04-18 12:41:24 PM,KXWTAMATCH-26APR19RYBMUC-RYB,61,10,60,4,57,35,54,10,51,60,72,105,73,201,74,200,75,200,76,200,66.5
2026-04-18 12:41:24 PM,KXWTAMATCH-26APR19RYBMUC-RYB,61,10,60,4,57,35,54,10,51,60,72,261,73,201,74,200,75,200,76,200,66.5
2026-04-18 12:41:24 PM,KXWTAMATCH-26APR19RYBMUC-RYB,61,10,60,4,57,35,54,10,51,60,72,105,73,201,74,200,75,200,76,200,66.5
2026-04-18 12:41:24 PM,KXWTAMATCH-26APR19RYBMUC-RYB,61,10,60,4,57,35,54,10,51,60,72,261,73,201,74,200,75,200,76,200,66.5
2026-04-18 12:41:24 PM,KXWTAMATCH-26APR19RYBMUC-RYB,61,10,60,4,57,35,54,10,51,60,72,105,73,201,74,200,75,200,76,200,66.5
2026-04-18 12:41:24 PM,KXWTAMATCH-26APR19RYBMUC-RYB,61,10,60,4,57,35,54,10,51,60,72,261,73,201,74,200,75,200,76,200,66.5
2026-04-18 12:41:24 PM,KXWTAMATCH-26APR19RYBMUC-RYB,61,10,60,4,57,35,54,10,51,60,72,105,73,201,74,200,75,200,76,200,66.5
2026-04-18 12:41:24 PM,KXWTAMATCH-26APR19RYBMUC-RYB,61,10,60,4,57,35,54,10,51,60,72,261,73,201,74,200,75,200,76,200,66.5
2026-04-18 12:41:24 PM,KXWTAMATCH-26APR19RYBMUC-RYB,61,10,60,4,57,35,54,10,51,60,72,105,73,201,74,200,75,200,76,200,66.5
2026-04-18 12:41:25 PM,KXWTAMATCH-26APR19RYBMUC-RYB,61,10,60,4,57,35,54,10,51,60,72,261,73,201,74,200,75,200,76,200,66.5
2026-04-18 12:41:25 PM,KXWTAMATCH-26APR19RYBMUC-RYB,61,10,60,4,57,35,54,10,51,60,72,105,73,201,74,200,75,200,76,200,66.5
2026-04-18 12:41:25 PM,KXWTAMATCH-26APR19RYBMUC-RYB,61,10,60,4,57,35,54,10,51,60,72,261,73,201,74,200,75,200,76,200,66.5
2026-04-18 12:41:25 PM,KXWTAMATCH-26APR19RYBMUC-RYB,61,10,60,4,57,35,54,10,51,60,72,105,73,201,74,200,75,200,76,200,66.5
2026-04-18 12:41:25 PM,KXWTAMATCH-26APR19RYBMUC-RYB,61,10,60,4,57,35,54,10,51,60,72,261,73,201,74,200,75,200,76,200,66.5
2026-04-18 12:41:25 PM,KXWTAMATCH-26APR19RYBMUC-RYB,61,10,60,4,57,35,54,10,51,60,72,105,73,201,74,200,75,200,76,200,66.5
2026-04-18 12:41:25 PM,KXWTAMATCH-26APR19RYBMUC-RYB,61,10,60,4,57,35,54,10,51,60,72,261,73,201,74,200,75,200,76,200,66.5
2026-04-18 12:41:25 PM,KXWTAMATCH-26APR19RYBMUC-RYB,61,10,60,4,57,35,54,10,51,60,72,105,73,201,74,200,75,200,76,200,66.5
2026-04-18 12:41:25 PM,KXWTAMATCH-26APR19RYBMUC-RYB,61,10,60,4,57,35,54,10,51,60,72,261,73,201,74,200,75,200,76,200,66.5
2026-04-18 12:41:26 PM,KXWTAMATCH-26APR19RYBMUC-RYB,61,10,60,4,57,35,54,10,51,60,72,105,73,201,74,200,75,200,76,200,66.5
2026-04-18 12:41:26 PM,KXWTAMATCH-26APR19RYBMUC-RYB,61,10,60,4,57,35,54,10,51,60,72,261,73,201,74,200,75,200,76,200,66.5
2026-04-18 12:41:26 PM,KXWTAMATCH-26APR19RYBMUC-RYB,61,10,60,4,57,35,54,10,51,60,72,105,73,201,74,200,75,200,76,200,66.5
2026-04-18 12:41:26 PM,KXWTAMATCH-26APR19RYBMUC-RYB,61,10,60,4,57,35,54,10,51,60,72,261,73,201,74,200,75,200,76,200,66.5
2026-04-18 12:41:26 PM,KXWTAMATCH-26APR19RYBMUC-RYB,61,10,60,4,57,35,54,10,51,60,72,105,73,201,74,200,75,200,76,200,66.5
2026-04-18 12:41:26 PM,KXWTAMATCH-26APR19RYBMUC-RYB,61,10,60,4,57,35,54,10,51,60,72,261,73,201,74,200,75,200,76,200,66.5
2026-04-18 12:41:26 PM,KXWTAMATCH-26APR19RYBMUC-RYB,61,10,60,4,57,35,54,10,51,60,72,105,73,201,74,200,75,200,76,200,66.5
2026-04-18 12:41:26 PM,KXWTAMATCH-26APR19RYBMUC-RYB,61,10,60,4,57,35,54,10,51,60,72,261,73,201,74,200,75,200,76,200,66.5
2026-04-18 12:41:26 PM,KXWTAMATCH-26APR19RYBMUC-RYB,61,10,60,4,57,35,54,10,51,60,72,105,73,201,74,200,75,200,76,200,66.5
2026-04-18 12:41:27 PM,KXWTAMATCH-26APR19RYBMUC-RYB,61,10,60,4,57,35,54,10,51,60,72,261,73,201,74,200,75,200,76,200,66.5
2026-04-18 12:41:27 PM,KXWTAMATCH-26APR19RYBMUC-RYB,61,10,60,4,57,35,54,10,51,60,72,105,73,201,74,200,75,200,76,200,66.5
2026-04-18 12:41:27 PM,KXWTAMATCH-26APR19RYBMUC-RYB,61,10,60,4,57,35,54,10,51,60,72,261,73,201,74,200,75,200,76,200,66.5
2026-04-18 12:41:27 PM,KXWTAMATCH-26APR19RYBMUC-RYB,61,10,60,4,57,35,54,10,51,60,72,105,73,201,74,200,75,200,76,200,66.5
2026-04-18 12:41:27 PM,KXWTAMATCH-26APR19RYBMUC-RYB,61,10,60,4,57,35,54,10,51,60,72,261,73,201,74,200,75,200,76,200,66.5
2026-04-18 12:41:27 PM,KXWTAMATCH-26APR19RYBMUC-RYB,61,10,60,4,57,35,54,10,51,60,72,105,73,201,74,200,75,200,76,200,66.5
2026-04-18 12:41:27 PM,KXWTAMATCH-26APR19RYBMUC-RYB,61,10,60,4,57,35,54,10,51,60,72,261,73,201,74,200,75,200,76,200,66.5
2026-04-18 12:41:27 PM,KXWTAMATCH-26APR19RYBMUC-RYB,61,10,60,4,57,35,54,10,51,60,72,105,73,201,74,200,75,200,76,200,66.5
2026-04-18 12:41:27 PM,KXWTAMATCH-26APR19RYBMUC-RYB,61,10,60,4,57,35,54,10,51,60,72,261,73,201,74,200,75,200,76,200,66.5
2026-04-18 12:41:27 PM,KXWTAMATCH-26APR19RYBMUC-RYB,61,10,60,4,57,35,54,10,51,60,72,105,73,201,74,200,75,200,76,200,66.5
2026-04-18 12:41:28 PM,KXWTAMATCH-26APR19RYBMUC-RYB,61,10,60,4,57,35,54,10,51,60,72,261,73,201,74,200,75,200,76,200,66.5
2026-04-18 12:41:28 PM,KXWTAMATCH-26APR19RYBMUC-RYB,61,10,60,4,57,35,54,10,51,60,72,105,73,201,74,200,75,200,76,200,66.5
2026-04-18 12:41:28 PM,KXWTAMATCH-26APR19RYBMUC-RYB,61,10,60,4,57,35,54,10,51,60,72,261,73,201,74,200,75,200,76,200,66.5
2026-04-18 12:41:28 PM,KXWTAMATCH-26APR19RYBMUC-RYB,61,10,60,4,57,35,54,10,51,60,72,105,73,201,74,200,75,200,76,200,66.5
2026-04-18 12:41:28 PM,KXWTAMATCH-26APR19RYBMUC-RYB,61,10,60,4,57,35,54,10,51,60,72,261,73,201,74,200,75,200,76,200,66.5
2026-04-18 12:41:28 PM,KXWTAMATCH-26APR19RYBMUC-RYB,61,10,60,4,57,35,54,10,51,60,72,105,73,201,74,200,75,200,76,200,66.5
2026-04-18 12:41:28 PM,KXWTAMATCH-26APR19RYBMUC-RYB,61,10,60,4,57,35,54,10,51,60,72,261,73,201,74,200,75,200,76,200,66.5
2026-04-18 12:41:28 PM,KXWTAMATCH-26APR19RYBMUC-RYB,61,10,60,4,57,35,54,10,51,60,72,105,73,201,74,200,75,200,76,200,66.5
2026-04-18 12:41:28 PM,KXWTAMATCH-26APR19RYBMUC-RYB,61,10,60,4,57,35,54,10,51,60,72,261,73,201,74,200,75,200,76,200,66.5
2026-04-18 12:41:29 PM,KXWTAMATCH-26APR19RYBMUC-RYB,61,10,60,4,57,35,54,10,51,60,72,105,73,201,74,200,75,200,76,200,66.5
2026-04-18 12:41:29 PM,KXWTAMATCH-26APR19RYBMUC-RYB,61,10,60,4,57,35,54,10,51,60,72,261,73,201,74,200,75,200,76,200,66.5
2026-04-18 12:41:29 PM,KXWTAMATCH-26APR19RYBMUC-RYB,61,10,60,4,57,35,54,10,51,60,72,105,73,201,74,200,75,200,76,200,66.5
2026-04-18 12:41:29 PM,KXWTAMATCH-26APR19RYBMUC-RYB,61,10,60,4,57,35,54,10,51,60,72,261,73,201,74,200,75,200,76,200,66.5
2026-04-18 12:41:29 PM,KXWTAMATCH-26APR19RYBMUC-RYB,61,10,60,4,57,35,54,10,51,60,72,105,73,201,74,200,75,200,76,200,66.5
2026-04-18 12:41:29 PM,KXWTAMATCH-26APR19RYBMUC-RYB,61,10,60,4,57,35,54,10,51,60,72,261,73,201,74,200,75,200,76,200,66.5
2026-04-18 12:41:29 PM,KXWTAMATCH-26APR19RYBMUC-RYB,61,10,60,4,57,35,54,10,51,60,72,105,73,201,74,200,75,200,76,200,66.5
2026-04-18 12:41:29 PM,KXWTAMATCH-26APR19RYBMUC-RYB,61,10,60,4,57,35,54,10,51,60,72,261,73,201,74,200,75,200,76,200,66.5
2026-04-18 12:41:29 PM,KXWTAMATCH-26APR19RYBMUC-RYB,61,10,60,4,57,35,54,10,51,60,72,105,73,201,74,200,75,200,76,200,66.5
2026-04-18 12:41:30 PM,KXWTAMATCH-26APR19RYBMUC-RYB,61,10,60,4,57,35,54,10,51,60,72,261,73,201,74,200,75,200,76,200,66.5
2026-04-18 12:41:30 PM,KXWTAMATCH-26APR19RYBMUC-RYB,61,10,60,4,57,35,54,10,51,60,72,105,73,201,74,200,75,200,76,200,66.5
2026-04-18 12:41:30 PM,KXWTAMATCH-26APR19RYBMUC-RYB,61,10,60,4,57,35,54,10,51,60,72,261,73,201,74,200,75,200,76,200,66.5
2026-04-18 12:41:30 PM,KXWTAMATCH-26APR19RYBMUC-RYB,61,10,60,4,57,35,54,10,51,60,72,105,73,201,74,200,75,200,76,200,66.5
2026-04-18 12:41:30 PM,KXWTAMATCH-26APR19RYBMUC-RYB,61,10,60,4,57,35,54,10,51,60,72,261,73,201,74,200,75,200,76,200,66.5
2026-04-18 12:41:30 PM,KXWTAMATCH-26APR19RYBMUC-RYB,61,10,60,4,57,35,54,10,51,60,72,105,73,201,74,200,75,200,76,200,66.5
2026-04-18 12:41:30 PM,KXWTAMATCH-26APR19RYBMUC-RYB,61,10,60,4,57,35,54,10,51,60,72,261,73,201,74,200,75,200,76,200,66.5
2026-04-18 12:41:30 PM,KXWTAMATCH-26APR19RYBMUC-RYB,61,10,60,4,57,35,54,10,51,60,72,105,73,201,74,200,75,200,76,200,66.5
2026-04-18 12:41:30 PM,KXWTAMATCH-26APR19RYBMUC-RYB,61,10,60,4,57,35,54,10,51,60,72,261,73,201,74,200,75,200,76,200,66.5
2026-04-18 12:41:30 PM,KXWTAMATCH-26APR19RYBMUC-RYB,61,10,60,4,57,35,54,10,51,60,72,105,73,201,74,200,75,200,76,200,66.5
2026-04-18 12:41:31 PM,KXWTAMATCH-26APR19RYBMUC-RYB,61,10,60,4,57,35,54,10,51,60,72,261,73,201,74,200,75,200,76,200,66.5
2026-04-18 12:41:31 PM,KXWTAMATCH-26APR19RYBMUC-RYB,61,10,60,4,57,35,54,10,51,60,72,105,73,201,74,200,75,200,76,200,66.5
2026-04-18 12:41:31 PM,KXWTAMATCH-26APR19RYBMUC-RYB,61,10,60,4,57,35,54,10,51,60,72,261,73,201,74,200,75,200,76,200,66.5
2026-04-18 12:41:31 PM,KXWTAMATCH-26APR19RYBMUC-RYB,61,10,60,4,57,35,54,10,51,60,72,105,73,201,74,200,75,200,76,200,66.5
2026-04-18 12:41:31 PM,KXWTAMATCH-26APR19RYBMUC-RYB,61,10,60,4,57,35,54,10,51,60,72,261,73,201,74,200,75,200,76,200,66.5
2026-04-18 12:41:31 PM,KXWTAMATCH-26APR19RYBMUC-RYB,61,10,60,4,57,35,54,10,51,60,72,105,73,201,74,200,75,200,76,200,66.5
2026-04-18 12:41:31 PM,KXWTAMATCH-26APR19RYBMUC-RYB,61,10,60,4,57,35,54,10,51,60,72,261,73,201,74,200,75,200,76,200,66.5
2026-04-18 12:41:31 PM,KXWTAMATCH-26APR19RYBMUC-RYB,61,10,60,4,57,35,54,10,51,60,72,105,73,201,74,200,75,200,76,200,66.5
2026-04-18 12:41:32 PM,KXWTAMATCH-26APR19RYBMUC-RYB,61,10,60,4,57,35,54,10,51,60,72,261,73,201,74,200,75,200,76,200,66.5
2026-04-18 12:41:32 PM,KXWTAMATCH-26APR19RYBMUC-RYB,61,10,60,4,57,35,54,10,51,60,72,105,73,201,74,200,75,200,76,200,66.5
2026-04-18 12:41:32 PM,KXWTAMATCH-26APR19RYBMUC-RYB,61,10,60,4,57,35,54,10,51,60,72,261,73,201,74,200,75,200,76,200,66.5
2026-04-18 12:41:32 PM,KXWTAMATCH-26APR19RYBMUC-RYB,61,10,60,4,57,35,54,10,51,60,72,105,73,201,74,200,75,200,76,200,66.5
2026-04-18 12:41:32 PM,KXWTAMATCH-26APR19RYBMUC-RYB,61,10,60,4,57,35,54,10,51,60,72,261,73,201,74,200,75,200,76,200,66.5
2026-04-18 12:41:32 PM,KXWTAMATCH-26APR19RYBMUC-RYB,61,10,60,4,57,35,54,10,51,60,72,105,73,201,74,200,75,200,76,200,66.5
2026-04-18 12:41:32 PM,KXWTAMATCH-26APR19RYBMUC-RYB,61,10,60,4,57,35,54,10,51,60,72,261,73,201,74,200,75,200,76,200,66.5
2026-04-18 12:41:32 PM,KXWTAMATCH-26APR19RYBMUC-RYB,61,10,60,4,57,35,54,10,51,60,72,105,73,201,74,200,75,200,76,200,66.5
2026-04-18 12:41:32 PM,KXWTAMATCH-26APR19RYBMUC-RYB,61,10,60,4,57,35,54,10,51,60,72,261,73,201,74,200,75,200,76,200,66.5
2026-04-18 12:41:32 PM,KXWTAMATCH-26APR19RYBMUC-RYB,61,10,60,4,57,35,54,10,51,60,72,105,73,201,74,200,75,200,76,200,66.5
2026-04-18 12:41:33 PM,KXWTAMATCH-26APR19RYBMUC-RYB,61,10,60,4,57,35,54,10,51,60,72,261,73,201,74,200,75,200,76,200,66.5
2026-04-18 12:41:33 PM,KXWTAMATCH-26APR19RYBMUC-RYB,61,10,60,4,57,35,54,10,51,60,72,105,73,201,74,200,75,200,76,200,66.5
2026-04-18 12:41:33 PM,KXWTAMATCH-26APR19RYBMUC-RYB,61,10,60,4,57,35,54,10,51,60,72,261,73,201,74,200,75,200,76,200,66.5
2026-04-18 12:41:33 PM,KXWTAMATCH-26APR19RYBMUC-RYB,61,10,60,4,57,35,54,10,51,60,72,105,73,201,74,200,75,200,76,200,66.5
2026-04-18 12:41:33 PM,KXWTAMATCH-26APR19RYBMUC-RYB,61,10,60,4,57,35,54,10,51,60,72,261,73,201,74,200,75,200,76,200,66.5
2026-04-18 12:41:33 PM,KXWTAMATCH-26APR19RYBMUC-RYB,61,10,60,4,57,35,54,10,51,60,72,105,73,201,74,200,75,200,76,200,66.5
2026-04-18 12:41:33 PM,KXWTAMATCH-26APR19RYBMUC-RYB,61,10,60,4,57,35,54,10,51,60,72,261,73,201,74,200,75,200,76,200,66.5
2026-04-18 12:41:33 PM,KXWTAMATCH-26APR19RYBMUC-RYB,61,10,60,4,57,35,54,10,51,60,72,105,73,201,74,200,75,200,76,200,66.5
2026-04-18 12:41:33 PM,KXWTAMATCH-26APR19RYBMUC-RYB,61,10,60,4,57,35,54,10,51,60,72,261,73,201,74,200,75,200,76,200,66.5
2026-04-18 12:41:34 PM,KXWTAMATCH-26APR19RYBMUC-RYB,61,10,60,4,57,35,54,10,51,60,72,105,73,201,74,200,75,200,76,200,66.5
2026-04-18 12:41:34 PM,KXWTAMATCH-26APR19RYBMUC-RYB,61,10,60,4,57,35,54,10,51,60,72,261,73,201,74,200,75,200,76,200,66.5
2026-04-18 12:41:34 PM,KXWTAMATCH-26APR19RYBMUC-RYB,61,10,60,4,57,35,54,10,51,60,72,105,73,201,74,200,75,200,76,200,66.5
2026-04-18 12:41:34 PM,KXWTAMATCH-26APR19RYBMUC-RYB,61,10,60,4,57,35,54,10,51,60,72,261,73,201,74,200,75,200,76,200,66.5
2026-04-18 12:41:34 PM,KXWTAMATCH-26APR19RYBMUC-RYB,61,10,60,4,57,35,54,10,51,60,72,105,73,201,74,200,75,200,76,200,66.5
2026-04-18 12:41:34 PM,KXWTAMATCH-26APR19RYBMUC-RYB,61,10,60,4,57,35,54,10,51,60,72,261,73,201,74,200,75,200,76,200,66.5
2026-04-18 12:41:34 PM,KXWTAMATCH-26APR19RYBMUC-RYB,61,10,60,4,57,35,54,10,51,60,72,105,73,201,74,200,75,200,76,200,66.5
2026-04-18 12:41:34 PM,KXWTAMATCH-26APR19RYBMUC-RYB,61,10,60,4,57,35,54,10,51,60,72,261,73,201,74,200,75,200,76,200,66.5
2026-04-18 12:41:34 PM,KXWTAMATCH-26APR19RYBMUC-RYB,61,10,60,4,57,35,54,10,51,60,72,105,73,201,74,200,75,200,76,200,66.5
2026-04-18 12:41:35 PM,KXWTAMATCH-26APR19RYBMUC-RYB,61,10,60,4,57,35,54,10,51,60,72,261,73,201,74,200,75,200,76,200,66.5
2026-04-18 12:41:35 PM,KXWTAMATCH-26APR19RYBMUC-RYB,61,10,60,4,57,35,54,10,51,60,72,105,73,201,74,200,75,200,76,200,66.5
2026-04-18 12:41:35 PM,KXWTAMATCH-26APR19RYBMUC-RYB,61,10,60,4,57,35,54,10,51,60,72,261,73,201,74,200,75,200,76,200,66.5
2026-04-18 12:41:35 PM,KXWTAMATCH-26APR19RYBMUC-RYB,61,10,60,4,57,35,54,10,51,60,72,105,73,201,74,200,75,200,76,200,66.5
2026-04-18 12:41:35 PM,KXWTAMATCH-26APR19RYBMUC-RYB,61,10,60,4,57,35,54,10,51,60,72,261,73,201,74,200,75,200,76,200,66.5
2026-04-18 12:41:35 PM,KXWTAMATCH-26APR19RYBMUC-RYB,61,10,60,4,57,35,54,10,51,60,72,105,73,201,74,200,75,200,76,200,66.5
2026-04-18 12:41:35 PM,KXWTAMATCH-26APR19RYBMUC-RYB,61,10,60,4,57,35,54,10,51,60,72,261,73,201,74,200,75,200,76,200,66.5
2026-04-18 12:41:35 PM,KXWTAMATCH-26APR19RYBMUC-RYB,61,10,60,4,57,35,54,10,51,60,72,105,73,201,74,200,75,200,76,200,66.5
2026-04-18 12:41:35 PM,KXWTAMATCH-26APR19RYBMUC-RYB,61,10,60,4,57,35,54,10,51,60,72,261,73,201,74,200,75,200,76,200,66.5
2026-04-18 12:41:35 PM,KXWTAMATCH-26APR19RYBMUC-RYB,61,10,60,4,57,35,54,10,51,60,72,105,73,201,74,200,75,200,76,200,66.5
2026-04-18 12:41:36 PM,KXWTAMATCH-26APR19RYBMUC-RYB,61,10,60,4,57,35,54,10,51,60,72,261,73,201,74,200,75,200,76,200,66.5
2026-04-18 12:41:36 PM,KXWTAMATCH-26APR19RYBMUC-RYB,61,10,60,4,57,35,54,10,51,60,72,105,73,201,74,200,75,200,76,200,66.5
2026-04-18 12:41:36 PM,KXWTAMATCH-26APR19RYBMUC-RYB,61,10,60,4,57,35,54,10,51,60,72,261,73,201,74,200,75,200,76,200,66.5
2026-04-18 12:41:36 PM,KXWTAMATCH-26APR19RYBMUC-RYB,61,10,60,4,57,35,54,10,51,60,72,105,73,201,74,200,75,200,76,200,66.5
2026-04-18 12:41:36 PM,KXWTAMATCH-26APR19RYBMUC-RYB,61,10,60,4,57,35,54,10,51,60,72,261,73,201,74,200,75,200,76,200,66.5
2026-04-18 12:41:36 PM,KXWTAMATCH-26APR19RYBMUC-RYB,61,10,60,4,57,35,54,10,51,60,72,105,73,201,74,200,75,200,76,200,66.5
2026-04-18 12:41:36 PM,KXWTAMATCH-26APR19RYBMUC-RYB,61,10,60,4,57,35,54,10,51,60,72,261,73,201,74,200,75,200,76,200,66.5
2026-04-18 12:41:36 PM,KXWTAMATCH-26APR19RYBMUC-RYB,61,10,60,4,57,35,54,10,51,60,72,105,73,201,74,200,75,200,76,200,66.5
2026-04-18 12:41:37 PM,KXWTAMATCH-26APR19RYBMUC-RYB,61,10,60,4,57,35,54,10,51,60,72,261,73,201,74,200,75,200,76,200,66.5
2026-04-18 12:41:37 PM,KXWTAMATCH-26APR19RYBMUC-RYB,61,10,60,4,57,35,54,10,51,60,72,105,73,201,74,200,75,200,76,200,66.5
2026-04-18 12:41:37 PM,KXWTAMATCH-26APR19RYBMUC-RYB,61,10,60,4,57,35,54,10,51,60,72,261,73,201,74,200,75,200,76,200,66.5
2026-04-18 12:41:37 PM,KXWTAMATCH-26APR19RYBMUC-RYB,61,10,60,4,57,35,54,10,51,60,72,105,73,201,74,200,75,200,76,200,66.5
2026-04-18 12:41:37 PM,KXWTAMATCH-26APR19RYBMUC-RYB,61,10,60,4,57,35,54,10,51,60,72,261,73,201,74,200,75,200,76,200,66.5
2026-04-18 12:41:37 PM,KXWTAMATCH-26APR19RYBMUC-RYB,61,10,60,4,57,35,54,10,51,60,72,105,73,201,74,200,75,200,76,200,66.5
2026-04-18 12:41:37 PM,KXWTAMATCH-26APR19RYBMUC-RYB,61,10,60,4,57,35,54,10,51,60,72,261,73,201,74,200,75,200,76,200,66.5
2026-04-18 12:41:37 PM,KXWTAMATCH-26APR19RYBMUC-RYB,61,10,60,4,57,35,54,10,51,60,72,105,73,201,74,200,75,200,76,200,66.5
2026-04-18 12:41:38 PM,KXWTAMATCH-26APR19RYBMUC-RYB,61,10,60,4,57,35,54,10,51,60,72,261,73,201,74,200,75,200,76,200,66.5
2026-04-18 12:41:38 PM,KXWTAMATCH-26APR19RYBMUC-RYB,61,10,60,4,57,35,54,10,51,60,72,105,73,201,74,200,75,200,76,200,66.5
2026-04-18 12:41:38 PM,KXWTAMATCH-26APR19RYBMUC-RYB,61,10,60,4,57,35,54,10,51,60,72,261,73,201,74,200,75,200,76,200,66.5
2026-04-18 12:41:38 PM,KXWTAMATCH-26APR19RYBMUC-RYB,61,10,60,4,57,35,54,10,51,60,72,105,73,201,74,200,75,200,76,200,66.5
2026-04-18 12:41:38 PM,KXWTAMATCH-26APR19RYBMUC-RYB,61,10,60,4,57,35,54,10,51,60,72,261,73,201,74,200,75,200,76,200,66.5
2026-04-18 12:41:38 PM,KXWTAMATCH-26APR19RYBMUC-RYB,61,10,60,4,57,35,54,10,51,60,72,105,73,201,74,200,75,200,76,200,66.5
2026-04-18 12:41:38 PM,KXWTAMATCH-26APR19RYBMUC-RYB,61,10,60,4,57,35,54,10,51,60,72,261,73,201,74,200,75,200,76,200,66.5
2026-04-18 12:41:38 PM,KXWTAMATCH-26APR19RYBMUC-RYB,61,10,60,4,57,35,54,10,51,60,72,105,73,201,74,200,75,200,76,200,66.5
2026-04-18 12:41:38 PM,KXWTAMATCH-26APR19RYBMUC-RYB,61,10,60,4,57,35,54,10,51,60,72,261,73,201,74,200,75,200,76,200,66.5
2026-04-18 12:41:38 PM,KXWTAMATCH-26APR19RYBMUC-RYB,61,10,60,4,57,35,54,10,51,60,72,105,73,201,74,200,75,200,76,200,66.5
2026-04-18 12:41:39 PM,KXWTAMATCH-26APR19RYBMUC-RYB,61,10,60,4,57,35,54,10,51,60,72,261,73,201,74,200,75,200,76,200,66.5
2026-04-18 12:41:39 PM,KXWTAMATCH-26APR19RYBMUC-RYB,61,10,60,4,57,35,54,10,51,60,72,105,73,201,74,200,75,200,76,200,66.5
2026-04-18 12:41:39 PM,KXWTAMATCH-26APR19RYBMUC-RYB,61,10,60,4,57,35,54,10,51,60,72,261,73,201,74,200,75,200,76,200,66.5
2026-04-18 12:41:39 PM,KXWTAMATCH-26APR19RYBMUC-RYB,61,10,60,4,57,35,54,10,51,60,72,105,73,201,74,200,75,200,76,200,66.5
2026-04-18 12:41:39 PM,KXWTAMATCH-26APR19RYBMUC-RYB,61,10,60,4,57,35,54,10,51,60,72,261,73,201,74,200,75,200,76,200,66.5
2026-04-18 12:41:39 PM,KXWTAMATCH-26APR19RYBMUC-RYB,61,10,60,4,57,35,54,10,51,60,72,105,73,201,74,200,75,200,76,200,66.5
2026-04-18 12:41:39 PM,KXWTAMATCH-26APR19RYBMUC-RYB,61,10,60,4,57,35,54,10,51,60,72,261,73,201,74,200,75,200,76,200,66.5
2026-04-18 12:41:39 PM,KXWTAMATCH-26APR19RYBMUC-RYB,61,10,60,4,57,35,54,10,51,60,72,105,73,201,74,200,75,200,76,200,66.5
2026-04-18 12:41:39 PM,KXWTAMATCH-26APR19RYBMUC-RYB,61,10,60,4,57,35,54,10,51,60,72,261,73,201,74,200,75,200,76,200,66.5
2026-04-18 12:41:39 PM,KXWTAMATCH-26APR19RYBMUC-RYB,61,10,60,4,57,35,54,10,51,60,72,105,73,201,74,200,75,200,76,200,66.5
2026-04-18 12:41:40 PM,KXWTAMATCH-26APR19RYBMUC-RYB,61,10,60,4,57,35,54,10,51,60,72,261,73,201,74,200,75,200,76,200,66.5
2026-04-18 12:41:40 PM,KXWTAMATCH-26APR19RYBMUC-RYB,61,10,60,4,57,35,54,10,51,60,72,105,73,201,74,200,75,200,76,200,66.5
2026-04-18 12:41:40 PM,KXWTAMATCH-26APR19RYBMUC-RYB,61,10,60,4,57,35,54,10,51,60,72,261,73,201,74,200,75,200,76,200,66.5
2026-04-18 12:41:40 PM,KXWTAMATCH-26APR19RYBMUC-RYB,61,10,60,4,57,35,54,10,51,60,72,105,73,201,74,200,75,200,76,200,66.5
2026-04-18 12:41:40 PM,KXWTAMATCH-26APR19RYBMUC-RYB,61,10,60,4,57,35,54,10,51,60,72,261,73,201,74,200,75,200,76,200,66.5
2026-04-18 12:41:40 PM,KXWTAMATCH-26APR19RYBMUC-RYB,61,10,60,4,57,35,54,10,51,60,72,105,73,201,74,200,75,200,76,200,66.5
2026-04-18 12:41:40 PM,KXWTAMATCH-26APR19RYBMUC-RYB,61,10,60,4,57,35,54,10,51,60,72,261,73,201,74,200,75,200,76,200,66.5
2026-04-18 12:41:40 PM,KXWTAMATCH-26APR19RYBMUC-RYB,61,10,60,4,57,35,54,10,51,60,72,105,73,201,74,200,75,200,76,200,66.5
2026-04-18 12:41:40 PM,KXWTAMATCH-26APR19RYBMUC-RYB,61,10,60,4,57,35,54,10,51,60,72,261,73,201,74,200,75,200,76,200,66.5
2026-04-18 12:41:41 PM,KXWTAMATCH-26APR19RYBMUC-RYB,61,10,60,4,57,35,54,10,51,60,72,105,73,201,74,200,75,200,76,200,66.5
2026-04-18 12:41:41 PM,KXWTAMATCH-26APR19RYBMUC-RYB,61,10,60,4,57,35,54,10,51,60,72,261,73,201,74,200,75,200,76,200,66.5
2026-04-18 12:41:41 PM,KXWTAMATCH-26APR19RYBMUC-RYB,61,10,60,4,57,35,54,10,51,60,72,105,73,201,74,200,75,200,76,200,66.5
2026-04-18 12:41:41 PM,KXWTAMATCH-26APR19RYBMUC-RYB,61,10,60,4,57,35,54,10,51,60,72,261,73,201,74,200,75,200,76,200,66.5
2026-04-18 12:41:41 PM,KXWTAMATCH-26APR19RYBMUC-RYB,61,10,60,4,57,35,54,10,51,60,72,105,73,201,74,200,75,200,76,200,66.5
2026-04-18 12:41:41 PM,KXWTAMATCH-26APR19RYBMUC-RYB,61,10,60,4,57,35,54,10,51,60,72,261,73,201,74,200,75,200,76,200,66.5
2026-04-18 12:41:41 PM,KXWTAMATCH-26APR19RYBMUC-RYB,61,10,60,4,57,35,54,10,51,60,72,105,73,201,74,200,75,200,76,200,66.5
2026-04-18 12:41:41 PM,KXWTAMATCH-26APR19RYBMUC-RYB,61,10,60,4,57,35,54,10,51,60,72,261,73,201,74,200,75,200,76,200,66.5
2026-04-18 12:41:41 PM,KXWTAMATCH-26APR19RYBMUC-RYB,61,10,60,4,57,35,54,10,51,60,72,105,73,201,74,200,75,200,76,200,66.5
2026-04-18 12:41:42 PM,KXWTAMATCH-26APR19RYBMUC-RYB,61,10,60,4,57,35,54,10,51,60,72,261,73,201,74,200,75,200,76,200,66.5
2026-04-18 12:41:42 PM,KXWTAMATCH-26APR19RYBMUC-RYB,61,10,60,4,57,35,54,10,51,60,72,105,73,201,74,200,75,200,76,200,66.5
2026-04-18 12:41:42 PM,KXWTAMATCH-26APR19RYBMUC-RYB,61,10,60,4,57,35,54,10,51,60,72,261,73,201,74,200,75,200,76,200,66.5
2026-04-18 12:41:42 PM,KXWTAMATCH-26APR19RYBMUC-RYB,61,10,60,4,57,35,54,10,51,60,72,105,73,201,74,200,75,200,76,200,66.5
2026-04-18 12:41:42 PM,KXWTAMATCH-26APR19RYBMUC-RYB,61,10,60,4,57,35,54,10,51,60,72,261,73,201,74,200,75,200,76,200,66.5
2026-04-18 12:41:42 PM,KXWTAMATCH-26APR19RYBMUC-RYB,61,10,60,4,57,35,54,10,51,60,72,105,73,201,74,200,75,200,76,200,66.5
2026-04-18 12:41:42 PM,KXWTAMATCH-26APR19RYBMUC-RYB,61,10,60,4,57,35,54,10,51,60,72,261,73,201,74,200,75,200,76,200,66.5
2026-04-18 12:41:42 PM,KXWTAMATCH-26APR19RYBMUC-RYB,61,10,60,4,57,35,54,10,51,60,72,105,73,201,74,200,75,200,76,200,66.5
2026-04-18 12:41:43 PM,KXWTAMATCH-26APR19RYBMUC-RYB,61,10,60,4,57,35,54,10,51,60,72,261,73,201,74,200,75,200,76,200,66.5
2026-04-18 12:41:43 PM,KXWTAMATCH-26APR19RYBMUC-RYB,61,10,60,4,57,35,54,10,51,60,72,105,73,201,74,200,75,200,76,200,66.5
2026-04-18 12:41:43 PM,KXWTAMATCH-26APR19RYBMUC-RYB,61,30,60,4,57,35,54,10,51,60,72,105,73,201,74,200,75,200,76,200,66.5
2026-04-18 12:41:43 PM,KXWTAMATCH-26APR19RYBMUC-RYB,61,30,60,4,57,35,54,10,51,60,72,237,73,201,74,200,75,200,76,200,66.5
2026-04-18 12:41:43 PM,KXWTAMATCH-26APR19RYBMUC-RYB,61,30,60,4,57,35,54,10,51,60,72,105,73,201,74,200,75,200,76,200,66.5
2026-04-18 12:41:43 PM,KXWTAMATCH-26APR19RYBMUC-RYB,61,30,60,4,57,35,54,10,51,60,72,237,73,201,74,200,75,200,76,200,66.5
2026-04-18 12:41:43 PM,KXWTAMATCH-26APR19RYBMUC-RYB,61,30,60,4,57,35,54,10,51,60,72,105,73,201,74,200,75,200,76,200,66.5
2026-04-18 12:41:43 PM,KXWTAMATCH-26APR19RYBMUC-RYB,61,30,60,4,57,35,54,10,51,60,72,237,73,201,74,200,75,200,76,200,66.5
2026-04-18 12:41:43 PM,KXWTAMATCH-26APR19RYBMUC-RYB,61,30,60,4,57,35,54,10,51,60,72,105,73,201,74,200,75,200,76,200,66.5
2026-04-18 12:41:44 PM,KXWTAMATCH-26APR19RYBMUC-RYB,61,30,60,4,57,35,54,10,51,60,72,237,73,201,74,200,75,200,76,200,66.5
2026-04-18 12:41:44 PM,KXWTAMATCH-26APR19RYBMUC-RYB,61,30,60,4,57,35,54,10,51,60,72,105,73,201,74,200,75,200,76,200,66.5
2026-04-18 12:41:44 PM,KXWTAMATCH-26APR19RYBMUC-RYB,61,30,60,4,57,35,54,10,51,60,72,237,73,201,74,200,75,200,76,200,66.5
2026-04-18 12:41:44 PM,KXWTAMATCH-26APR19RYBMUC-RYB,61,30,60,4,57,35,54,10,51,60,72,105,73,201,74,200,75,200,76,200,66.5
2026-04-18 12:41:44 PM,KXWTAMATCH-26APR19RYBMUC-RYB,61,30,60,4,57,35,54,10,51,60,72,237,73,201,74,200,75,200,76,200,66.5
2026-04-18 12:41:44 PM,KXWTAMATCH-26APR19RYBMUC-RYB,61,30,60,4,57,35,54,10,51,60,72,105,73,201,74,200,75,200,76,200,66.5
2026-04-18 12:41:44 PM,KXWTAMATCH-26APR19RYBMUC-RYB,61,30,60,4,57,35,54,10,51,60,72,237,73,201,74,200,75,200,76,200,66.5
2026-04-18 12:41:44 PM,KXWTAMATCH-26APR19RYBMUC-RYB,61,30,60,4,57,35,54,10,51,60,72,105,73,201,74,200,75,200,76,200,66.5
2026-04-18 12:41:44 PM,KXWTAMATCH-26APR19RYBMUC-RYB,61,30,60,4,57,35,54,10,51,60,72,237,73,201,74,200,75,200,76,200,66.5
2026-04-18 12:41:45 PM,KXWTAMATCH-26APR19RYBMUC-RYB,61,30,60,4,57,35,54,10,51,60,72,105,73,201,74,200,75,200,76,200,66.5
2026-04-18 12:41:45 PM,KXWTAMATCH-26APR19RYBMUC-RYB,61,30,60,4,57,35,54,10,51,60,72,237,73,201,74,200,75,200,76,200,66.5
2026-04-18 12:41:45 PM,KXWTAMATCH-26APR19RYBMUC-RYB,61,30,60,4,57,35,54,10,51,60,72,105,73,201,74,200,75,200,76,200,66.5
2026-04-18 12:41:45 PM,KXWTAMATCH-26APR19RYBMUC-RYB,61,30,60,4,57,35,54,10,51,60,72,237,73,201,74,200,75,200,76,200,66.5
2026-04-18 12:41:45 PM,KXWTAMATCH-26APR19RYBMUC-RYB,61,30,60,4,57,35,54,10,51,60,72,105,73,201,74,200,75,200,76,200,66.5
2026-04-18 12:41:45 PM,KXWTAMATCH-26APR19RYBMUC-RYB,61,30,60,4,57,35,54,10,51,60,72,237,73,201,74,200,75,200,76,200,66.5
2026-04-18 12:41:45 PM,KXWTAMATCH-26APR19RYBMUC-RYB,61,30,60,4,57,35,54,10,51,60,72,105,73,201,74,200,75,200,76,200,66.5
2026-04-18 12:41:45 PM,KXWTAMATCH-26APR19RYBMUC-RYB,61,30,60,4,57,35,54,10,51,60,72,237,73,201,74,200,75,200,76,200,66.5
2026-04-18 12:41:45 PM,KXWTAMATCH-26APR19RYBMUC-RYB,61,30,60,4,57,35,54,10,51,60,72,105,73,201,74,200,75,200,76,200,66.5
2026-04-18 12:41:45 PM,KXWTAMATCH-26APR19RYBMUC-RYB,61,30,60,4,57,35,54,10,51,60,72,237,73,201,74,200,75,200,76,200,66.5
2026-04-18 12:41:46 PM,KXWTAMATCH-26APR19RYBMUC-RYB,61,30,60,4,57,35,54,10,51,60,72,105,73,201,74,200,75,200,76,200,66.5
2026-04-18 12:41:46 PM,KXWTAMATCH-26APR19RYBMUC-RYB,61,30,60,4,57,35,54,10,51,60,72,237,73,201,74,200,75,200,76,200,66.5
2026-04-18 12:41:46 PM,KXWTAMATCH-26APR19RYBMUC-RYB,61,30,60,4,57,35,54,10,51,60,72,105,73,201,74,200,75,200,76,200,66.5
2026-04-18 12:41:46 PM,KXWTAMATCH-26APR19RYBMUC-RYB,61,30,60,4,57,35,54,10,51,60,72,237,73,201,74,200,75,200,76,200,66.5
2026-04-18 12:41:46 PM,KXWTAMATCH-26APR19RYBMUC-RYB,61,30,60,4,57,35,54,10,51,60,72,105,73,201,74,200,75,200,76,200,66.5
2026-04-18 12:41:46 PM,KXWTAMATCH-26APR19RYBMUC-RYB,61,30,60,4,57,35,54,10,51,60,72,237,73,201,74,200,75,200,76,200,66.5
2026-04-18 12:41:46 PM,KXWTAMATCH-26APR19RYBMUC-RYB,61,30,60,4,57,35,54,10,51,60,72,105,73,201,74,200,75,200,76,200,66.5
2026-04-18 12:41:46 PM,KXWTAMATCH-26APR19RYBMUC-RYB,61,30,60,4,57,35,54,10,51,60,72,237,73,201,74,200,75,200,76,200,66.5
2026-04-18 12:41:46 PM,KXWTAMATCH-26APR19RYBMUC-RYB,61,30,60,4,57,35,54,10,51,60,72,105,73,201,74,200,75,200,76,200,66.5
2026-04-18 12:41:47 PM,KXWTAMATCH-26APR19RYBMUC-RYB,61,30,60,4,57,35,54,10,51,60,72,237,73,201,74,200,75,200,76,200,66.5
2026-04-18 12:41:47 PM,KXWTAMATCH-26APR19RYBMUC-RYB,61,30,60,4,57,35,54,10,51,60,72,105,73,201,74,200,75,200,76,200,66.5
2026-04-18 12:41:47 PM,KXWTAMATCH-26APR19RYBMUC-RYB,61,30,60,4,57,35,54,10,51,60,72,237,73,201,74,200,75,200,76,200,66.5
2026-04-18 12:41:47 PM,KXWTAMATCH-26APR19RYBMUC-RYB,61,30,60,4,57,35,54,10,51,60,72,105,73,201,74,200,75,200,76,200,66.5
2026-04-18 12:41:47 PM,KXWTAMATCH-26APR19RYBMUC-RYB,61,30,60,4,57,35,54,10,51,60,72,237,73,201,74,200,75,200,76,200,66.5
2026-04-18 12:41:47 PM,KXWTAMATCH-26APR19RYBMUC-RYB,61,30,60,4,57,35,54,10,51,60,72,105,73,201,74,200,75,200,76,200,66.5
2026-04-18 12:41:47 PM,KXWTAMATCH-26APR19RYBMUC-RYB,61,30,60,4,57,35,54,10,51,60,72,237,73,201,74,200,75,200,76,200,66.5
2026-04-18 12:41:47 PM,KXWTAMATCH-26APR19RYBMUC-RYB,61,30,60,4,57,35,54,10,51,60,72,105,73,201,74,200,75,200,76,200,66.5
2026-04-18 12:41:47 PM,KXWTAMATCH-26APR19RYBMUC-RYB,61,30,60,4,57,35,54,10,51,60,72,237,73,201,74,200,75,200,76,200,66.5
2026-04-18 12:41:47 PM,KXWTAMATCH-26APR19RYBMUC-RYB,61,30,60,4,57,35,54,10,51,60,72,105,73,201,74,200,75,200,76,200,66.5
2026-04-18 12:41:48 PM,KXWTAMATCH-26APR19RYBMUC-RYB,61,30,60,4,57,35,54,10,51,60,72,237,73,201,74,200,75,200,76,200,66.5
2026-04-18 12:41:48 PM,KXWTAMATCH-26APR19RYBMUC-RYB,61,30,60,4,57,35,54,10,51,60,72,105,73,201,74,200,75,200,76,200,66.5
2026-04-18 12:41:48 PM,KXWTAMATCH-26APR19RYBMUC-RYB,61,30,60,4,57,35,54,10,51,60,72,237,73,201,74,200,75,200,76,200,66.5
2026-04-18 12:41:48 PM,KXWTAMATCH-26APR19RYBMUC-RYB,61,30,60,4,57,35,54,10,51,60,72,105,73,201,74,200,75,200,76,200,66.5
