ts_et,ticker,bid_1,bid_1_sz,bid_2,bid_2_sz,bid_3,bid_3_sz,bid_4,bid_4_sz,bid_5,bid_5_sz,ask_1,ask_1_sz,ask_2,ask_2_sz,ask_3,ask_3_sz,ask_4,ask_4_sz,ask_5,ask_5_sz,mid
2026-04-17 09:43:06 PM,KXWTAMATCH-26APR18KOSMAR-MAR,9,1848,8,5102,7,5073,6,6141,5,6360,10,1756,11,4622,12,8340,13,5000,17,55,9.5
2026-04-17 09:43:39 PM,KXWTAMATCH-26APR18KOSMAR-MAR,9,1848,8,5102,7,5073,6,6141,5,6360,10,1856,11,4622,12,8340,13,5000,17,55,9.5
2026-04-17 09:46:11 PM,KXWTAMATCH-26APR18KOSMAR-MAR,9,1848,8,5102,7,5073,6,6141,5,6360,10,1856,11,4624,12,8340,13,5000,17,55,9.5
2026-04-17 09:46:11 PM,KXWTAMATCH-26APR18KOSMAR-MAR,9,1847,8,5102,7,5073,6,6141,5,6360,10,1856,11,4624,12,8340,13,5000,17,55,9.5
2026-04-17 09:46:11 PM,KXWTAMATCH-26APR18KOSMAR-MAR,9,1847,8,5101,7,5073,6,6141,5,6360,10,1856,11,4624,12,8340,13,5000,17,55,9.5
2026-04-17 09:47:04 PM,KXWTAMATCH-26APR18KOSMAR-MAR,9,1847,8,5101,7,5073,6,6141,5,6360,10,1856,11,4007,12,8340,13,5000,17,55,9.5
2026-04-17 09:48:52 PM,KXWTAMATCH-26APR18KOSMAR-MAR,9,1847,8,5101,7,5073,6,6141,5,6360,10,1855,11,4007,12,8340,13,5000,17,55,9.5
2026-04-17 09:50:16 PM,KXWTAMATCH-26APR18KOSMAR-MAR,9,1847,8,5101,7,5073,6,6141,5,6360,10,1855,11,4057,12,8340,13,5000,17,55,9.5
2026-04-17 09:50:16 PM,KXWTAMATCH-26APR18KOSMAR-MAR,9,1822,8,5101,7,5073,6,6141,5,6360,10,1855,11,4057,12,8340,13,5000,17,55,9.5
2026-04-17 09:50:16 PM,KXWTAMATCH-26APR18KOSMAR-MAR,9,1822,8,5076,7,5073,6,6141,5,6360,10,1855,11,4057,12,8340,13,5000,17,55,9.5
2026-04-17 09:52:58 PM,KXWTAMATCH-26APR18KOSMAR-MAR,9,1822,8,5076,7,5073,6,6141,5,6360,10,1805,11,4057,12,8340,13,5000,17,55,9.5
2026-04-17 09:53:15 PM,KXWTAMATCH-26APR18KOSMAR-MAR,9,1822,8,5076,7,5073,6,6141,5,6360,10,4443,11,4057,12,8340,13,5000,17,55,9.5
2026-04-17 09:53:15 PM,KXWTAMATCH-26APR18KOSMAR-MAR,9,1822,8,5076,7,5073,6,6141,5,6360,10,4443,11,4148,12,8340,13,5000,17,55,9.5
2026-04-17 09:53:15 PM,KXWTAMATCH-26APR18KOSMAR-MAR,9,1822,8,5076,7,5073,6,6141,5,6360,10,4443,11,9148,12,8340,13,5000,17,55,9.5
2026-04-17 09:53:15 PM,KXWTAMATCH-26APR18KOSMAR-MAR,9,1822,8,5076,7,5073,6,6141,5,6360,10,4443,11,9148,12,8340,17,55,18,470,9.5
2026-04-17 09:53:15 PM,KXWTAMATCH-26APR18KOSMAR-MAR,9,1822,8,5076,7,5073,6,6141,5,6360,10,4443,11,6510,12,8340,17,55,18,470,9.5
2026-04-17 09:53:15 PM,KXWTAMATCH-26APR18KOSMAR-MAR,9,1822,8,5076,7,5073,6,6141,5,6360,10,4443,11,6510,12,8248,17,55,18,470,9.5
2026-04-17 09:53:39 PM,KXWTAMATCH-26APR18KOSMAR-MAR,9,1822,8,5076,7,5073,6,6141,5,6360,10,4343,11,6510,12,8248,17,55,18,470,9.5
2026-04-17 09:53:49 PM,KXWTAMATCH-26APR18KOSMAR-MAR,9,1822,8,5076,7,5073,6,6141,5,6360,10,4343,11,6510,12,8340,17,55,18,470,9.5
2026-04-17 09:53:49 PM,KXWTAMATCH-26APR18KOSMAR-MAR,9,1822,8,5076,7,5073,6,6141,5,6360,10,4343,11,6419,12,8340,17,55,18,470,9.5
2026-04-17 09:54:21 PM,KXWTAMATCH-26APR18KOSMAR-MAR,9,1822,8,5076,7,5073,6,6141,5,6360,10,4343,11,6419,12,8248,17,55,18,470,9.5
2026-04-17 09:54:21 PM,KXWTAMATCH-26APR18KOSMAR-MAR,9,1822,8,5076,7,5073,6,6141,5,6360,10,4343,11,6510,12,8248,17,55,18,470,9.5
2026-04-17 09:54:31 PM,KXWTAMATCH-26APR18KOSMAR-MAR,9,1822,8,5076,7,5073,6,6141,5,6360,10,9343,11,6510,12,8248,17,55,18,470,9.5
2026-04-17 09:54:31 PM,KXWTAMATCH-26APR18KOSMAR-MAR,9,1822,8,5076,7,5073,6,6141,5,6360,10,9343,11,6510,12,3248,17,55,18,470,9.5
2026-04-17 09:54:32 PM,KXWTAMATCH-26APR18KOSMAR-MAR,9,1572,8,5076,7,5073,6,6141,5,6360,10,9343,11,6510,12,3248,17,55,18,470,9.5
2026-04-17 09:54:32 PM,KXWTAMATCH-26APR18KOSMAR-MAR,9,1572,8,5326,7,5073,6,6141,5,6360,10,9343,11,6510,12,3248,17,55,18,470,9.5
2026-04-17 09:54:32 PM,KXWTAMATCH-26APR18KOSMAR-MAR,9,1572,8,5326,7,5073,6,6141,5,6360,10,9343,11,6260,12,3248,17,55,18,470,9.5
2026-04-17 09:54:32 PM,KXWTAMATCH-26APR18KOSMAR-MAR,9,1572,8,5326,7,5073,6,6141,5,6360,10,9593,11,6260,12,3248,17,55,18,470,9.5
2026-04-17 09:54:58 PM,KXWTAMATCH-26APR18KOSMAR-MAR,9,1572,8,5326,7,5073,6,8779,5,6360,10,9593,11,6260,12,3248,17,55,18,470,9.5
2026-04-17 09:54:58 PM,KXWTAMATCH-26APR18KOSMAR-MAR,9,1572,8,5326,7,2435,6,8779,5,6360,10,9593,11,6260,12,3248,17,55,18,470,9.5
2026-04-17 09:54:58 PM,KXWTAMATCH-26APR18KOSMAR-MAR,9,1572,8,5326,7,2435,6,8779,5,6360,10,6955,11,6260,12,3248,17,55,18,470,9.5
2026-04-17 09:54:59 PM,KXWTAMATCH-26APR18KOSMAR-MAR,9,1572,8,5076,7,2435,6,8779,5,6360,10,6955,11,6260,12,3248,17,55,18,470,9.5
2026-04-17 09:54:59 PM,KXWTAMATCH-26APR18KOSMAR-MAR,9,1572,8,5076,7,2435,6,8779,5,6360,10,9593,11,6260,12,3248,17,55,18,470,9.5
2026-04-17 09:54:59 PM,KXWTAMATCH-26APR18KOSMAR-MAR,9,1822,8,5076,7,2435,6,8779,5,6360,10,9593,11,6260,12,3248,17,55,18,470,9.5
2026-04-17 09:54:59 PM,KXWTAMATCH-26APR18KOSMAR-MAR,9,1822,8,5076,7,2435,6,8779,5,6360,10,9343,11,6260,12,3248,17,55,18,470,9.5
2026-04-17 09:54:59 PM,KXWTAMATCH-26APR18KOSMAR-MAR,9,1822,8,5076,7,2435,6,8779,5,6360,10,9343,11,6510,12,3248,17,55,18,470,9.5
2026-04-17 09:54:59 PM,KXWTAMATCH-26APR18KOSMAR-MAR,9,1572,8,5076,7,2435,6,8779,5,6360,10,9343,11,6510,12,3248,17,55,18,470,9.5
2026-04-17 09:54:59 PM,KXWTAMATCH-26APR18KOSMAR-MAR,9,1572,8,5326,7,2435,6,8779,5,6360,10,9343,11,6510,12,3248,17,55,18,470,9.5
2026-04-17 09:54:59 PM,KXWTAMATCH-26APR18KOSMAR-MAR,9,1572,8,5326,7,2435,6,8779,5,6360,10,9343,11,6260,12,3248,17,55,18,470,9.5
2026-04-17 09:54:59 PM,KXWTAMATCH-26APR18KOSMAR-MAR,9,1572,8,5326,7,2435,6,8779,5,6360,10,9593,11,6260,12,3248,17,55,18,470,9.5
2026-04-17 09:55:06 PM,KXWTAMATCH-26APR18KOSMAR-MAR,9,1572,8,5326,7,2435,6,8779,5,6360,10,9693,11,6260,12,3248,17,55,18,470,9.5
2026-04-17 09:55:06 PM,KXWTAMATCH-26APR18KOSMAR-MAR,9,1572,8,5326,7,5073,6,8779,5,6360,10,9693,11,6260,12,3248,17,55,18,470,9.5
2026-04-17 09:55:07 PM,KXWTAMATCH-26APR18KOSMAR-MAR,9,1572,8,5326,7,5073,6,6141,5,6360,10,9693,11,6260,12,3248,17,55,18,470,9.5
2026-04-17 09:59:06 PM,KXWTAMATCH-26APR18KOSMAR-MAR,9,1572,8,5326,7,5073,6,6141,5,6360,10,8901,11,6260,12,3248,17,55,18,470,9.5
2026-04-17 09:59:06 PM,KXWTAMATCH-26APR18KOSMAR-MAR,9,1572,8,5326,7,5073,6,6141,5,6360,10,8861,11,6260,12,3248,17,55,18,470,9.5
2026-04-17 09:59:06 PM,KXWTAMATCH-26APR18KOSMAR-MAR,9,1597,8,5326,7,5073,6,6141,5,6360,10,8861,11,6260,12,3248,17,55,18,470,9.5
2026-04-17 09:59:06 PM,KXWTAMATCH-26APR18KOSMAR-MAR,9,1597,8,5076,7,5073,6,6141,5,6360,10,8861,11,6260,12,3248,17,55,18,470,9.5
2026-04-17 09:59:06 PM,KXWTAMATCH-26APR18KOSMAR-MAR,9,1847,8,5076,7,5073,6,6141,5,6360,10,8861,11,6260,12,3248,17,55,18,470,9.5
2026-04-17 09:59:06 PM,KXWTAMATCH-26APR18KOSMAR-MAR,9,1847,8,5076,7,5073,6,6141,5,6360,10,8611,11,6260,12,3248,17,55,18,470,9.5
2026-04-17 09:59:06 PM,KXWTAMATCH-26APR18KOSMAR-MAR,9,1847,8,5076,7,5073,6,6141,5,6360,10,8611,11,6510,12,3248,17,55,18,470,9.5
2026-04-17 09:59:13 PM,KXWTAMATCH-26APR18KOSMAR-MAR,9,1847,8,5076,7,5073,6,6141,5,6360,10,8611,11,6560,12,3248,17,55,18,470,9.5
2026-04-17 09:59:13 PM,KXWTAMATCH-26APR18KOSMAR-MAR,9,1844,8,5076,7,5073,6,6141,5,6360,10,8611,11,6560,12,3248,17,55,18,470,9.5
2026-04-17 09:59:14 PM,KXWTAMATCH-26APR18KOSMAR-MAR,9,1824,8,5076,7,5073,6,6141,5,6360,10,8611,11,6560,12,3248,17,55,18,470,9.5
2026-04-17 09:59:14 PM,KXWTAMATCH-26APR18KOSMAR-MAR,9,1824,8,5073,7,5073,6,6141,5,6360,10,8611,11,6560,12,3248,17,55,18,470,9.5
2026-04-17 09:59:14 PM,KXWTAMATCH-26APR18KOSMAR-MAR,9,1824,8,5053,7,5073,6,6141,5,6360,10,8611,11,6560,12,3248,17,55,18,470,9.5
2026-04-17 10:00:15 PM,KXWTAMATCH-26APR18KOSMAR-MAR,9,1824,8,5053,7,5073,6,6141,5,6360,10,8612,11,6560,12,3248,17,55,18,470,9.5
2026-04-17 10:01:23 PM,KXWTAMATCH-26APR18KOSMAR-MAR,9,1824,8,5053,7,5073,6,6141,5,6360,10,8579,11,6560,12,3248,17,55,18,470,9.5
2026-04-17 10:01:23 PM,KXWTAMATCH-26APR18KOSMAR-MAR,9,1824,8,5053,7,5073,6,6141,5,6360,10,8336,11,6560,12,3248,17,55,18,470,9.5
2026-04-17 10:01:23 PM,KXWTAMATCH-26APR18KOSMAR-MAR,9,1865,8,5053,7,5073,6,6141,5,6360,10,8336,11,6560,12,3248,17,55,18,470,9.5
2026-04-17 10:03:01 PM,KXWTAMATCH-26APR18KOSMAR-MAR,9,1865,8,5053,7,5073,6,6141,5,6360,10,8164,11,6560,12,3248,17,55,18,470,9.5
2026-04-17 10:03:01 PM,KXWTAMATCH-26APR18KOSMAR-MAR,9,1865,8,5053,7,5073,6,6141,5,6360,10,8129,11,6560,12,3248,17,55,18,470,9.5
2026-04-17 10:03:01 PM,KXWTAMATCH-26APR18KOSMAR-MAR,9,1891,8,5053,7,5073,6,6141,5,6360,10,8129,11,6560,12,3248,17,55,18,470,9.5
2026-04-17 10:03:46 PM,KXWTAMATCH-26APR18KOSMAR-MAR,9,1891,8,5053,7,5073,6,6141,5,6360,10,3129,11,6560,12,3248,17,55,18,470,9.5
2026-04-17 10:03:46 PM,KXWTAMATCH-26APR18KOSMAR-MAR,9,1891,8,5053,7,5073,6,6141,5,6360,10,3129,11,6560,12,8248,17,55,18,470,9.5
2026-04-17 10:03:51 PM,KXWTAMATCH-26APR18KOSMAR-MAR,9,1891,8,5053,7,5073,6,6141,5,6360,10,8129,11,6560,12,8248,17,55,18,470,9.5
2026-04-17 10:03:51 PM,KXWTAMATCH-26APR18KOSMAR-MAR,9,1891,8,5053,7,5073,6,6141,5,6360,10,8129,11,6560,12,3248,17,55,18,470,9.5
2026-04-17 10:05:06 PM,KXWTAMATCH-26APR18KOSMAR-MAR,9,1891,8,5053,7,5073,6,6141,5,6360,10,8029,11,6560,12,3248,17,55,18,470,9.5
2026-04-17 10:07:19 PM,KXWTAMATCH-26APR18KOSMAR-MAR,9,1891,8,5053,7,5073,6,6141,5,6360,10,8129,11,6560,12,3248,17,55,18,470,9.5
2026-04-17 10:10:15 PM,KXWTAMATCH-26APR18KOSMAR-MAR,9,1891,8,5053,7,5073,6,6141,5,6360,10,8128,11,6560,12,3248,17,55,18,470,9.5
2026-04-17 10:13:44 PM,KXWTAMATCH-26APR18KOSMAR-MAR,9,1891,8,5053,7,5073,6,6141,5,6360,10,8044,11,6560,12,3248,17,55,18,470,9.5
2026-04-17 10:13:44 PM,KXWTAMATCH-26APR18KOSMAR-MAR,9,1891,8,5053,7,5073,6,6141,5,6360,10,8035,11,6560,12,3248,17,55,18,470,9.5
2026-04-17 10:15:01 PM,KXWTAMATCH-26APR18KOSMAR-MAR,9,1891,8,5053,7,5073,6,6141,5,6360,10,8025,11,6560,12,3248,17,55,18,470,9.5
2026-04-17 10:15:02 PM,KXWTAMATCH-26APR18KOSMAR-MAR,9,1891,8,5053,7,5073,6,6141,5,6360,10,8145,11,6560,12,3248,17,55,18,470,9.5
2026-04-17 10:15:24 PM,KXWTAMATCH-26APR18KOSMAR-MAR,9,1891,8,5053,7,5073,6,6141,5,6360,10,8136,11,6560,12,3248,17,55,18,470,9.5
2026-04-17 10:16:54 PM,KXWTAMATCH-26APR18KOSMAR-MAR,9,1891,8,5053,7,5149,6,6141,5,6360,10,8136,11,6560,12,3248,17,55,18,470,9.5
2026-04-17 10:17:17 PM,KXWTAMATCH-26APR18KOSMAR-MAR,9,1891,8,5053,7,5149,6,6141,5,6360,10,8095,11,6560,12,3248,17,55,18,470,9.5
2026-04-17 10:17:19 PM,KXWTAMATCH-26APR18KOSMAR-MAR,9,1891,8,5053,7,5149,6,6141,5,6360,10,7995,11,6560,12,3248,17,55,18,470,9.5
2026-04-17 10:18:39 PM,KXWTAMATCH-26APR18KOSMAR-MAR,9,1891,8,5053,7,5149,6,6141,5,6360,10,7995,11,6565,12,3248,17,55,18,470,9.5
2026-04-17 10:18:39 PM,KXWTAMATCH-26APR18KOSMAR-MAR,9,1889,8,5053,7,5149,6,6141,5,6360,10,7995,11,6565,12,3248,17,55,18,470,9.5
2026-04-17 10:18:39 PM,KXWTAMATCH-26APR18KOSMAR-MAR,9,1889,8,5051,7,5149,6,6141,5,6360,10,7995,11,6565,12,3248,17,55,18,470,9.5
2026-04-17 10:19:30 PM,KXWTAMATCH-26APR18KOSMAR-MAR,9,1889,8,5051,7,5149,6,6141,5,6360,10,8095,11,6565,12,3248,17,55,18,470,9.5
2026-04-17 10:20:58 PM,KXWTAMATCH-26APR18KOSMAR-MAR,9,1889,8,5051,7,5149,6,6141,5,6360,10,8096,11,6565,12,3248,17,55,18,470,9.5
2026-04-17 10:21:31 PM,KXWTAMATCH-26APR18KOSMAR-MAR,9,1889,8,5051,7,5149,6,6141,5,6360,10,7995,11,6565,12,3248,17,55,18,470,9.5
2026-04-17 10:21:31 PM,KXWTAMATCH-26APR18KOSMAR-MAR,9,1914,8,5051,7,5149,6,6141,5,6360,10,7995,11,6565,12,3248,17,55,18,470,9.5
2026-04-17 10:25:09 PM,KXWTAMATCH-26APR18KOSMAR-MAR,9,1924,8,5051,7,5149,6,6141,5,6360,10,7995,11,6565,12,3248,17,55,18,470,9.5
2026-04-17 10:25:18 PM,KXWTAMATCH-26APR18KOSMAR-MAR,9,1924,8,5086,7,5149,6,6141,5,6360,10,7995,11,6565,12,3248,17,55,18,470,9.5
2026-04-17 10:27:19 PM,KXWTAMATCH-26APR18KOSMAR-MAR,9,1924,8,5051,7,5149,6,6141,5,6360,10,7995,11,6565,12,3248,17,55,18,470,9.5
2026-04-17 10:29:30 PM,KXWTAMATCH-26APR18KOSMAR-MAR,9,1924,8,5051,7,5149,6,6141,5,6360,10,7895,11,6565,12,3248,17,55,18,470,9.5
2026-04-17 10:30:58 PM,KXWTAMATCH-26APR18KOSMAR-MAR,9,1924,8,5051,7,5149,6,6141,5,6360,10,7894,11,6565,12,3248,17,55,18,470,9.5
2026-04-17 10:31:07 PM,KXWTAMATCH-26APR18KOSMAR-MAR,9,1924,8,5051,7,5149,6,6141,5,6360,10,7994,11,6565,12,3248,17,55,18,470,9.5
2026-04-17 10:31:23 PM,KXWTAMATCH-26APR18KOSMAR-MAR,9,1924,8,5051,7,5149,6,6141,5,5895,10,7994,11,6565,12,3248,17,55,18,470,9.5
2026-04-17 10:31:23 PM,KXWTAMATCH-26APR18KOSMAR-MAR,9,1924,8,5051,7,5149,6,6141,5,5895,10,7930,11,6565,12,3248,17,55,18,470,9.5
2026-04-17 10:31:23 PM,KXWTAMATCH-26APR18KOSMAR-MAR,9,1924,8,5051,7,5149,6,6141,5,5895,10,7887,11,6565,12,3248,17,55,18,470,9.5
2026-04-17 10:31:23 PM,KXWTAMATCH-26APR18KOSMAR-MAR,9,1924,8,5051,7,5149,6,6141,5,5895,10,7887,11,1565,12,3248,17,55,18,470,9.5
2026-04-17 10:31:23 PM,KXWTAMATCH-26APR18KOSMAR-MAR,9,1924,8,5051,7,5149,6,6141,5,5895,10,2887,11,1565,12,3248,17,55,18,470,9.5
2026-04-17 10:31:23 PM,KXWTAMATCH-26APR18KOSMAR-MAR,9,1924,8,5051,7,4884,6,6141,5,5895,10,2887,11,1565,12,3248,17,55,18,470,9.5
2026-04-17 10:31:23 PM,KXWTAMATCH-26APR18KOSMAR-MAR,9,1924,8,5051,7,4884,6,6141,5,5895,10,2887,11,4146,12,3248,17,55,18,470,9.5
2026-04-17 10:31:23 PM,KXWTAMATCH-26APR18KOSMAR-MAR,9,1924,8,5051,7,4884,6,6141,5,5895,10,249,11,4146,12,3248,17,55,18,470,9.5
2026-04-17 10:31:23 PM,KXWTAMATCH-26APR18KOSMAR-MAR,9,1924,8,5051,7,4884,6,6141,5,5895,10,249,11,4146,12,3248,17,5055,18,470,9.5
2026-04-17 10:31:23 PM,KXWTAMATCH-26APR18KOSMAR-MAR,9,1924,8,5051,7,4884,6,6141,5,5895,10,249,11,4146,12,3248,17,5055,18,5470,9.5
2026-04-17 10:31:23 PM,KXWTAMATCH-26APR18KOSMAR-MAR,9,1924,8,5418,7,4884,6,6141,5,5895,10,249,11,4146,12,3248,17,5055,18,5470,9.5
2026-04-17 10:31:23 PM,KXWTAMATCH-26APR18KOSMAR-MAR,9,1924,8,5418,7,4884,6,6141,5,5895,10,249,11,4255,12,3248,17,5055,18,5470,9.5
2026-04-17 10:31:23 PM,KXWTAMATCH-26APR18KOSMAR-MAR,9,1924,8,5418,7,4884,6,6141,5,5895,10,249,11,4255,12,3248,17,5055,18,470,9.5
2026-04-17 10:31:25 PM,KXWTAMATCH-26APR18KOSMAR-MAR,9,1924,8,5418,7,4084,6,6141,5,5895,10,249,11,4255,12,3248,17,5055,18,470,9.5
2026-04-17 10:31:25 PM,KXWTAMATCH-26APR18KOSMAR-MAR,9,1924,8,5005,7,4084,6,6141,5,5895,10,249,11,4255,12,3248,17,5055,18,470,9.5
2026-04-17 10:31:25 PM,KXWTAMATCH-26APR18KOSMAR-MAR,9,1924,8,5005,7,4084,6,6141,5,5895,10,249,11,4208,12,3248,17,5055,18,470,9.5
2026-04-17 10:31:25 PM,KXWTAMATCH-26APR18KOSMAR-MAR,9,1924,8,5005,7,4084,6,6141,5,5895,10,1157,11,4208,12,3248,17,5055,18,470,9.5
2026-04-17 10:31:25 PM,KXWTAMATCH-26APR18KOSMAR-MAR,9,1924,8,5005,7,4084,6,6141,5,5895,10,1157,11,4208,12,3248,17,55,18,470,9.5
2026-04-17 10:31:25 PM,KXWTAMATCH-26APR18KOSMAR-MAR,9,1924,8,5005,7,4084,6,6141,5,5895,10,1157,11,4111,12,3248,17,55,18,470,9.5
2026-04-17 10:31:26 PM,KXWTAMATCH-26APR18KOSMAR-MAR,9,1924,8,5478,7,4084,6,6141,5,5895,10,1157,11,4111,12,3248,17,55,18,470,9.5
2026-04-17 10:31:26 PM,KXWTAMATCH-26APR18KOSMAR-MAR,9,2008,8,5478,7,4084,6,6141,5,5895,10,1157,11,4111,12,3248,17,55,18,470,9.5
2026-04-17 10:31:32 PM,KXWTAMATCH-26APR18KOSMAR-MAR,9,2008,8,5455,7,4084,6,6141,5,5895,10,1157,11,4111,12,3248,17,55,18,470,9.5
2026-04-17 10:31:32 PM,KXWTAMATCH-26APR18KOSMAR-MAR,9,2008,8,5455,7,4008,6,6141,5,5895,10,1157,11,4111,12,3248,17,55,18,470,9.5
2026-04-17 10:31:32 PM,KXWTAMATCH-26APR18KOSMAR-MAR,9,2008,8,5455,7,3941,6,6141,5,5895,10,1157,11,4111,12,3248,17,55,18,470,9.5
2026-04-17 10:31:32 PM,KXWTAMATCH-26APR18KOSMAR-MAR,9,2008,8,5455,7,3941,6,6230,5,5895,10,1157,11,4111,12,3248,17,55,18,470,9.5
2026-04-17 10:31:32 PM,KXWTAMATCH-26APR18KOSMAR-MAR,9,2008,8,5455,7,3941,6,6230,5,5895,10,1157,11,4111,12,3340,17,55,18,470,9.5
2026-04-17 10:31:32 PM,KXWTAMATCH-26APR18KOSMAR-MAR,9,2008,8,5455,7,3941,6,6230,5,5895,10,1157,11,4111,12,3340,17,5055,18,470,9.5
2026-04-17 10:31:32 PM,KXWTAMATCH-26APR18KOSMAR-MAR,9,2008,8,5455,7,3941,6,6230,5,5895,10,1157,11,4111,12,3340,17,5055,18,5470,9.5
2026-04-17 10:31:32 PM,KXWTAMATCH-26APR18KOSMAR-MAR,9,2008,8,5455,7,3941,6,6230,5,5895,10,3745,11,4111,12,3340,17,5055,18,5470,9.5
2026-04-17 10:31:32 PM,KXWTAMATCH-26APR18KOSMAR-MAR,9,2008,8,5455,7,3941,6,6230,5,5895,10,3745,11,4111,12,3340,17,5055,18,470,9.5
2026-04-17 10:31:32 PM,KXWTAMATCH-26APR18KOSMAR-MAR,9,2008,8,5455,7,3941,6,6230,5,5895,10,3745,11,4020,12,3340,17,5055,18,470,9.5
2026-04-17 10:31:33 PM,KXWTAMATCH-26APR18KOSMAR-MAR,9,2008,8,5455,7,3941,6,6230,5,5895,10,3745,11,1439,12,3340,17,5055,18,470,9.5
2026-04-17 10:31:33 PM,KXWTAMATCH-26APR18KOSMAR-MAR,9,2008,8,5455,7,3941,6,6230,5,5895,10,1157,11,1439,12,3340,17,5055,18,470,9.5
2026-04-17 10:31:44 PM,KXWTAMATCH-26APR18KOSMAR-MAR,9,2008,8,5455,7,3941,6,6230,5,5895,10,1157,11,4027,12,3340,17,5055,18,470,9.5
2026-04-17 10:31:44 PM,KXWTAMATCH-26APR18KOSMAR-MAR,9,2008,8,5455,7,3941,6,6230,5,5895,10,1157,11,4027,12,3340,16,5000,17,5055,9.5
2026-04-17 10:32:02 PM,KXWTAMATCH-26APR18KOSMAR-MAR,9,2008,8,5455,7,3941,6,6230,5,5895,10,1157,11,4027,12,3340,16,5000,17,55,9.5
2026-04-17 10:32:02 PM,KXWTAMATCH-26APR18KOSMAR-MAR,9,2008,8,5455,7,3941,6,6230,5,5895,10,1157,11,4027,12,3340,15,5000,16,5000,9.5
2026-04-17 10:32:24 PM,KXWTAMATCH-26APR18KOSMAR-MAR,9,2008,8,5455,7,1303,6,6230,5,5895,10,1157,11,4027,12,3340,15,5000,16,5000,9.5
2026-04-17 10:32:24 PM,KXWTAMATCH-26APR18KOSMAR-MAR,9,2008,8,5455,7,1303,6,6230,5,5895,10,1157,11,4027,12,3340,15,5000,17,55,9.5
2026-04-17 10:32:24 PM,KXWTAMATCH-26APR18KOSMAR-MAR,9,2008,8,5455,7,1303,6,6230,5,5895,10,1157,11,4027,12,3340,14,5000,15,5000,9.5
2026-04-17 10:32:32 PM,KXWTAMATCH-26APR18KOSMAR-MAR,9,2008,8,5455,7,1303,6,6230,5,5895,10,1157,11,4027,12,3340,13,5000,14,5000,9.5
2026-04-17 10:32:33 PM,KXWTAMATCH-26APR18KOSMAR-MAR,9,2008,8,5455,7,1303,6,6230,5,5895,10,1157,11,4027,12,3340,13,5000,17,55,9.5
2026-04-17 10:32:33 PM,KXWTAMATCH-26APR18KOSMAR-MAR,9,2008,8,5455,7,3891,6,6230,5,5895,10,1157,11,4027,12,3340,13,5000,17,55,9.5
2026-04-17 10:32:44 PM,KXWTAMATCH-26APR18KOSMAR-MAR,9,2008,8,5455,7,3891,6,6230,5,5895,10,1157,11,1439,12,3340,13,5000,17,55,9.5
2026-04-17 10:32:44 PM,KXWTAMATCH-26APR18KOSMAR-MAR,9,2008,8,5455,7,3891,6,6230,5,5895,10,1157,11,1439,12,8340,13,5000,17,55,9.5
2026-04-17 10:32:45 PM,KXWTAMATCH-26APR18KOSMAR-MAR,9,2008,8,5455,7,3891,6,6230,5,5895,10,1157,11,4027,12,8340,13,5000,17,55,9.5
2026-04-17 10:33:27 PM,KXWTAMATCH-26APR18KOSMAR-MAR,9,2008,8,8043,7,3891,6,6230,5,5895,10,1157,11,4027,12,8340,13,5000,17,55,9.5
2026-04-17 10:33:28 PM,KXWTAMATCH-26APR18KOSMAR-MAR,9,2008,8,8043,7,1303,6,6230,5,5895,10,1157,11,4027,12,8340,13,5000,17,55,9.5
2026-04-17 10:35:41 PM,KXWTAMATCH-26APR18KOSMAR-MAR,9,2008,8,8043,7,3891,6,6230,5,5895,10,1157,11,4027,12,8340,13,5000,17,55,9.5
2026-04-17 10:35:41 PM,KXWTAMATCH-26APR18KOSMAR-MAR,9,2008,8,8043,7,3891,6,6230,5,5895,10,3745,11,4027,12,8340,13,5000,17,55,9.5
2026-04-17 10:35:41 PM,KXWTAMATCH-26APR18KOSMAR-MAR,9,2008,8,5455,7,3891,6,6230,5,5895,10,3745,11,4027,12,8340,13,5000,17,55,9.5
2026-04-17 10:35:41 PM,KXWTAMATCH-26APR18KOSMAR-MAR,9,2008,8,5455,7,3891,6,6230,5,5895,10,3745,11,1439,12,8340,13,5000,17,55,9.5
2026-04-17 10:35:45 PM,KXWTAMATCH-26APR18KOSMAR-MAR,9,2008,8,5455,7,3891,6,6230,5,5895,10,1157,11,1439,12,8340,13,5000,17,55,9.5
2026-04-17 10:35:57 PM,KXWTAMATCH-26APR18KOSMAR-MAR,9,2008,8,5455,7,3891,6,6230,5,5895,10,1157,11,4027,12,8340,13,5000,17,55,9.5
2026-04-17 10:36:57 PM,KXWTAMATCH-26APR18KOSMAR-MAR,9,1987,8,5455,7,3891,6,6230,5,5895,10,1157,11,4027,12,8340,13,5000,17,55,9.5
2026-04-17 10:36:57 PM,KXWTAMATCH-26APR18KOSMAR-MAR,9,1987,8,5455,7,3891,6,6230,5,5895,10,1157,11,4048,12,8340,13,5000,17,55,9.5
2026-04-17 10:37:21 PM,KXWTAMATCH-26APR18KOSMAR-MAR,9,1987,8,8043,7,3891,6,6230,5,5895,10,1157,11,4048,12,8340,13,5000,17,55,9.5
2026-04-17 10:37:21 PM,KXWTAMATCH-26APR18KOSMAR-MAR,9,1987,8,8043,7,3891,6,6230,5,5895,10,3745,11,4048,12,8340,13,5000,17,55,9.5
2026-04-17 10:37:21 PM,KXWTAMATCH-26APR18KOSMAR-MAR,9,1987,8,5455,7,3891,6,6230,5,5895,10,3745,11,4048,12,8340,13,5000,17,55,9.5
2026-04-17 10:37:21 PM,KXWTAMATCH-26APR18KOSMAR-MAR,9,1987,8,5455,7,3891,6,6230,5,5895,10,1157,11,4048,12,8340,13,5000,17,55,9.5
2026-04-17 10:37:22 PM,KXWTAMATCH-26APR18KOSMAR-MAR,9,1987,8,5455,7,1303,6,6230,5,5895,10,1157,11,4048,12,8340,13,5000,17,55,9.5
2026-04-17 10:37:48 PM,KXWTAMATCH-26APR18KOSMAR-MAR,9,1987,8,5455,7,3891,6,6230,5,5895,10,1157,11,4048,12,8340,13,5000,17,55,9.5
2026-04-17 10:38:57 PM,KXWTAMATCH-26APR18KOSMAR-MAR,9,1987,8,5455,7,3891,6,6230,5,5895,10,1157,11,4050,12,8340,13,5000,17,55,9.5
2026-04-17 10:38:58 PM,KXWTAMATCH-26APR18KOSMAR-MAR,9,1986,8,5455,7,3891,6,6230,5,5895,10,1157,11,4050,12,8340,13,5000,17,55,9.5
2026-04-17 10:38:58 PM,KXWTAMATCH-26APR18KOSMAR-MAR,9,1986,8,5454,7,3891,6,6230,5,5895,10,1157,11,4050,12,8340,13,5000,17,55,9.5
2026-04-17 10:40:30 PM,KXWTAMATCH-26APR18KOSMAR-MAR,9,1986,8,5454,7,3891,6,6230,5,5895,10,1132,11,4050,12,8340,13,5000,17,55,9.5
2026-04-17 10:40:30 PM,KXWTAMATCH-26APR18KOSMAR-MAR,9,1986,8,5454,7,3891,6,6230,5,5895,10,1012,11,4050,12,8340,13,5000,17,55,9.5
2026-04-17 10:40:30 PM,KXWTAMATCH-26APR18KOSMAR-MAR,9,1986,8,5454,7,3891,6,6230,5,5895,10,912,11,4050,12,8340,13,5000,17,55,9.5
2026-04-17 10:40:30 PM,KXWTAMATCH-26APR18KOSMAR-MAR,9,1986,8,5454,7,3891,6,6230,5,5895,10,741,11,4050,12,8340,13,5000,17,55,9.5
2026-04-17 10:40:30 PM,KXWTAMATCH-26APR18KOSMAR-MAR,9,1986,8,5454,7,3891,6,6230,5,5895,10,766,11,4050,12,8340,13,5000,17,55,9.5
2026-04-17 10:40:42 PM,KXWTAMATCH-26APR18KOSMAR-MAR,9,1986,8,5454,7,3891,6,6230,5,5895,10,3354,11,4050,12,8340,13,5000,17,55,9.5
2026-04-17 10:40:43 PM,KXWTAMATCH-26APR18KOSMAR-MAR,9,1986,8,5454,7,3891,6,6230,5,5895,10,3354,11,1462,12,8340,13,5000,17,55,9.5
2026-04-17 10:40:47 PM,KXWTAMATCH-26APR18KOSMAR-MAR,9,1986,8,5454,7,3891,6,6230,5,5895,10,766,11,1462,12,8340,13,5000,17,55,9.5
2026-04-17 10:40:59 PM,KXWTAMATCH-26APR18KOSMAR-MAR,9,1986,8,5454,7,3891,6,6230,5,5895,10,766,11,4050,12,8340,13,5000,17,55,9.5
2026-04-17 10:40:59 PM,KXWTAMATCH-26APR18KOSMAR-MAR,9,1986,8,5454,7,1303,6,6230,5,5895,10,766,11,4050,12,8340,13,5000,17,55,9.5
2026-04-17 10:40:59 PM,KXWTAMATCH-26APR18KOSMAR-MAR,9,1986,8,5454,7,3891,6,6230,5,5895,10,766,11,4050,12,8340,13,5000,17,55,9.5
2026-04-17 10:41:55 PM,KXWTAMATCH-26APR18KOSMAR-MAR,9,1986,8,8042,7,3891,6,6230,5,5895,10,766,11,4050,12,8340,13,5000,17,55,9.5
2026-04-17 10:41:55 PM,KXWTAMATCH-26APR18KOSMAR-MAR,9,1986,8,8042,7,1303,6,6230,5,5895,10,766,11,4050,12,8340,13,5000,17,55,9.5
2026-04-17 10:42:00 PM,KXWTAMATCH-26APR18KOSMAR-MAR,9,1986,8,5454,7,1303,6,6230,5,5895,10,766,11,4050,12,8340,13,5000,17,55,9.5
2026-04-17 10:42:08 PM,KXWTAMATCH-26APR18KOSMAR-MAR,9,1986,8,5454,7,3891,6,6230,5,5895,10,766,11,4050,12,8340,13,5000,17,55,9.5
2026-04-17 10:42:21 PM,KXWTAMATCH-26APR18KOSMAR-MAR,9,1986,8,8042,7,3891,6,6230,5,5895,10,766,11,4050,12,8340,13,5000,17,55,9.5
2026-04-17 10:42:21 PM,KXWTAMATCH-26APR18KOSMAR-MAR,9,1986,8,8042,7,3891,6,6230,5,5895,10,3354,11,4050,12,8340,13,5000,17,55,9.5
2026-04-17 10:42:21 PM,KXWTAMATCH-26APR18KOSMAR-MAR,9,1986,8,5454,7,3891,6,6230,5,5895,10,3354,11,4050,12,8340,13,5000,17,55,9.5
2026-04-17 10:42:21 PM,KXWTAMATCH-26APR18KOSMAR-MAR,9,1986,8,5454,7,3891,6,6230,5,5895,10,766,11,4050,12,8340,13,5000,17,55,9.5
2026-04-17 10:42:22 PM,KXWTAMATCH-26APR18KOSMAR-MAR,9,1986,8,5454,7,1303,6,6230,5,5895,10,766,11,4050,12,8340,13,5000,17,55,9.5
2026-04-17 10:42:46 PM,KXWTAMATCH-26APR18KOSMAR-MAR,9,1986,8,5454,7,1303,6,6230,5,5895,10,767,11,4050,12,8340,13,5000,17,55,9.5
2026-04-17 10:44:01 PM,KXWTAMATCH-26APR18KOSMAR-MAR,9,1986,8,5454,7,3891,6,6230,5,5895,10,767,11,4050,12,8340,13,5000,17,55,9.5
2026-04-17 10:44:02 PM,KXWTAMATCH-26APR18KOSMAR-MAR,9,1986,8,5454,7,3891,6,6230,5,5895,10,3355,11,4050,12,8340,13,5000,17,55,9.5
2026-04-17 10:44:02 PM,KXWTAMATCH-26APR18KOSMAR-MAR,9,1986,8,5454,7,3891,6,6230,5,5895,10,3355,11,1462,12,8340,13,5000,17,55,9.5
2026-04-17 10:44:12 PM,KXWTAMATCH-26APR18KOSMAR-MAR,9,1986,8,5454,7,3891,6,6230,5,5895,10,3355,11,4050,12,8340,13,5000,17,55,9.5
2026-04-17 10:44:12 PM,KXWTAMATCH-26APR18KOSMAR-MAR,9,1986,8,5454,7,3891,6,6230,5,5895,10,767,11,4050,12,8340,13,5000,17,55,9.5
2026-04-17 10:45:58 PM,KXWTAMATCH-26APR18KOSMAR-MAR,9,1986,8,5454,7,1303,6,6230,5,5895,10,767,11,4050,12,8340,13,5000,17,55,9.5
2026-04-17 10:45:58 PM,KXWTAMATCH-26APR18KOSMAR-MAR,9,1986,8,5454,7,1303,6,6230,5,5895,10,3355,11,4050,12,8340,13,5000,17,55,9.5
2026-04-17 10:45:58 PM,KXWTAMATCH-26APR18KOSMAR-MAR,9,1986,8,5454,7,3891,6,6230,5,5895,10,3355,11,4050,12,8340,13,5000,17,55,9.5
2026-04-17 10:45:58 PM,KXWTAMATCH-26APR18KOSMAR-MAR,9,1986,8,5454,7,3891,6,6230,5,5895,10,767,11,4050,12,8340,13,5000,17,55,9.5
2026-04-17 10:46:00 PM,KXWTAMATCH-26APR18KOSMAR-MAR,9,1986,8,5454,7,3891,6,6230,5,5895,10,767,11,1462,12,8340,13,5000,17,55,9.5
2026-04-17 10:46:08 PM,KXWTAMATCH-26APR18KOSMAR-MAR,9,1986,8,5454,7,3891,6,6230,5,5895,10,767,11,4050,12,8340,13,5000,17,55,9.5
2026-04-17 10:46:09 PM,KXWTAMATCH-26APR18KOSMAR-MAR,9,1986,8,5454,7,3891,6,6230,5,5895,10,767,11,1462,12,8340,13,5000,17,55,9.5
2026-04-17 10:46:09 PM,KXWTAMATCH-26APR18KOSMAR-MAR,9,1986,8,5489,7,3891,6,6230,5,5895,10,767,11,1462,12,8340,13,5000,17,55,9.5
2026-04-17 10:46:16 PM,KXWTAMATCH-26APR18KOSMAR-MAR,9,1986,8,5489,7,3891,6,6230,5,5895,10,767,11,4050,12,8340,13,5000,17,55,9.5
2026-04-17 10:46:18 PM,KXWTAMATCH-26APR18KOSMAR-MAR,9,1986,8,5489,7,3891,6,6230,5,5895,10,767,11,1462,12,8340,13,5000,17,55,9.5
2026-04-17 10:46:25 PM,KXWTAMATCH-26APR18KOSMAR-MAR,9,1986,8,5489,7,3891,6,6230,5,5895,10,767,11,4050,12,8340,13,5000,17,55,9.5
2026-04-17 10:46:27 PM,KXWTAMATCH-26APR18KOSMAR-MAR,9,1986,8,5489,7,3891,6,6230,5,5895,10,767,11,1462,12,8340,13,5000,17,55,9.5
2026-04-17 10:46:35 PM,KXWTAMATCH-26APR18KOSMAR-MAR,9,1986,8,5489,7,3891,6,6230,5,5895,10,767,11,4050,12,8340,13,5000,17,55,9.5
2026-04-17 10:46:37 PM,KXWTAMATCH-26APR18KOSMAR-MAR,9,1986,8,5489,7,3891,6,6230,5,5895,10,767,11,1462,12,8340,13,5000,17,55,9.5
2026-04-17 10:46:43 PM,KXWTAMATCH-26APR18KOSMAR-MAR,9,1986,8,5489,7,3891,6,6230,5,5895,10,767,11,4050,12,8340,13,5000,17,55,9.5
2026-04-17 10:46:45 PM,KXWTAMATCH-26APR18KOSMAR-MAR,9,1986,8,5489,7,3891,6,6230,5,5895,10,767,11,1462,12,8340,13,5000,17,55,9.5
2026-04-17 10:46:52 PM,KXWTAMATCH-26APR18KOSMAR-MAR,9,1986,8,5489,7,3891,6,6230,5,5895,10,767,11,4050,12,8340,13,5000,17,55,9.5
2026-04-17 10:46:54 PM,KXWTAMATCH-26APR18KOSMAR-MAR,9,1986,8,5489,7,3891,6,6230,5,5895,10,767,11,1462,12,8340,13,5000,17,55,9.5
2026-04-17 10:47:01 PM,KXWTAMATCH-26APR18KOSMAR-MAR,9,1986,8,5489,7,3891,6,6230,5,5895,10,767,11,4050,12,8340,13,5000,17,55,9.5
2026-04-17 10:47:21 PM,KXWTAMATCH-26APR18KOSMAR-MAR,9,1986,8,5489,7,3891,6,6230,5,5895,10,767,11,1462,12,8340,13,5000,17,55,9.5
2026-04-17 10:47:21 PM,KXWTAMATCH-26APR18KOSMAR-MAR,9,1986,8,5489,7,3891,6,6230,5,5895,10,767,11,4050,12,8340,13,5000,17,55,9.5
2026-04-17 10:47:23 PM,KXWTAMATCH-26APR18KOSMAR-MAR,9,1986,8,5489,7,1303,6,6230,5,5895,10,767,11,4050,12,8340,13,5000,17,55,9.5
2026-04-17 10:47:23 PM,KXWTAMATCH-26APR18KOSMAR-MAR,9,1986,8,5489,7,1303,6,6230,5,5895,10,767,11,1462,12,8340,13,5000,17,55,9.5
2026-04-17 10:47:23 PM,KXWTAMATCH-26APR18KOSMAR-MAR,9,1986,8,5489,7,3891,6,6230,5,5895,10,767,11,1462,12,8340,13,5000,17,55,9.5
2026-04-17 10:47:30 PM,KXWTAMATCH-26APR18KOSMAR-MAR,9,1986,8,5489,7,3891,6,6230,5,5895,10,767,11,4050,12,8340,13,5000,17,55,9.5
2026-04-17 10:47:31 PM,KXWTAMATCH-26APR18KOSMAR-MAR,9,1986,8,5489,7,1303,6,6230,5,5895,10,767,11,4050,12,8340,13,5000,17,55,9.5
2026-04-17 10:47:31 PM,KXWTAMATCH-26APR18KOSMAR-MAR,9,1986,8,5489,7,3891,6,6230,5,5895,10,767,11,4050,12,8340,13,5000,17,55,9.5
2026-04-17 10:47:31 PM,KXWTAMATCH-26APR18KOSMAR-MAR,9,1986,8,5489,7,3891,6,6230,5,5895,10,767,11,1462,12,8340,13,5000,17,55,9.5
2026-04-17 10:47:39 PM,KXWTAMATCH-26APR18KOSMAR-MAR,9,1986,8,5489,7,3891,6,6230,5,5895,10,767,11,4050,12,8340,13,5000,17,55,9.5
2026-04-17 10:47:40 PM,KXWTAMATCH-26APR18KOSMAR-MAR,9,1986,8,5489,7,1303,6,6230,5,5895,10,767,11,4050,12,8340,13,5000,17,55,9.5
2026-04-17 10:47:42 PM,KXWTAMATCH-26APR18KOSMAR-MAR,9,1986,8,5489,7,3891,6,6230,5,5895,10,767,11,4050,12,8340,13,5000,17,55,9.5
2026-04-17 10:47:42 PM,KXWTAMATCH-26APR18KOSMAR-MAR,9,1986,8,5489,7,3891,6,6230,5,5895,10,767,11,1462,12,8340,13,5000,17,55,9.5
2026-04-17 10:47:46 PM,KXWTAMATCH-26APR18KOSMAR-MAR,9,1986,8,5454,7,3891,6,6230,5,5895,10,767,11,1462,12,8340,13,5000,17,55,9.5
2026-04-17 10:47:47 PM,KXWTAMATCH-26APR18KOSMAR-MAR,9,1986,8,5454,7,3891,6,6230,5,5895,10,767,11,4050,12,8340,13,5000,17,55,9.5
2026-04-17 10:47:48 PM,KXWTAMATCH-26APR18KOSMAR-MAR,9,1986,8,5454,7,1303,6,6230,5,5895,10,767,11,4050,12,8340,13,5000,17,55,9.5
2026-04-17 10:47:50 PM,KXWTAMATCH-26APR18KOSMAR-MAR,9,1986,8,5454,7,3891,6,6230,5,5895,10,767,11,4050,12,8340,13,5000,17,55,9.5
2026-04-17 10:47:50 PM,KXWTAMATCH-26APR18KOSMAR-MAR,9,1986,8,5454,7,3891,6,6230,5,5895,10,767,11,1462,12,8340,13,5000,17,55,9.5
2026-04-17 10:47:55 PM,KXWTAMATCH-26APR18KOSMAR-MAR,9,1986,8,5454,7,3891,6,6230,5,5895,10,767,11,4050,12,8340,13,5000,17,55,9.5
2026-04-17 10:47:58 PM,KXWTAMATCH-26APR18KOSMAR-MAR,9,1986,8,5454,7,1303,6,6230,5,5895,10,767,11,4050,12,8340,13,5000,17,55,9.5
2026-04-17 10:47:58 PM,KXWTAMATCH-26APR18KOSMAR-MAR,9,1986,8,5454,7,1303,6,6230,5,5895,10,767,11,1462,12,8340,13,5000,17,55,9.5
2026-04-17 10:47:58 PM,KXWTAMATCH-26APR18KOSMAR-MAR,9,1986,8,5454,7,3891,6,6230,5,5895,10,767,11,1462,12,8340,13,5000,17,55,9.5
2026-04-17 10:48:04 PM,KXWTAMATCH-26APR18KOSMAR-MAR,9,1986,8,5454,7,3891,6,6230,5,5895,10,767,11,4050,12,8340,13,5000,17,55,9.5
2026-04-17 10:48:07 PM,KXWTAMATCH-26APR18KOSMAR-MAR,9,1986,8,5454,7,1303,6,6230,5,5895,10,767,11,4050,12,8340,13,5000,17,55,9.5
2026-04-17 10:48:07 PM,KXWTAMATCH-26APR18KOSMAR-MAR,9,1986,8,5454,7,1303,6,6230,5,5895,10,767,11,1462,12,8340,13,5000,17,55,9.5
2026-04-17 10:48:07 PM,KXWTAMATCH-26APR18KOSMAR-MAR,9,1986,8,5454,7,3891,6,6230,5,5895,10,767,11,1462,12,8340,13,5000,17,55,9.5
2026-04-17 10:48:13 PM,KXWTAMATCH-26APR18KOSMAR-MAR,9,1986,8,5454,7,3891,6,6230,5,5895,10,767,11,4050,12,8340,13,5000,17,55,9.5
2026-04-17 10:48:15 PM,KXWTAMATCH-26APR18KOSMAR-MAR,9,1986,8,5454,7,1303,6,6230,5,5895,10,767,11,4050,12,8340,13,5000,17,55,9.5
2026-04-17 10:48:17 PM,KXWTAMATCH-26APR18KOSMAR-MAR,9,1986,8,5454,7,3891,6,6230,5,5895,10,767,11,4050,12,8340,13,5000,17,55,9.5
2026-04-17 10:48:17 PM,KXWTAMATCH-26APR18KOSMAR-MAR,9,1986,8,5454,7,3891,6,6230,5,5895,10,767,11,1462,12,8340,13,5000,17,55,9.5
2026-04-17 10:48:21 PM,KXWTAMATCH-26APR18KOSMAR-MAR,9,1986,8,5454,7,3891,6,6230,5,5895,10,767,11,4050,12,8340,13,5000,17,55,9.5
2026-04-17 10:48:24 PM,KXWTAMATCH-26APR18KOSMAR-MAR,9,1986,8,5454,7,1303,6,6230,5,5895,10,767,11,4050,12,8340,13,5000,17,55,9.5
2026-04-17 10:48:24 PM,KXWTAMATCH-26APR18KOSMAR-MAR,9,1986,8,5454,7,1303,6,6230,5,5895,10,767,11,1462,12,8340,13,5000,17,55,9.5
2026-04-17 10:48:25 PM,KXWTAMATCH-26APR18KOSMAR-MAR,9,1986,8,5454,7,3891,6,6230,5,5895,10,767,11,1462,12,8340,13,5000,17,55,9.5
2026-04-17 10:48:29 PM,KXWTAMATCH-26APR18KOSMAR-MAR,9,1986,8,5454,7,3891,6,6230,5,5895,10,767,11,4050,12,8340,13,5000,17,55,9.5
2026-04-17 10:48:33 PM,KXWTAMATCH-26APR18KOSMAR-MAR,9,1986,8,5454,7,1303,6,6230,5,5895,10,767,11,4050,12,8340,13,5000,17,55,9.5
2026-04-17 10:48:33 PM,KXWTAMATCH-26APR18KOSMAR-MAR,9,1986,8,5454,7,1303,6,6230,5,5895,10,767,11,1462,12,8340,13,5000,17,55,9.5
2026-04-17 10:48:33 PM,KXWTAMATCH-26APR18KOSMAR-MAR,9,1986,8,5454,7,3891,6,6230,5,5895,10,767,11,1462,12,8340,13,5000,17,55,9.5
2026-04-17 10:48:37 PM,KXWTAMATCH-26APR18KOSMAR-MAR,9,1986,8,5454,7,3891,6,6230,5,5895,10,767,11,4050,12,8340,13,5000,17,55,9.5
2026-04-17 10:48:42 PM,KXWTAMATCH-26APR18KOSMAR-MAR,9,1986,8,5454,7,1303,6,6230,5,5895,10,767,11,4050,12,8340,13,5000,17,55,9.5
2026-04-17 10:48:42 PM,KXWTAMATCH-26APR18KOSMAR-MAR,9,1986,8,5454,7,1303,6,6230,5,5895,10,767,11,1462,12,8340,13,5000,17,55,9.5
2026-04-17 10:48:42 PM,KXWTAMATCH-26APR18KOSMAR-MAR,9,1986,8,5454,7,3891,6,6230,5,5895,10,767,11,1462,12,8340,13,5000,17,55,9.5
2026-04-17 10:48:45 PM,KXWTAMATCH-26APR18KOSMAR-MAR,9,1986,8,5454,7,3891,6,6230,5,5895,10,767,11,4050,12,8340,13,5000,17,55,9.5
2026-04-17 10:48:51 PM,KXWTAMATCH-26APR18KOSMAR-MAR,9,1986,8,5454,7,1303,6,6230,5,5895,10,767,11,4050,12,8340,13,5000,17,55,9.5
2026-04-17 10:48:51 PM,KXWTAMATCH-26APR18KOSMAR-MAR,9,1986,8,5454,7,1303,6,6230,5,5895,10,767,11,1462,12,8340,13,5000,17,55,9.5
2026-04-17 10:48:51 PM,KXWTAMATCH-26APR18KOSMAR-MAR,9,1986,8,5454,7,3891,6,6230,5,5895,10,767,11,1462,12,8340,13,5000,17,55,9.5
2026-04-17 10:48:54 PM,KXWTAMATCH-26APR18KOSMAR-MAR,9,1986,8,5454,7,3891,6,6230,5,5895,10,767,11,4050,12,8340,13,5000,17,55,9.5
2026-04-17 10:48:59 PM,KXWTAMATCH-26APR18KOSMAR-MAR,9,1986,8,5454,7,1303,6,6230,5,5895,10,767,11,4050,12,8340,13,5000,17,55,9.5
2026-04-17 10:48:59 PM,KXWTAMATCH-26APR18KOSMAR-MAR,9,1986,8,5454,7,1303,6,6230,5,5895,10,767,11,1462,12,8340,13,5000,17,55,9.5
2026-04-17 10:48:59 PM,KXWTAMATCH-26APR18KOSMAR-MAR,9,1986,8,5454,7,3891,6,6230,5,5895,10,767,11,1462,12,8340,13,5000,17,55,9.5
2026-04-17 10:49:01 PM,KXWTAMATCH-26APR18KOSMAR-MAR,9,1986,8,5454,7,1303,6,6230,5,5895,10,767,11,1462,12,8340,13,5000,17,55,9.5
2026-04-17 10:49:03 PM,KXWTAMATCH-26APR18KOSMAR-MAR,9,1986,8,5454,7,1303,6,6230,5,5895,10,3355,11,1462,12,8340,13,5000,17,55,9.5
2026-04-17 10:49:08 PM,KXWTAMATCH-26APR18KOSMAR-MAR,9,1986,8,5454,7,3891,6,6230,5,5895,10,3355,11,1462,12,8340,13,5000,17,55,9.5
2026-04-17 10:49:08 PM,KXWTAMATCH-26APR18KOSMAR-MAR,9,1986,8,5454,7,3891,6,6230,5,5895,10,767,11,1462,12,8340,13,5000,17,55,9.5
2026-04-17 10:50:06 PM,KXWTAMATCH-26APR18KOSMAR-MAR,9,1986,8,5454,7,3891,6,6230,5,5895,10,767,11,4050,12,8340,13,5000,17,55,9.5
2026-04-17 10:50:58 PM,KXWTAMATCH-26APR18KOSMAR-MAR,9,1986,8,5454,7,3891,6,6286,5,5895,10,767,11,4050,12,8340,13,5000,17,55,9.5
2026-04-17 10:50:58 PM,KXWTAMATCH-26APR18KOSMAR-MAR,9,1986,8,5454,7,3891,6,6197,5,5895,10,767,11,4050,12,8340,13,5000,17,55,9.5
2026-04-17 10:50:58 PM,KXWTAMATCH-26APR18KOSMAR-MAR,9,1986,8,5454,7,3891,6,6197,5,5895,10,3355,11,4050,12,8340,13,5000,17,55,9.5
2026-04-17 10:50:58 PM,KXWTAMATCH-26APR18KOSMAR-MAR,9,1986,8,5454,7,3891,6,6197,5,5895,10,3355,11,1462,12,8340,13,5000,17,55,9.5
2026-04-17 10:51:39 PM,KXWTAMATCH-26APR18KOSMAR-MAR,9,1986,8,5454,7,3939,6,6197,5,5895,10,3355,11,1462,12,8340,13,5000,17,55,9.5
2026-04-17 10:51:39 PM,KXWTAMATCH-26APR18KOSMAR-MAR,9,1986,8,5454,7,3939,6,6141,5,5895,10,3355,11,1462,12,8340,13,5000,17,55,9.5
2026-04-17 10:51:59 PM,KXWTAMATCH-26APR18KOSMAR-MAR,9,1986,8,5454,7,3939,6,6141,5,5895,10,767,11,1462,12,8340,13,5000,17,55,9.5
2026-04-17 10:52:00 PM,KXWTAMATCH-26APR18KOSMAR-MAR,9,1986,8,5454,7,3939,6,6141,5,5895,10,767,11,4050,12,8340,13,5000,17,55,9.5
2026-04-17 10:52:28 PM,KXWTAMATCH-26APR18KOSMAR-MAR,9,1986,8,5454,7,3939,6,6141,5,5895,10,3355,11,4050,12,8340,13,5000,17,55,9.5
2026-04-17 10:52:29 PM,KXWTAMATCH-26APR18KOSMAR-MAR,9,1986,8,5454,7,3939,6,6141,5,5895,10,3355,11,1462,12,8340,13,5000,17,55,9.5
2026-04-17 10:52:46 PM,KXWTAMATCH-26APR18KOSMAR-MAR,9,1986,8,5454,7,3939,6,6141,5,5895,10,3354,11,1462,12,8340,13,5000,17,55,9.5
2026-04-17 10:55:09 PM,KXWTAMATCH-26APR18KOSMAR-MAR,9,1986,8,5454,7,3939,6,6141,5,5895,10,3254,11,1462,12,8340,13,5000,17,55,9.5
2026-04-17 10:55:09 PM,KXWTAMATCH-26APR18KOSMAR-MAR,9,1986,8,5454,7,3939,6,6141,5,5895,10,3374,11,1462,12,8340,13,5000,17,55,9.5
2026-04-17 10:55:58 PM,KXWTAMATCH-26APR18KOSMAR-MAR,9,1986,8,5454,7,3939,6,6141,5,5895,10,3374,11,6462,12,8340,13,5000,17,55,9.5
2026-04-17 10:55:58 PM,KXWTAMATCH-26APR18KOSMAR-MAR,9,1986,8,5454,7,3939,6,6141,5,5895,10,3374,11,6462,12,8340,17,55,18,470,9.5
2026-04-17 10:55:58 PM,KXWTAMATCH-26APR18KOSMAR-MAR,9,1986,8,5454,7,3939,6,6141,5,5895,10,3374,11,1462,12,8340,17,55,18,470,9.5
2026-04-17 10:55:58 PM,KXWTAMATCH-26APR18KOSMAR-MAR,9,1986,8,5454,7,3939,6,6141,5,5895,10,3374,11,1462,12,3340,17,55,18,470,9.5
2026-04-17 10:55:58 PM,KXWTAMATCH-26APR18KOSMAR-MAR,9,1986,8,5454,7,3939,6,6141,5,5895,10,4844,11,1462,12,3340,17,55,18,470,9.5
2026-04-17 10:56:37 PM,KXWTAMATCH-26APR18KOSMAR-MAR,9,1986,8,5454,7,3939,6,6141,5,5895,10,4428,11,1462,12,3340,17,55,18,470,9.5
2026-04-17 10:56:37 PM,KXWTAMATCH-26APR18KOSMAR-MAR,9,1986,8,5454,7,3939,6,6141,5,5895,10,4208,11,1462,12,3340,17,55,18,470,9.5
2026-04-17 10:56:37 PM,KXWTAMATCH-26APR18KOSMAR-MAR,9,1986,8,5454,7,3939,6,6141,5,6285,10,4208,11,1462,12,3340,17,55,18,470,9.5
2026-04-17 10:56:37 PM,KXWTAMATCH-26APR18KOSMAR-MAR,9,1986,8,5454,7,3939,6,6141,5,6285,10,4208,11,1462,12,3340,17,5055,18,470,9.5
2026-04-17 10:56:37 PM,KXWTAMATCH-26APR18KOSMAR-MAR,9,1986,8,5454,7,3939,6,6141,5,6285,10,4208,11,1462,12,3340,17,5055,18,5470,9.5
2026-04-17 10:56:37 PM,KXWTAMATCH-26APR18KOSMAR-MAR,9,1986,8,5454,7,3939,6,6141,5,6285,10,4208,11,1462,12,3340,17,5055,18,470,9.5
2026-04-17 10:56:37 PM,KXWTAMATCH-26APR18KOSMAR-MAR,9,1986,8,5454,7,3939,6,6141,5,6285,10,4208,11,1462,12,3340,17,5055,18,988,9.5
2026-04-17 10:57:25 PM,KXWTAMATCH-26APR18KOSMAR-MAR,9,1986,8,5454,7,3939,6,6141,5,6285,10,4183,11,1462,12,3340,17,5055,18,988,9.5
2026-04-17 10:57:25 PM,KXWTAMATCH-26APR18KOSMAR-MAR,9,1986,8,5454,7,3939,6,6141,5,6285,10,4161,11,1462,12,3340,17,5055,18,988,9.5
2026-04-17 10:57:25 PM,KXWTAMATCH-26APR18KOSMAR-MAR,9,2004,8,5454,7,3939,6,6141,5,6285,10,4161,11,1462,12,3340,17,5055,18,988,9.5
2026-04-17 10:57:25 PM,KXWTAMATCH-26APR18KOSMAR-MAR,9,2004,8,5467,7,3939,6,6141,5,6285,10,4161,11,1462,12,3340,17,5055,18,988,9.5
2026-04-17 10:57:25 PM,KXWTAMATCH-26APR18KOSMAR-MAR,9,2004,8,5467,7,3939,6,6141,5,6285,10,4178,11,1462,12,3340,17,5055,18,988,9.5
2026-04-17 10:57:25 PM,KXWTAMATCH-26APR18KOSMAR-MAR,9,2004,8,5467,7,3906,6,6141,5,6285,10,4178,11,1462,12,3340,17,5055,18,988,9.5
2026-04-17 10:57:25 PM,KXWTAMATCH-26APR18KOSMAR-MAR,9,2004,8,5467,7,3906,6,6141,5,6285,10,4178,11,1462,12,3340,16,5000,17,5055,9.5
2026-04-17 10:57:25 PM,KXWTAMATCH-26APR18KOSMAR-MAR,9,2004,8,5467,7,3906,6,6141,5,6285,10,4178,11,1462,12,3340,15,35,16,5000,9.5
2026-04-17 10:57:25 PM,KXWTAMATCH-26APR18KOSMAR-MAR,9,2004,8,5467,7,3906,6,6141,5,6285,10,4178,11,1462,12,3340,16,5000,17,55,9.5
2026-04-17 10:57:30 PM,KXWTAMATCH-26APR18KOSMAR-MAR,9,2004,8,5467,7,3906,6,6141,5,6285,10,3970,11,1462,12,3340,16,5000,17,55,9.5
2026-04-17 10:57:31 PM,KXWTAMATCH-26APR18KOSMAR-MAR,9,2004,8,5467,7,3906,6,6141,5,6285,10,3970,11,1462,12,3340,15,5000,16,5000,9.5
2026-04-17 10:57:45 PM,KXWTAMATCH-26APR18KOSMAR-MAR,9,2004,8,5467,7,3906,6,6141,5,6285,10,3970,11,1553,12,3340,15,5000,16,5000,9.5
2026-04-17 10:57:45 PM,KXWTAMATCH-26APR18KOSMAR-MAR,9,2004,8,5467,7,3906,6,6141,5,6285,10,3970,11,1553,12,3340,15,5000,17,55,9.5
2026-04-17 10:57:45 PM,KXWTAMATCH-26APR18KOSMAR-MAR,9,2004,8,5467,7,3906,6,6141,5,6285,10,3970,11,1553,12,3340,14,5000,15,5000,9.5
2026-04-17 10:57:45 PM,KXWTAMATCH-26APR18KOSMAR-MAR,9,2004,8,5467,7,3906,6,6141,5,6285,10,3970,11,1553,12,3340,14,5000,17,55,9.5
2026-04-17 10:57:45 PM,KXWTAMATCH-26APR18KOSMAR-MAR,9,2004,8,5467,7,3906,6,6141,5,6285,10,3970,11,1553,12,3248,14,5000,17,55,9.5
2026-04-17 11:02:49 PM,KXWTAMATCH-26APR18KOSMAR-MAR,9,2004,8,5467,7,3906,6,6141,5,6285,10,3962,11,1553,12,3248,14,5000,17,55,9.5
2026-04-17 11:02:49 PM,KXWTAMATCH-26APR18KOSMAR-MAR,9,2004,8,5467,7,3906,6,6141,5,6285,10,3962,11,1553,12,3248,13,5000,14,5000,9.5
2026-04-17 11:03:20 PM,KXWTAMATCH-26APR18KOSMAR-MAR,9,2029,8,5467,7,3906,6,6141,5,6285,10,3962,11,1553,12,3248,13,5000,14,5000,9.5
2026-04-17 11:03:20 PM,KXWTAMATCH-26APR18KOSMAR-MAR,9,2029,8,5467,7,3906,6,6141,5,6285,10,3962,11,1553,12,3248,13,5000,17,55,9.5
2026-04-17 11:03:20 PM,KXWTAMATCH-26APR18KOSMAR-MAR,9,2029,8,5467,7,3906,6,6141,5,6285,10,3962,11,1588,12,3248,13,5000,17,55,9.5
2026-04-17 11:03:20 PM,KXWTAMATCH-26APR18KOSMAR-MAR,9,2029,8,5467,7,3906,6,6141,5,6285,10,3962,11,1588,12,8248,13,5000,17,55,9.5
2026-04-17 11:03:20 PM,KXWTAMATCH-26APR18KOSMAR-MAR,9,2029,8,5467,7,3906,6,6141,5,6285,10,3962,11,1553,12,8248,13,5000,17,55,9.5
2026-04-17 11:03:41 PM,KXWTAMATCH-26APR18KOSMAR-MAR,9,2029,8,5467,7,3906,6,6141,5,6285,10,3963,11,1553,12,8248,13,5000,17,55,9.5
2026-04-17 11:03:41 PM,KXWTAMATCH-26APR18KOSMAR-MAR,9,2029,8,5467,7,3906,6,6141,5,6285,10,3963,11,1588,12,8248,13,5000,17,55,9.5
2026-04-17 11:04:02 PM,KXWTAMATCH-26APR18KOSMAR-MAR,9,2029,8,5467,7,3906,6,6141,5,6285,10,3963,11,1553,12,8248,13,5000,17,55,9.5
2026-04-17 11:04:04 PM,KXWTAMATCH-26APR18KOSMAR-MAR,9,2004,8,5467,7,3906,6,6141,5,6285,10,3963,11,1553,12,8248,13,5000,17,55,9.5
2026-04-17 11:06:34 PM,KXWTAMATCH-26APR18KOSMAR-MAR,9,2004,8,5467,7,3906,6,6141,5,6285,10,3130,11,1553,12,8248,13,5000,17,55,9.5
2026-04-17 11:06:56 PM,KXWTAMATCH-26APR18KOSMAR-MAR,9,2004,8,5467,7,3906,6,6141,5,6285,10,3130,11,1532,12,8248,13,5000,17,55,9.5
2026-04-17 11:06:57 PM,KXWTAMATCH-26APR18KOSMAR-MAR,9,2004,8,5467,7,3906,6,6141,5,6285,10,3130,11,1499,12,8248,13,5000,17,55,9.5
2026-04-17 11:06:57 PM,KXWTAMATCH-26APR18KOSMAR-MAR,9,2058,8,5467,7,3906,6,6141,5,6285,10,3130,11,1499,12,8248,13,5000,17,55,9.5
2026-04-17 11:10:36 PM,KXWTAMATCH-26APR18KOSMAR-MAR,9,2058,8,5467,7,3906,6,6141,5,6285,10,3130,11,2570,12,8248,13,5000,17,55,9.5
2026-04-17 11:10:36 PM,KXWTAMATCH-26APR18KOSMAR-MAR,9,2058,8,5467,7,3906,6,6141,5,6285,10,1613,11,2570,12,8248,13,5000,17,55,9.5
2026-04-17 11:10:45 PM,KXWTAMATCH-26APR18KOSMAR-MAR,9,2058,8,5467,7,3906,6,6141,5,6285,10,1613,11,4087,12,8248,13,5000,17,55,9.5
2026-04-17 11:10:45 PM,KXWTAMATCH-26APR18KOSMAR-MAR,9,2058,8,5467,7,3906,6,6141,5,6285,10,1613,11,4122,12,8248,13,5000,17,55,9.5
2026-04-17 11:12:17 PM,KXWTAMATCH-26APR18KOSMAR-MAR,9,2058,8,5467,7,3906,6,6141,5,6285,10,1613,11,4087,12,8248,13,5000,17,55,9.5
2026-04-17 11:13:41 PM,KXWTAMATCH-26APR18KOSMAR-MAR,9,2058,8,5467,7,3906,6,6141,5,6285,10,1612,11,4087,12,8248,13,5000,17,55,9.5
2026-04-17 11:13:53 PM,KXWTAMATCH-26APR18KOSMAR-MAR,9,2058,8,5467,7,3906,6,6141,5,6285,10,1612,11,4092,12,8248,13,5000,17,55,9.5
2026-04-17 11:13:53 PM,KXWTAMATCH-26APR18KOSMAR-MAR,9,2056,8,5467,7,3906,6,6141,5,6285,10,1612,11,4092,12,8248,13,5000,17,55,9.5
2026-04-17 11:13:54 PM,KXWTAMATCH-26APR18KOSMAR-MAR,9,2056,8,5465,7,3906,6,6141,5,6285,10,1612,11,4092,12,8248,13,5000,17,55,9.5
2026-04-17 11:15:07 PM,KXWTAMATCH-26APR18KOSMAR-MAR,9,2046,8,5465,7,3906,6,6141,5,6285,10,1612,11,4092,12,8248,13,5000,17,55,9.5
2026-04-17 11:15:07 PM,KXWTAMATCH-26APR18KOSMAR-MAR,9,2046,8,5465,7,3906,6,6141,5,6285,10,1612,11,4102,12,8248,13,5000,17,55,9.5
2026-04-17 11:15:07 PM,KXWTAMATCH-26APR18KOSMAR-MAR,9,2046,8,5465,7,3906,6,6141,5,6285,10,2212,11,4102,12,8248,13,5000,17,55,9.5
2026-04-17 11:15:07 PM,KXWTAMATCH-26APR18KOSMAR-MAR,9,1796,8,5465,7,3906,6,6141,5,6285,10,2212,11,4102,12,8248,13,5000,17,55,9.5
2026-04-17 11:15:07 PM,KXWTAMATCH-26APR18KOSMAR-MAR,9,1791,8,5465,7,3906,6,6141,5,6285,10,2212,11,4102,12,8248,13,5000,17,55,9.5
2026-04-17 11:15:07 PM,KXWTAMATCH-26APR18KOSMAR-MAR,9,1791,8,5715,7,3906,6,6141,5,6285,10,2212,11,4102,12,8248,13,5000,17,55,9.5
2026-04-17 11:15:07 PM,KXWTAMATCH-26APR18KOSMAR-MAR,9,1791,8,5715,7,3906,6,6141,5,6285,10,2212,11,3852,12,8248,13,5000,17,55,9.5
2026-04-17 11:15:07 PM,KXWTAMATCH-26APR18KOSMAR-MAR,9,1791,8,5715,7,3906,6,6141,5,6285,10,2462,11,3852,12,8248,13,5000,17,55,9.5
2026-04-17 11:15:07 PM,KXWTAMATCH-26APR18KOSMAR-MAR,9,1791,8,5710,7,3906,6,6141,5,6285,10,2462,11,3852,12,8248,13,5000,17,55,9.5
2026-04-17 11:15:32 PM,KXWTAMATCH-26APR18KOSMAR-MAR,9,1791,8,5710,7,3906,6,6141,5,6285,10,2462,11,3853,12,8248,13,5000,17,55,9.5
2026-04-17 11:16:13 PM,KXWTAMATCH-26APR18KOSMAR-MAR,9,1791,8,5710,7,3906,6,6141,5,6285,10,2453,11,3853,12,8248,13,5000,17,55,9.5
2026-04-17 11:16:14 PM,KXWTAMATCH-26APR18KOSMAR-MAR,9,1791,8,5460,7,3906,6,6141,5,6285,10,2453,11,3853,12,8248,13,5000,17,55,9.5
2026-04-17 11:16:14 PM,KXWTAMATCH-26APR18KOSMAR-MAR,9,2041,8,5460,7,3906,6,6141,5,6285,10,2453,11,3853,12,8248,13,5000,17,55,9.5
2026-04-17 11:16:14 PM,KXWTAMATCH-26APR18KOSMAR-MAR,9,2041,8,5460,7,3906,6,6141,5,6285,10,2203,11,3853,12,8248,13,5000,17,55,9.5
2026-04-17 11:16:14 PM,KXWTAMATCH-26APR18KOSMAR-MAR,9,2041,8,5460,7,3906,6,6141,5,6285,10,2203,11,4103,12,8248,13,5000,17,55,9.5
2026-04-17 11:16:17 PM,KXWTAMATCH-26APR18KOSMAR-MAR,9,2041,8,5460,7,3906,6,6141,5,6285,10,2203,11,4113,12,8248,13,5000,17,55,9.5
2026-04-17 11:16:17 PM,KXWTAMATCH-26APR18KOSMAR-MAR,9,2036,8,5460,7,3906,6,6141,5,6285,10,2203,11,4113,12,8248,13,5000,17,55,9.5
2026-04-17 11:16:17 PM,KXWTAMATCH-26APR18KOSMAR-MAR,9,2036,8,5455,7,3906,6,6141,5,6285,10,2203,11,4113,12,8248,13,5000,17,55,9.5
2026-04-17 11:17:46 PM,KXWTAMATCH-26APR18KOSMAR-MAR,9,2036,8,8043,7,3906,6,6141,5,6285,10,2203,11,4113,12,8248,13,5000,17,55,9.5
2026-04-17 11:17:46 PM,KXWTAMATCH-26APR18KOSMAR-MAR,9,2036,8,8043,7,3906,6,6141,5,6285,10,4791,11,4113,12,8248,13,5000,17,55,9.5
2026-04-17 11:17:46 PM,KXWTAMATCH-26APR18KOSMAR-MAR,9,2036,8,8043,7,3906,6,6141,5,6285,10,4791,11,4113,12,8248,17,55,18,470,9.5
2026-04-17 11:17:46 PM,KXWTAMATCH-26APR18KOSMAR-MAR,9,2036,8,8043,7,3906,6,6141,5,6285,10,4791,11,9113,12,8248,17,55,18,470,9.5
2026-04-17 11:17:46 PM,KXWTAMATCH-26APR18KOSMAR-MAR,9,1786,8,8043,7,3906,6,6141,5,6285,10,4791,11,9113,12,8248,17,55,18,470,9.5
2026-04-17 11:17:46 PM,KXWTAMATCH-26APR18KOSMAR-MAR,9,1786,8,8293,7,3906,6,6141,5,6285,10,4791,11,9113,12,8248,17,55,18,470,9.5
2026-04-17 11:17:46 PM,KXWTAMATCH-26APR18KOSMAR-MAR,9,1786,8,5705,7,3906,6,6141,5,6285,10,4791,11,9113,12,8248,17,55,18,470,9.5
2026-04-17 11:17:46 PM,KXWTAMATCH-26APR18KOSMAR-MAR,9,1786,8,5705,7,3906,6,6141,5,6285,10,4791,11,8863,12,8248,17,55,18,470,9.5
2026-04-17 11:17:46 PM,KXWTAMATCH-26APR18KOSMAR-MAR,9,1786,8,5705,7,3906,6,6141,5,6285,10,5041,11,8863,12,8248,17,55,18,470,9.5
2026-04-17 11:17:46 PM,KXWTAMATCH-26APR18KOSMAR-MAR,9,1786,8,5705,7,3906,6,6141,5,6285,10,5041,11,7346,12,8248,17,55,18,470,9.5
2026-04-17 11:17:46 PM,KXWTAMATCH-26APR18KOSMAR-MAR,9,1786,8,5705,7,3906,6,6141,5,6285,10,5041,11,6275,12,8248,17,55,18,470,9.5
2026-04-17 11:23:52 PM,KXWTAMATCH-26APR18KOSMAR-MAR,9,1786,8,5705,7,3906,6,6141,5,6285,10,5041,11,6276,12,8248,17,55,18,470,9.5
2026-04-17 11:24:49 PM,KXWTAMATCH-26APR18KOSMAR-MAR,9,1786,8,5705,7,3906,6,6141,5,6285,10,5042,11,6276,12,8248,17,55,18,470,9.5
2026-04-17 11:32:46 PM,KXWTAMATCH-26APR18KOSMAR-MAR,9,1786,8,5705,7,3906,6,6141,5,6285,10,5042,11,6277,12,8248,17,55,18,470,9.5
2026-04-17 11:34:49 PM,KXWTAMATCH-26APR18KOSMAR-MAR,9,1786,8,5705,7,3906,6,6141,5,6285,10,5041,11,6277,12,8248,17,55,18,470,9.5
2026-04-17 11:35:10 PM,KXWTAMATCH-26APR18KOSMAR-MAR,9,1786,8,5705,7,3906,6,6141,5,6285,10,5013,11,6277,12,8248,17,55,18,470,9.5
2026-04-17 11:35:10 PM,KXWTAMATCH-26APR18KOSMAR-MAR,9,1786,8,5455,7,3906,6,6141,5,6285,10,5013,11,6277,12,8248,17,55,18,470,9.5
2026-04-17 11:35:10 PM,KXWTAMATCH-26APR18KOSMAR-MAR,9,2036,8,5455,7,3906,6,6141,5,6285,10,5013,11,6277,12,8248,17,55,18,470,9.5
2026-04-17 11:35:10 PM,KXWTAMATCH-26APR18KOSMAR-MAR,9,2036,8,5455,7,3906,6,6141,5,6285,10,4763,11,6277,12,8248,17,55,18,470,9.5
2026-04-17 11:35:10 PM,KXWTAMATCH-26APR18KOSMAR-MAR,9,2036,8,5455,7,3906,6,6141,5,6285,10,4763,11,6527,12,8248,17,55,18,470,9.5
2026-04-17 11:35:49 PM,KXWTAMATCH-26APR18KOSMAR-MAR,9,2036,8,5455,7,3906,6,6141,5,6285,10,4755,11,6527,12,8248,17,55,18,470,9.5
2026-04-17 11:45:23 PM,KXWTAMATCH-26APR18KOSMAR-MAR,9,2036,8,5455,7,3906,6,6141,5,6285,10,4756,11,6527,12,8248,17,55,18,470,9.5
2026-04-17 11:52:53 PM,KXWTAMATCH-26APR18KOSMAR-MAR,9,2036,8,5455,7,3906,6,7141,5,6285,10,4756,11,6527,12,8248,17,55,18,470,9.5
2026-04-17 11:55:22 PM,KXWTAMATCH-26APR18KOSMAR-MAR,9,2036,8,5455,7,3906,6,7141,5,6285,10,4755,11,6527,12,8248,17,55,18,470,9.5
2026-04-17 11:55:57 PM,KXWTAMATCH-26APR18KOSMAR-MAR,9,2036,8,5455,7,3906,6,7141,5,6285,10,4755,11,6559,12,8248,17,55,18,470,9.5
2026-04-17 11:55:57 PM,KXWTAMATCH-26APR18KOSMAR-MAR,9,2020,8,5455,7,3906,6,7141,5,6285,10,4755,11,6559,12,8248,17,55,18,470,9.5
2026-04-17 11:55:57 PM,KXWTAMATCH-26APR18KOSMAR-MAR,9,2020,8,5439,7,3906,6,7141,5,6285,10,4755,11,6559,12,8248,17,55,18,470,9.5
2026-04-18 12:05:27 AM,KXWTAMATCH-26APR18KOSMAR-MAR,9,2020,8,5439,7,3906,6,7141,5,6285,10,4741,11,6559,12,8248,17,55,18,470,9.5
2026-04-18 12:05:40 AM,KXWTAMATCH-26APR18KOSMAR-MAR,9,2020,8,5439,7,3906,6,7141,5,6285,10,4742,11,6559,12,8248,17,55,18,470,9.5
2026-04-18 12:06:13 AM,KXWTAMATCH-26APR18KOSMAR-MAR,9,2020,8,5439,7,3906,6,7141,5,6285,10,4725,11,6559,12,8248,17,55,18,470,9.5
2026-04-18 12:06:13 AM,KXWTAMATCH-26APR18KOSMAR-MAR,9,2020,8,5439,7,3906,6,7141,5,6285,10,4725,11,6516,12,8248,17,55,18,470,9.5
2026-04-18 12:06:59 AM,KXWTAMATCH-26APR18KOSMAR-MAR,9,2027,8,5439,7,3906,6,7141,5,6285,10,4725,11,6516,12,8248,17,55,18,470,9.5
2026-04-18 12:07:59 AM,KXWTAMATCH-26APR18KOSMAR-MAR,9,2027,8,5439,7,3906,6,7141,5,6285,10,4725,11,6532,12,8248,17,55,18,470,9.5
2026-04-18 12:07:59 AM,KXWTAMATCH-26APR18KOSMAR-MAR,9,2027,8,5439,7,3906,6,7141,5,6285,10,4725,11,6532,12,8283,17,55,18,470,9.5
2026-04-18 12:11:41 AM,KXWTAMATCH-26APR18KOSMAR-MAR,9,2027,8,5439,7,3906,6,7141,5,6285,10,4725,11,6548,12,8283,17,55,18,470,9.5
2026-04-18 12:11:41 AM,KXWTAMATCH-26APR18KOSMAR-MAR,9,2019,8,5439,7,3906,6,7141,5,6285,10,4725,11,6548,12,8283,17,55,18,470,9.5
2026-04-18 12:11:41 AM,KXWTAMATCH-26APR18KOSMAR-MAR,9,2019,8,5431,7,3906,6,7141,5,6285,10,4725,11,6548,12,8283,17,55,18,470,9.5
2026-04-18 12:14:10 AM,KXWTAMATCH-26APR18KOSMAR-MAR,9,2019,8,5431,7,3906,6,7141,5,6285,10,4744,11,6548,12,8283,17,55,18,470,9.5
2026-04-18 12:14:10 AM,KXWTAMATCH-26APR18KOSMAR-MAR,9,2019,8,5431,7,3906,6,7141,5,6285,10,4744,11,6548,12,8248,17,55,18,470,9.5
2026-04-18 12:14:10 AM,KXWTAMATCH-26APR18KOSMAR-MAR,9,2019,8,5431,7,3906,6,7141,5,6285,10,4744,11,6568,12,8248,17,55,18,470,9.5
2026-04-18 12:15:40 AM,KXWTAMATCH-26APR18KOSMAR-MAR,9,2019,8,5431,7,3906,6,7141,5,6285,10,4743,11,6568,12,8248,17,55,18,470,9.5
2026-04-18 12:15:46 AM,KXWTAMATCH-26APR18KOSMAR-MAR,9,2019,8,5431,7,3906,6,7141,5,6285,10,4733,11,6568,12,8248,17,55,18,470,9.5
2026-04-18 12:17:02 AM,KXWTAMATCH-26APR18KOSMAR-MAR,9,2019,8,5431,7,3906,6,7141,5,6285,10,4733,11,6568,12,8248,17,152,18,470,9.5
2026-04-18 12:17:02 AM,KXWTAMATCH-26APR18KOSMAR-MAR,9,2019,8,5431,7,3906,6,7141,5,6285,10,4733,11,6477,12,8248,17,152,18,470,9.5
2026-04-18 12:17:03 AM,KXWTAMATCH-26APR18KOSMAR-MAR,9,2019,8,5431,7,3858,6,7141,5,6285,10,4733,11,6477,12,8248,17,152,18,470,9.5
2026-04-18 12:20:32 AM,KXWTAMATCH-26APR18KOSMAR-MAR,9,2019,8,5431,7,3858,6,7141,5,6285,10,4733,11,6568,12,8248,17,152,18,470,9.5
2026-04-18 12:20:33 AM,KXWTAMATCH-26APR18KOSMAR-MAR,9,2019,8,5431,7,3906,6,7141,5,6285,10,4733,11,6568,12,8248,17,152,18,470,9.5
2026-04-18 12:20:33 AM,KXWTAMATCH-26APR18KOSMAR-MAR,9,2019,8,5431,7,3906,6,7141,5,6285,10,4733,11,6568,12,8248,17,55,18,470,9.5
2026-04-18 12:26:14 AM,KXWTAMATCH-26APR18KOSMAR-MAR,9,2019,8,5431,7,3906,6,7141,5,6285,10,4734,11,6568,12,8248,17,55,18,470,9.5
2026-04-18 12:28:11 AM,KXWTAMATCH-26APR18KOSMAR-MAR,9,2019,8,5431,7,3906,6,7141,5,6285,10,4734,11,7660,12,8248,17,55,18,470,9.5
2026-04-18 12:28:12 AM,KXWTAMATCH-26APR18KOSMAR-MAR,9,1865,8,5431,7,3906,6,7141,5,6285,10,4734,11,7660,12,8248,17,55,18,470,9.5
2026-04-18 12:28:13 AM,KXWTAMATCH-26APR18KOSMAR-MAR,9,1815,8,5431,7,3906,6,7141,5,6285,10,4734,11,7660,12,8248,17,55,18,470,9.5
2026-04-18 12:28:13 AM,KXWTAMATCH-26APR18KOSMAR-MAR,9,1474,8,5431,7,3906,6,7141,5,6285,10,4734,11,7660,12,8248,17,55,18,470,9.5
2026-04-18 12:28:13 AM,KXWTAMATCH-26APR18KOSMAR-MAR,9,1474,8,5277,7,3906,6,7141,5,6285,10,4734,11,7660,12,8248,17,55,18,470,9.5
2026-04-18 12:28:13 AM,KXWTAMATCH-26APR18KOSMAR-MAR,9,1474,8,5227,7,3906,6,7141,5,6285,10,4734,11,7660,12,8248,17,55,18,470,9.5
2026-04-18 12:28:13 AM,KXWTAMATCH-26APR18KOSMAR-MAR,9,1474,8,5180,7,3906,6,7141,5,6285,10,4734,11,7660,12,8248,17,55,18,470,9.5
2026-04-18 12:28:13 AM,KXWTAMATCH-26APR18KOSMAR-MAR,9,1474,8,5130,7,3906,6,7141,5,6285,10,4734,11,7660,12,8248,17,55,18,470,9.5
2026-04-18 12:28:13 AM,KXWTAMATCH-26APR18KOSMAR-MAR,9,1474,8,5089,7,3906,6,7141,5,6285,10,4734,11,7660,12,8248,17,55,18,470,9.5
2026-04-18 12:28:13 AM,KXWTAMATCH-26APR18KOSMAR-MAR,9,1474,8,5048,7,3906,6,7141,5,6285,10,4734,11,7660,12,8248,17,55,18,470,9.5
2026-04-18 12:28:13 AM,KXWTAMATCH-26APR18KOSMAR-MAR,9,1474,8,5001,7,3906,6,7141,5,6285,10,4734,11,7660,12,8248,17,55,18,470,9.5
2026-04-18 12:28:13 AM,KXWTAMATCH-26APR18KOSMAR-MAR,9,1474,8,4997,7,3906,6,7141,5,6285,10,4734,11,7660,12,8248,17,55,18,470,9.5
2026-04-18 12:28:13 AM,KXWTAMATCH-26APR18KOSMAR-MAR,9,1474,8,4993,7,3906,6,7141,5,6285,10,4734,11,7660,12,8248,17,55,18,470,9.5
2026-04-18 12:28:13 AM,KXWTAMATCH-26APR18KOSMAR-MAR,9,1474,8,4989,7,3906,6,7141,5,6285,10,4734,11,7660,12,8248,17,55,18,470,9.5
2026-04-18 12:28:13 AM,KXWTAMATCH-26APR18KOSMAR-MAR,9,1474,8,4984,7,3906,6,7141,5,6285,10,4734,11,7660,12,8248,17,55,18,470,9.5
2026-04-18 12:28:13 AM,KXWTAMATCH-26APR18KOSMAR-MAR,9,1474,8,4943,7,3906,6,7141,5,6285,10,4734,11,7660,12,8248,17,55,18,470,9.5
2026-04-18 12:28:13 AM,KXWTAMATCH-26APR18KOSMAR-MAR,9,1474,8,4896,7,3906,6,7141,5,6285,10,4734,11,7660,12,8248,17,55,18,470,9.5
2026-04-18 12:28:14 AM,KXWTAMATCH-26APR18KOSMAR-MAR,9,1474,8,4889,7,3906,6,7141,5,6285,10,4734,11,7660,12,8248,17,55,18,470,9.5
2026-04-18 12:28:14 AM,KXWTAMATCH-26APR18KOSMAR-MAR,9,1474,8,4889,7,3906,6,7141,5,6285,10,4734,11,7662,12,8248,17,55,18,470,9.5
2026-04-18 12:28:14 AM,KXWTAMATCH-26APR18KOSMAR-MAR,9,1473,8,4889,7,3906,6,7141,5,6285,10,4734,11,7662,12,8248,17,55,18,470,9.5
2026-04-18 12:28:14 AM,KXWTAMATCH-26APR18KOSMAR-MAR,9,1473,8,4888,7,3906,6,7141,5,6285,10,4734,11,7662,12,8248,17,55,18,470,9.5
2026-04-18 12:31:01 AM,KXWTAMATCH-26APR18KOSMAR-MAR,9,1473,8,4888,7,3906,6,7141,5,6285,10,4716,11,7662,12,8248,17,55,18,470,9.5
2026-04-18 12:31:01 AM,KXWTAMATCH-26APR18KOSMAR-MAR,9,1473,8,4888,7,3906,6,7141,5,6285,10,4716,11,7661,12,8248,17,55,18,470,9.5
2026-04-18 12:36:14 AM,KXWTAMATCH-26APR18KOSMAR-MAR,9,1473,8,4888,7,3906,6,7141,5,6285,10,4715,11,7661,12,8248,17,55,18,470,9.5
2026-04-18 12:41:00 AM,KXWTAMATCH-26APR18KOSMAR-MAR,9,1473,8,4888,7,3906,6,7141,5,6285,10,4684,11,7661,12,8248,17,55,18,470,9.5
2026-04-18 12:41:00 AM,KXWTAMATCH-26APR18KOSMAR-MAR,9,1473,8,4888,7,3906,6,7141,5,6285,10,4622,11,7661,12,8248,17,55,18,470,9.5
2026-04-18 12:41:29 AM,KXWTAMATCH-26APR18KOSMAR-MAR,9,1473,8,4888,7,3906,6,7141,5,6285,10,4622,11,7666,12,8248,17,55,18,470,9.5
2026-04-18 12:41:30 AM,KXWTAMATCH-26APR18KOSMAR-MAR,9,1471,8,4888,7,3906,6,7141,5,6285,10,4622,11,7666,12,8248,17,55,18,470,9.5
2026-04-18 12:41:30 AM,KXWTAMATCH-26APR18KOSMAR-MAR,9,1471,8,4886,7,3906,6,7141,5,6285,10,4622,11,7666,12,8248,17,55,18,470,9.5
2026-04-18 12:45:45 AM,KXWTAMATCH-26APR18KOSMAR-MAR,9,1471,8,4886,7,3906,6,7141,5,6285,10,4616,11,7666,12,8248,17,55,18,470,9.5
2026-04-18 12:45:45 AM,KXWTAMATCH-26APR18KOSMAR-MAR,9,1471,8,4886,7,3906,6,7141,5,6285,10,4736,11,7666,12,8248,17,55,18,470,9.5
2026-04-18 12:45:45 AM,KXWTAMATCH-26APR18KOSMAR-MAR,9,1471,8,4886,7,3906,6,7141,5,6285,10,4729,11,7666,12,8248,17,55,18,470,9.5
2026-04-18 12:45:45 AM,KXWTAMATCH-26APR18KOSMAR-MAR,9,1471,8,4886,7,3906,6,7141,5,6285,10,4721,11,7666,12,8248,17,55,18,470,9.5
2026-04-18 12:45:46 AM,KXWTAMATCH-26APR18KOSMAR-MAR,9,1471,8,4886,7,3906,6,7141,5,6285,10,4706,11,7666,12,8248,17,55,18,470,9.5
2026-04-18 12:45:46 AM,KXWTAMATCH-26APR18KOSMAR-MAR,9,1471,8,4886,7,3906,6,7141,5,6285,10,4689,11,7666,12,8248,17,55,18,470,9.5
2026-04-18 12:45:46 AM,KXWTAMATCH-26APR18KOSMAR-MAR,9,1487,8,4886,7,3906,6,7141,5,6285,10,4689,11,7666,12,8248,17,55,18,470,9.5
2026-04-18 12:45:46 AM,KXWTAMATCH-26APR18KOSMAR-MAR,9,1487,8,4886,7,3906,6,7141,5,6322,10,4689,11,7666,12,8248,17,55,18,470,9.5
2026-04-18 12:45:48 AM,KXWTAMATCH-26APR18KOSMAR-MAR,9,1487,8,4886,7,3906,6,7141,5,6322,10,4689,11,7666,12,8248,15,11,17,55,9.5
2026-04-18 12:46:29 AM,KXWTAMATCH-26APR18KOSMAR-MAR,9,1487,8,4886,7,3906,6,7141,5,6322,10,4690,11,7666,12,8248,15,11,17,55,9.5
2026-04-18 12:47:02 AM,KXWTAMATCH-26APR18KOSMAR-MAR,9,2037,8,4886,7,3906,6,7141,5,6322,10,4690,11,7666,12,8248,15,11,17,55,9.5
2026-04-18 12:52:21 AM,KXWTAMATCH-26APR18KOSMAR-MAR,9,2037,8,4886,7,3906,6,7141,5,6322,10,4274,11,7666,12,8248,15,11,17,55,9.5
2026-04-18 12:54:19 AM,KXWTAMATCH-26APR18KOSMAR-MAR,9,2037,8,4886,7,3906,6,7141,5,6322,10,4274,11,7701,12,8248,15,11,17,55,9.5
2026-04-18 12:54:19 AM,KXWTAMATCH-26APR18KOSMAR-MAR,9,2037,8,4921,7,3906,6,7141,5,6322,10,4274,11,7701,12,8248,15,11,17,55,9.5
2026-04-18 12:56:29 AM,KXWTAMATCH-26APR18KOSMAR-MAR,9,2037,8,4921,7,3906,6,7141,5,6322,10,4273,11,7701,12,8248,15,11,17,55,9.5
2026-04-18 12:58:20 AM,KXWTAMATCH-26APR18KOSMAR-MAR,9,2037,8,4921,7,3906,6,7141,5,6322,10,4273,11,7666,12,8248,15,11,17,55,9.5
2026-04-18 12:58:20 AM,KXWTAMATCH-26APR18KOSMAR-MAR,9,2037,8,4886,7,3906,6,7141,5,6322,10,4273,11,7666,12,8248,15,11,17,55,9.5
2026-04-18 01:00:05 AM,KXWTAMATCH-26APR18KOSMAR-MAR,9,2037,8,4886,7,3906,6,7141,5,6322,10,3335,11,7666,12,8248,15,11,17,55,9.5
2026-04-18 01:00:05 AM,KXWTAMATCH-26APR18KOSMAR-MAR,9,2037,8,4886,7,3906,6,7141,5,6322,10,747,11,7666,12,8248,15,11,17,55,9.5
2026-04-18 01:00:05 AM,KXWTAMATCH-26APR18KOSMAR-MAR,9,2037,8,4886,7,3906,6,7141,5,6322,10,3335,11,7666,12,8248,15,11,17,55,9.5
2026-04-18 01:00:21 AM,KXWTAMATCH-26APR18KOSMAR-MAR,9,2037,8,4886,7,3906,6,7141,5,6322,10,3100,11,7666,12,8248,15,11,17,55,9.5
2026-04-18 01:00:21 AM,KXWTAMATCH-26APR18KOSMAR-MAR,9,2037,8,4886,7,3906,6,7141,5,6322,10,2736,11,7666,12,8248,15,11,17,55,9.5
2026-04-18 01:02:15 AM,KXWTAMATCH-26APR18KOSMAR-MAR,9,2036,8,4886,7,3906,6,7141,5,6322,10,2736,11,7666,12,8248,15,11,17,55,9.5
2026-04-18 01:02:36 AM,KXWTAMATCH-26APR18KOSMAR-MAR,9,2036,8,4886,7,3906,6,7141,5,6322,10,2736,11,7701,12,8248,15,11,17,55,9.5
2026-04-18 01:02:36 AM,KXWTAMATCH-26APR18KOSMAR-MAR,9,2036,8,4921,7,3906,6,7141,5,6322,10,2736,11,7701,12,8248,15,11,17,55,9.5
2026-04-18 01:06:12 AM,KXWTAMATCH-26APR18KOSMAR-MAR,9,2036,8,4921,7,3906,6,7141,5,6322,10,2737,11,7701,12,8248,15,11,17,55,9.5
2026-04-18 01:06:12 AM,KXWTAMATCH-26APR18KOSMAR-MAR,9,2036,8,4921,7,3906,6,7141,5,6322,10,2718,11,7701,12,8248,15,11,17,55,9.5
2026-04-18 01:06:12 AM,KXWTAMATCH-26APR18KOSMAR-MAR,9,2036,8,4921,7,3906,6,7141,5,6322,10,2598,11,7701,12,8248,15,11,17,55,9.5
2026-04-18 01:06:12 AM,KXWTAMATCH-26APR18KOSMAR-MAR,9,2036,8,4921,7,3906,6,7141,5,6322,10,2502,11,7701,12,8248,15,11,17,55,9.5
2026-04-18 01:06:12 AM,KXWTAMATCH-26APR18KOSMAR-MAR,9,2036,8,4921,7,3906,6,7141,5,6322,10,2514,11,7701,12,8248,15,11,17,55,9.5
2026-04-18 01:06:12 AM,KXWTAMATCH-26APR18KOSMAR-MAR,9,2036,8,4886,7,3906,6,7141,5,6322,10,2514,11,7701,12,8248,15,11,17,55,9.5
2026-04-18 01:06:12 AM,KXWTAMATCH-26APR18KOSMAR-MAR,9,2071,8,4886,7,3906,6,7141,5,6322,10,2514,11,7701,12,8248,15,11,17,55,9.5
2026-04-18 01:06:12 AM,KXWTAMATCH-26APR18KOSMAR-MAR,9,2036,8,4886,7,3906,6,7141,5,6322,10,2514,11,7701,12,8248,15,11,17,55,9.5
2026-04-18 01:06:12 AM,KXWTAMATCH-26APR18KOSMAR-MAR,9,2036,8,4921,7,3906,6,7141,5,6322,10,2514,11,7701,12,8248,15,11,17,55,9.5
2026-04-18 01:06:31 AM,KXWTAMATCH-26APR18KOSMAR-MAR,9,2036,8,4921,7,8906,6,7141,5,6322,10,2514,11,7701,12,8248,15,11,17,55,9.5
2026-04-18 01:06:31 AM,KXWTAMATCH-26APR18KOSMAR-MAR,9,2036,8,4921,7,8906,6,7141,5,1322,10,2514,11,7701,12,8248,15,11,17,55,9.5
2026-04-18 01:06:31 AM,KXWTAMATCH-26APR18KOSMAR-MAR,9,2036,8,4921,7,8906,6,7141,5,1322,10,22,11,7701,12,8248,15,11,17,55,9.5
2026-04-18 01:06:31 AM,KXWTAMATCH-26APR18KOSMAR-MAR,9,2036,8,4921,7,8906,6,7141,5,1322,10,133,11,7701,12,8248,15,11,17,55,9.5
2026-04-18 01:06:31 AM,KXWTAMATCH-26APR18KOSMAR-MAR,9,2036,8,4921,7,8906,6,7141,5,1322,10,133,11,7666,12,8248,15,11,17,55,9.5
2026-04-18 01:06:31 AM,KXWTAMATCH-26APR18KOSMAR-MAR,9,2036,8,4921,7,8906,6,7141,5,1322,10,168,11,7666,12,8248,15,11,17,55,9.5
2026-04-18 01:06:31 AM,KXWTAMATCH-26APR18KOSMAR-MAR,9,2036,8,4921,7,8906,6,7141,5,1322,10,637,11,7666,12,8248,15,11,17,55,9.5
2026-04-18 01:06:31 AM,KXWTAMATCH-26APR18KOSMAR-MAR,9,2036,8,4921,7,8906,6,7141,5,1322,10,637,11,10254,12,8248,15,11,17,55,9.5
2026-04-18 01:06:32 AM,KXWTAMATCH-26APR18KOSMAR-MAR,9,2036,8,7509,7,8906,6,7141,5,1322,10,637,11,10254,12,8248,15,11,17,55,9.5
2026-04-18 01:06:33 AM,KXWTAMATCH-26APR18KOSMAR-MAR,9,2036,8,7509,7,6318,6,7141,5,1322,10,637,11,10254,12,8248,15,11,17,55,9.5
2026-04-18 01:06:35 AM,KXWTAMATCH-26APR18KOSMAR-MAR,9,2036,8,4921,7,6318,6,7141,5,1322,10,637,11,10254,12,8248,15,11,17,55,9.5
2026-04-18 01:06:36 AM,KXWTAMATCH-26APR18KOSMAR-MAR,9,2036,8,4921,7,1318,6,7141,5,1322,10,637,11,10254,12,8248,15,11,17,55,9.5
2026-04-18 01:06:36 AM,KXWTAMATCH-26APR18KOSMAR-MAR,9,2036,8,4921,7,1318,6,7141,5,6322,10,637,11,10254,12,8248,15,11,17,55,9.5
2026-04-18 01:06:41 AM,KXWTAMATCH-26APR18KOSMAR-MAR,9,2036,8,4921,7,3906,6,7141,5,6322,10,637,11,10254,12,8248,15,11,17,55,9.5
2026-04-18 01:06:41 AM,KXWTAMATCH-26APR18KOSMAR-MAR,9,2036,8,4921,7,3906,6,7141,5,6322,10,637,11,7666,12,8248,15,11,17,55,9.5
2026-04-18 01:06:49 AM,KXWTAMATCH-26APR18KOSMAR-MAR,9,2036,8,4921,7,3906,6,7141,5,6322,10,637,11,10254,12,8248,15,11,17,55,9.5
2026-04-18 01:07:20 AM,KXWTAMATCH-26APR18KOSMAR-MAR,9,2036,8,4921,7,3906,6,7141,5,6322,10,637,11,7666,12,8248,15,11,17,55,9.5
2026-04-18 01:07:37 AM,KXWTAMATCH-26APR18KOSMAR-MAR,9,2036,8,4921,7,3906,6,7141,5,6322,10,637,11,10254,12,8248,15,11,17,55,9.5
2026-04-18 01:08:32 AM,KXWTAMATCH-26APR18KOSMAR-MAR,9,2036,8,4921,7,3906,6,7141,5,6322,10,636,11,10254,12,8248,15,11,17,55,9.5
2026-04-18 01:08:32 AM,KXWTAMATCH-26APR18KOSMAR-MAR,9,2036,8,4921,7,3906,6,7141,5,6322,10,632,11,10254,12,8248,15,11,17,55,9.5
2026-04-18 01:08:32 AM,KXWTAMATCH-26APR18KOSMAR-MAR,9,2036,8,4921,7,3906,6,7141,5,6322,10,624,11,10254,12,8248,15,11,17,55,9.5
2026-04-18 01:08:32 AM,KXWTAMATCH-26APR18KOSMAR-MAR,9,2036,8,4921,7,3906,6,7141,5,6322,10,624,11,10254,12,8291,15,11,17,55,9.5
2026-04-18 01:08:32 AM,KXWTAMATCH-26APR18KOSMAR-MAR,9,2036,8,4921,7,3906,6,7141,5,6322,10,589,11,10254,12,8291,15,11,17,55,9.5
2026-04-18 01:08:32 AM,KXWTAMATCH-26APR18KOSMAR-MAR,9,2036,8,4921,7,3906,6,7141,5,6322,10,589,11,10289,12,8291,15,11,17,55,9.5
2026-04-18 01:08:33 AM,KXWTAMATCH-26APR18KOSMAR-MAR,9,2036,8,4921,7,3906,6,7141,5,6322,10,709,11,10289,12,8291,15,11,17,55,9.5
2026-04-18 01:10:54 AM,KXWTAMATCH-26APR18KOSMAR-MAR,9,2036,8,4921,7,3906,6,7141,5,6322,10,709,11,10254,12,8291,15,11,17,55,9.5
2026-04-18 01:10:54 AM,KXWTAMATCH-26APR18KOSMAR-MAR,9,2036,8,4921,7,3906,6,7141,5,6322,10,744,11,10254,12,8291,15,11,17,55,9.5
2026-04-18 01:12:06 AM,KXWTAMATCH-26APR18KOSMAR-MAR,9,2030,8,4912,7,3906,6,7141,5,6322,10,735,11,10255,12,8291,15,11,17,55,9.5
2026-04-18 01:14:35 AM,KXWTAMATCH-26APR18KOSMAR-MAR,9,2030,8,4912,7,3906,6,7141,5,6322,10,700,11,10255,12,8291,15,11,17,55,9.5
2026-04-18 01:14:35 AM,KXWTAMATCH-26APR18KOSMAR-MAR,9,2030,8,4877,7,3906,6,7141,5,6322,10,700,11,10255,12,8291,15,11,17,55,9.5
2026-04-18 01:16:02 AM,KXWTAMATCH-26APR18KOSMAR-MAR,9,2020,8,4877,7,3906,6,7141,5,6322,10,700,11,10255,12,8291,15,11,17,55,9.5
2026-04-18 01:16:02 AM,KXWTAMATCH-26APR18KOSMAR-MAR,9,2020,8,4877,7,3906,6,7141,5,6322,10,700,11,10265,12,8291,15,11,17,55,9.5
2026-04-18 01:16:02 AM,KXWTAMATCH-26APR18KOSMAR-MAR,9,2015,8,4877,7,3906,6,7141,5,6322,10,700,11,10265,12,8291,15,11,17,55,9.5
2026-04-18 01:16:02 AM,KXWTAMATCH-26APR18KOSMAR-MAR,9,2015,8,4872,7,3906,6,7141,5,6322,10,700,11,10265,12,8291,15,11,17,55,9.5
2026-04-18 01:16:02 AM,KXWTAMATCH-26APR18KOSMAR-MAR,9,1765,8,4872,7,3906,6,7141,5,6322,10,700,11,10265,12,8291,15,11,17,55,9.5
2026-04-18 01:16:02 AM,KXWTAMATCH-26APR18KOSMAR-MAR,9,1765,8,5122,7,3906,6,7141,5,6322,10,700,11,10265,12,8291,15,11,17,55,9.5
2026-04-18 01:16:02 AM,KXWTAMATCH-26APR18KOSMAR-MAR,9,1765,8,5122,7,3906,6,7141,5,6322,10,700,11,10015,12,8291,15,11,17,55,9.5
2026-04-18 01:16:02 AM,KXWTAMATCH-26APR18KOSMAR-MAR,9,1765,8,5122,7,3906,6,7141,5,6322,10,950,11,10015,12,8291,15,11,17,55,9.5
2026-04-18 01:17:13 AM,KXWTAMATCH-26APR18KOSMAR-MAR,9,1765,8,5122,7,3906,6,7141,5,6322,10,3538,11,10015,12,8291,15,11,17,55,9.5
2026-04-18 01:17:13 AM,KXWTAMATCH-26APR18KOSMAR-MAR,9,1765,8,5122,7,3906,6,7141,5,6322,10,8538,11,10015,12,8291,15,11,17,55,9.5
2026-04-18 01:17:13 AM,KXWTAMATCH-26APR18KOSMAR-MAR,9,1765,8,5122,7,3906,6,7141,5,6322,10,9978,11,10015,12,8291,15,11,17,55,9.5
2026-04-18 01:17:13 AM,KXWTAMATCH-26APR18KOSMAR-MAR,9,1765,8,5122,7,3906,6,7141,5,6322,10,9978,11,10015,12,3291,15,11,17,55,9.5
2026-04-18 01:17:13 AM,KXWTAMATCH-26APR18KOSMAR-MAR,9,1765,8,5122,7,3906,6,7141,5,6322,10,9978,11,7427,12,3291,15,11,17,55,9.5
2026-04-18 01:17:29 AM,KXWTAMATCH-26APR18KOSMAR-MAR,9,1765,8,5122,7,3906,6,7141,5,6322,10,9978,11,7426,12,3291,15,11,17,55,9.5
2026-04-18 01:17:33 AM,KXWTAMATCH-26APR18KOSMAR-MAR,9,1765,8,5122,7,3947,6,7141,5,6322,10,9978,11,7426,12,3291,15,11,17,55,9.5
2026-04-18 01:18:05 AM,KXWTAMATCH-26APR18KOSMAR-MAR,9,1765,8,5122,7,3899,6,7141,5,6322,10,9978,11,7426,12,3291,15,11,17,55,9.5
2026-04-18 01:18:05 AM,KXWTAMATCH-26APR18KOSMAR-MAR,9,1765,8,5122,7,3858,6,7141,5,6322,10,9978,11,7426,12,3291,15,11,17,55,9.5
2026-04-18 01:18:05 AM,KXWTAMATCH-26APR18KOSMAR-MAR,9,1765,8,5122,7,3858,6,7208,5,6322,10,9978,11,7426,12,3291,15,11,17,55,9.5
2026-04-18 01:18:05 AM,KXWTAMATCH-26APR18KOSMAR-MAR,9,1765,8,3484,7,3858,6,7208,5,6322,10,9978,11,7426,12,3291,15,11,17,55,9.5
2026-04-18 01:18:45 AM,KXWTAMATCH-26APR18KOSMAR-MAR,9,1765,8,3484,7,3858,6,8493,5,6322,10,9978,11,7426,12,3291,15,11,17,55,9.5
2026-04-18 01:18:56 AM,KXWTAMATCH-26APR18KOSMAR-MAR,9,1765,8,3484,7,3858,6,8493,5,6322,10,9962,11,7426,12,3291,15,11,17,55,9.5
2026-04-18 01:20:14 AM,KXWTAMATCH-26APR18KOSMAR-MAR,9,1765,8,3484,7,3858,6,8493,5,6322,10,4962,11,7426,12,3291,15,11,17,55,9.5
2026-04-18 01:20:14 AM,KXWTAMATCH-26APR18KOSMAR-MAR,9,1765,8,3484,7,3858,6,8493,5,6322,10,4962,11,7426,12,8291,15,11,17,55,9.5
2026-04-18 01:20:14 AM,KXWTAMATCH-26APR18KOSMAR-MAR,9,1765,8,3484,7,3858,6,7208,5,6322,10,4962,11,7426,12,8291,15,11,17,55,9.5
2026-04-18 01:20:14 AM,KXWTAMATCH-26APR18KOSMAR-MAR,9,1765,8,3484,7,3858,6,7208,5,6322,10,4962,11,10014,12,8291,15,11,17,55,9.5
2026-04-18 01:20:14 AM,KXWTAMATCH-26APR18KOSMAR-MAR,9,1765,8,3484,7,3858,6,7895,5,6322,10,4962,11,10014,12,8291,15,11,17,55,9.5
2026-04-18 01:20:14 AM,KXWTAMATCH-26APR18KOSMAR-MAR,9,1765,8,3484,7,3858,6,7895,5,6322,10,2374,11,10014,12,8291,15,11,17,55,9.5
2026-04-18 01:20:14 AM,KXWTAMATCH-26APR18KOSMAR-MAR,9,1765,8,3484,7,3858,6,8493,5,6322,10,2374,11,10014,12,8291,15,11,17,55,9.5
2026-04-18 01:20:14 AM,KXWTAMATCH-26APR18KOSMAR-MAR,9,1765,8,3234,7,3858,6,8493,5,6322,10,2374,11,10014,12,8291,15,11,17,55,9.5
2026-04-18 01:20:14 AM,KXWTAMATCH-26APR18KOSMAR-MAR,9,2015,8,3234,7,3858,6,8493,5,6322,10,2374,11,10014,12,8291,15,11,17,55,9.5
2026-04-18 01:20:14 AM,KXWTAMATCH-26APR18KOSMAR-MAR,9,2015,8,3234,7,3858,6,8493,5,6322,10,2124,11,10014,12,8291,15,11,17,55,9.5
2026-04-18 01:20:14 AM,KXWTAMATCH-26APR18KOSMAR-MAR,9,2015,8,3234,7,3858,6,8493,5,6322,10,2124,11,10264,12,8291,15,11,17,55,9.5
2026-04-18 01:20:26 AM,KXWTAMATCH-26APR18KOSMAR-MAR,9,2015,8,3234,7,3858,6,8493,5,6322,10,2124,11,7676,12,8291,15,11,17,55,9.5
2026-04-18 01:20:27 AM,KXWTAMATCH-26APR18KOSMAR-MAR,9,2015,8,3234,7,3858,6,8493,5,6322,10,2124,11,10264,12,8291,15,11,17,55,9.5
2026-04-18 01:20:32 AM,KXWTAMATCH-26APR18KOSMAR-MAR,9,2015,8,3234,7,1270,6,8493,5,6322,10,2124,11,10264,12,8291,15,11,17,55,9.5
2026-04-18 01:20:34 AM,KXWTAMATCH-26APR18KOSMAR-MAR,9,2015,8,3234,7,3858,6,8493,5,6322,10,2124,11,10264,12,8291,15,11,17,55,9.5
2026-04-18 01:20:48 AM,KXWTAMATCH-26APR18KOSMAR-MAR,9,2015,8,3234,7,1270,6,8493,5,6322,10,2124,11,10264,12,8291,15,11,17,55,9.5
2026-04-18 01:20:49 AM,KXWTAMATCH-26APR18KOSMAR-MAR,9,2015,8,3234,7,3858,6,8493,5,6322,10,2124,11,10264,12,8291,15,11,17,55,9.5
2026-04-18 01:21:31 AM,KXWTAMATCH-26APR18KOSMAR-MAR,9,2015,8,3234,7,3858,6,8493,5,6322,10,4712,11,10264,12,8291,15,11,17,55,9.5
2026-04-18 01:21:31 AM,KXWTAMATCH-26APR18KOSMAR-MAR,9,2015,8,3234,7,3858,6,8493,5,6322,10,4712,11,7676,12,8291,15,11,17,55,9.5
2026-04-18 01:21:31 AM,KXWTAMATCH-26APR18KOSMAR-MAR,9,1765,8,3234,7,3858,6,8493,5,6322,10,4712,11,7676,12,8291,15,11,17,55,9.5
2026-04-18 01:21:31 AM,KXWTAMATCH-26APR18KOSMAR-MAR,9,1765,8,3484,7,3858,6,8493,5,6322,10,4712,11,7676,12,8291,15,11,17,55,9.5
2026-04-18 01:21:31 AM,KXWTAMATCH-26APR18KOSMAR-MAR,9,1765,8,3484,7,3858,6,8493,5,6322,10,4712,11,7426,12,8291,15,11,17,55,9.5
2026-04-18 01:21:31 AM,KXWTAMATCH-26APR18KOSMAR-MAR,9,1765,8,3484,7,3858,6,8493,5,6322,10,4962,11,7426,12,8291,15,11,17,55,9.5
2026-04-18 01:21:36 AM,KXWTAMATCH-26APR18KOSMAR-MAR,9,1765,8,3484,7,3858,6,8493,5,6322,10,4962,11,7436,12,8291,15,11,17,55,9.5
2026-04-18 01:21:36 AM,KXWTAMATCH-26APR18KOSMAR-MAR,9,1760,8,3484,7,3858,6,8493,5,6322,10,4962,11,7436,12,8291,15,11,17,55,9.5
2026-04-18 01:21:36 AM,KXWTAMATCH-26APR18KOSMAR-MAR,9,1760,8,3479,7,3858,6,8493,5,6322,10,4962,11,7436,12,8291,15,11,17,55,9.5
2026-04-18 01:21:47 AM,KXWTAMATCH-26APR18KOSMAR-MAR,9,1760,8,3479,7,3858,6,8493,5,6322,10,4962,11,7437,12,8291,15,11,17,55,9.5
2026-04-18 01:22:07 AM,KXWTAMATCH-26APR18KOSMAR-MAR,9,1760,8,3479,7,3858,6,8493,5,6322,10,4962,11,10257,12,8291,15,11,17,55,9.5
2026-04-18 01:27:31 AM,KXWTAMATCH-26APR18KOSMAR-MAR,9,2760,8,3479,7,3858,6,8493,5,6322,10,4962,11,10257,12,8291,15,11,17,55,9.5
2026-04-18 01:27:32 AM,KXWTAMATCH-26APR18KOSMAR-MAR,9,2760,8,3229,7,3858,6,8493,5,6322,10,4962,11,10257,12,8291,15,11,17,55,9.5
2026-04-18 01:27:32 AM,KXWTAMATCH-26APR18KOSMAR-MAR,9,3010,8,3229,7,3858,6,8493,5,6322,10,4962,11,10257,12,8291,15,11,17,55,9.5
2026-04-18 01:27:32 AM,KXWTAMATCH-26APR18KOSMAR-MAR,9,3010,8,3229,7,3858,6,8493,5,6322,10,4712,11,10257,12,8291,15,11,17,55,9.5
2026-04-18 01:27:32 AM,KXWTAMATCH-26APR18KOSMAR-MAR,9,3010,8,3229,7,3858,6,8493,5,6322,10,4712,11,10507,12,8291,15,11,17,55,9.5
2026-04-18 01:30:34 AM,KXWTAMATCH-26APR18KOSMAR-MAR,9,3010,8,3229,7,3858,6,8493,5,6322,10,4712,11,10507,12,9001,15,11,17,55,9.5
2026-04-18 01:30:35 AM,KXWTAMATCH-26APR18KOSMAR-MAR,9,3010,8,3229,7,3858,6,8493,5,6322,10,4617,11,10507,12,9001,15,11,17,55,9.5
2026-04-18 01:30:35 AM,KXWTAMATCH-26APR18KOSMAR-MAR,9,3010,8,3229,7,3858,6,8493,5,6322,10,4612,11,10507,12,9001,15,11,17,55,9.5
2026-04-18 01:30:47 AM,KXWTAMATCH-26APR18KOSMAR-MAR,9,3010,8,3229,7,3868,6,8493,5,6322,10,4612,11,10507,12,9001,15,11,17,55,9.5
2026-04-18 01:30:47 AM,KXWTAMATCH-26APR18KOSMAR-MAR,9,3010,8,3229,7,3878,6,8493,5,6322,10,4612,11,10507,12,9001,15,11,17,55,9.5
2026-04-18 01:30:47 AM,KXWTAMATCH-26APR18KOSMAR-MAR,9,3010,8,3229,7,3878,6,8493,5,6322,10,4612,11,10517,12,9001,15,11,17,55,9.5
2026-04-18 01:30:47 AM,KXWTAMATCH-26APR18KOSMAR-MAR,9,3010,8,3229,7,3878,6,8493,5,6322,10,4612,11,10527,12,9001,15,11,17,55,9.5
2026-04-18 01:30:47 AM,KXWTAMATCH-26APR18KOSMAR-MAR,9,3010,8,3229,7,3878,6,8493,5,6322,10,4612,11,10537,12,9001,15,11,17,55,9.5
2026-04-18 01:30:47 AM,KXWTAMATCH-26APR18KOSMAR-MAR,9,3010,8,3229,7,3878,6,8493,5,6322,10,4612,11,10547,12,9001,15,11,17,55,9.5
2026-04-18 01:30:47 AM,KXWTAMATCH-26APR18KOSMAR-MAR,9,3010,8,3229,7,3878,6,8493,5,6322,10,4612,11,10557,12,9001,15,11,17,55,9.5
2026-04-18 01:31:43 AM,KXWTAMATCH-26APR18KOSMAR-MAR,9,3010,8,3229,7,3878,6,8493,5,6322,10,4612,11,5557,12,9001,15,11,17,55,9.5
2026-04-18 01:31:43 AM,KXWTAMATCH-26APR18KOSMAR-MAR,9,3010,8,3229,7,3878,6,8493,5,6322,10,4612,11,5557,12,9001,15,11,17,5055,9.5
2026-04-18 01:31:43 AM,KXWTAMATCH-26APR18KOSMAR-MAR,9,3010,8,3229,7,3878,6,8493,5,6322,10,4612,11,5557,12,4001,15,11,17,5055,9.5
2026-04-18 01:31:43 AM,KXWTAMATCH-26APR18KOSMAR-MAR,9,3010,8,3229,7,3878,6,8493,5,6322,10,4612,11,5557,12,4001,15,46,17,5055,9.5
2026-04-18 01:31:46 AM,KXWTAMATCH-26APR18KOSMAR-MAR,9,3010,8,3229,7,3878,6,8493,5,6322,10,4612,11,8145,12,4001,15,46,17,5055,9.5
2026-04-18 01:31:46 AM,KXWTAMATCH-26APR18KOSMAR-MAR,9,3010,8,3229,7,3878,6,8493,5,6322,10,2024,11,8145,12,4001,15,46,17,5055,9.5
2026-04-18 01:31:46 AM,KXWTAMATCH-26APR18KOSMAR-MAR,9,3010,8,3229,7,3878,6,8493,5,6322,10,2024,11,8145,12,4001,15,11,17,5055,9.5
2026-04-18 01:31:46 AM,KXWTAMATCH-26APR18KOSMAR-MAR,9,3010,8,3229,7,3878,6,8493,5,6322,10,2024,11,8145,12,4001,15,11,16,5000,9.5
2026-04-18 01:31:46 AM,KXWTAMATCH-26APR18KOSMAR-MAR,9,3010,8,3229,7,1290,6,8493,5,6322,10,2024,11,8145,12,4001,15,11,16,5000,9.5
2026-04-18 01:31:46 AM,KXWTAMATCH-26APR18KOSMAR-MAR,9,3010,8,3229,7,1290,6,8493,5,6322,10,2024,11,8145,12,4001,15,46,16,5000,9.5
2026-04-18 01:31:47 AM,KXWTAMATCH-26APR18KOSMAR-MAR,9,3010,8,3264,7,1290,6,8493,5,6322,10,2024,11,8145,12,4001,15,46,16,5000,9.5
2026-04-18 01:31:48 AM,KXWTAMATCH-26APR18KOSMAR-MAR,9,3010,8,3264,7,3878,6,8493,5,6322,10,2024,11,8145,12,4001,15,46,16,5000,9.5
2026-04-18 01:31:59 AM,KXWTAMATCH-26APR18KOSMAR-MAR,9,3010,8,3264,7,1290,6,8493,5,6322,10,2024,11,8145,12,4001,15,46,16,5000,9.5
2026-04-18 01:31:59 AM,KXWTAMATCH-26APR18KOSMAR-MAR,9,3010,8,3264,7,1290,6,8493,5,6322,10,2024,11,8145,12,4001,15,5046,16,5000,9.5
2026-04-18 01:32:01 AM,KXWTAMATCH-26APR18KOSMAR-MAR,9,3010,8,3264,7,3878,6,8493,5,6322,10,2024,11,8145,12,4001,15,5046,16,5000,9.5
2026-04-18 01:32:01 AM,KXWTAMATCH-26APR18KOSMAR-MAR,9,3010,8,3264,7,3878,6,8493,5,6322,10,2024,11,8145,12,4001,15,5046,17,55,9.5
2026-04-18 01:32:01 AM,KXWTAMATCH-26APR18KOSMAR-MAR,9,3010,8,3264,7,3878,6,7895,5,6322,10,2024,11,8145,12,4001,15,5046,17,55,9.5
2026-04-18 01:32:02 AM,KXWTAMATCH-26APR18KOSMAR-MAR,9,3010,8,3264,7,3878,6,7208,5,6322,10,2024,11,8145,12,4001,15,5046,17,55,9.5
2026-04-18 01:32:02 AM,KXWTAMATCH-26APR18KOSMAR-MAR,9,3010,8,3264,7,3878,6,7258,5,6322,10,2024,11,8145,12,4001,15,5046,17,55,9.5
2026-04-18 01:32:02 AM,KXWTAMATCH-26APR18KOSMAR-MAR,9,3010,8,3264,7,3878,6,7191,5,6322,10,2024,11,8145,12,4001,15,5046,17,55,9.5
2026-04-18 01:32:10 AM,KXWTAMATCH-26APR18KOSMAR-MAR,9,3010,8,3264,7,3878,6,7191,5,6322,10,4612,11,8145,12,4001,15,5046,17,55,9.5
2026-04-18 01:32:10 AM,KXWTAMATCH-26APR18KOSMAR-MAR,9,3010,8,3264,7,3878,6,7191,5,6322,10,4612,11,8145,12,4001,14,5000,15,5046,9.5
2026-04-18 01:32:10 AM,KXWTAMATCH-26APR18KOSMAR-MAR,9,3010,8,3264,7,3878,6,7191,5,6322,10,4612,11,8145,12,4001,14,5000,15,5011,9.5
2026-04-18 01:32:10 AM,KXWTAMATCH-26APR18KOSMAR-MAR,9,3010,8,3264,7,3878,6,7191,5,6322,10,4612,11,8180,12,4001,14,5000,15,5011,9.5
2026-04-18 01:32:10 AM,KXWTAMATCH-26APR18KOSMAR-MAR,9,3010,8,3264,7,3878,6,7191,5,6322,10,4612,11,8180,12,4001,14,5000,15,11,9.5
2026-04-18 01:32:10 AM,KXWTAMATCH-26APR18KOSMAR-MAR,9,3010,8,3264,7,3878,6,7191,5,6322,10,4612,11,5592,12,4001,14,5000,15,11,9.5
2026-04-18 01:32:59 AM,KXWTAMATCH-26APR18KOSMAR-MAR,9,3010,8,3264,7,3878,6,7191,5,6322,10,4612,11,5592,12,3291,14,5000,15,11,9.5
2026-04-18 01:32:59 AM,KXWTAMATCH-26APR18KOSMAR-MAR,9,3010,8,3264,7,3878,6,7191,5,6322,10,4612,11,5592,12,4001,14,5000,15,11,9.5
2026-04-18 01:32:59 AM,KXWTAMATCH-26APR18KOSMAR-MAR,9,3010,8,3264,7,3878,6,7191,5,6322,10,4612,11,5592,12,4001,13,5000,14,5000,9.5
2026-04-18 01:34:31 AM,KXWTAMATCH-26APR18KOSMAR-MAR,9,3010,8,3264,7,3878,6,7191,5,6322,10,4612,11,5592,12,3291,13,5000,14,5000,9.5
2026-04-18 01:34:31 AM,KXWTAMATCH-26APR18KOSMAR-MAR,9,3010,8,3264,7,3878,6,7191,5,6322,10,4612,11,5592,12,4001,13,5000,14,5000,9.5
2026-04-18 01:34:31 AM,KXWTAMATCH-26APR18KOSMAR-MAR,9,3010,8,3264,7,3878,6,7191,5,6322,10,4612,11,5592,12,4001,13,5000,15,11,9.5
2026-04-18 01:34:31 AM,KXWTAMATCH-26APR18KOSMAR-MAR,9,3010,8,3264,7,3878,6,7191,5,6322,10,4612,11,5592,12,9001,13,5000,15,11,9.5
2026-04-18 01:36:13 AM,KXWTAMATCH-26APR18KOSMAR-MAR,9,3010,8,3264,7,3878,6,7191,5,6322,10,4612,11,5592,12,8291,13,5000,15,11,9.5
2026-04-18 01:36:13 AM,KXWTAMATCH-26APR18KOSMAR-MAR,9,3010,8,3264,7,3878,6,7191,5,6322,10,4612,11,5592,12,9001,13,5000,15,11,9.5
2026-04-18 01:38:06 AM,KXWTAMATCH-26APR18KOSMAR-MAR,9,3010,8,3264,7,3878,6,7191,5,6322,10,4608,11,5592,12,9001,13,5000,15,11,9.5
2026-04-18 01:38:06 AM,KXWTAMATCH-26APR18KOSMAR-MAR,9,3010,8,3264,7,3878,6,7191,5,6322,10,4608,11,5810,12,9001,13,5000,15,11,9.5
2026-04-18 01:38:07 AM,KXWTAMATCH-26APR18KOSMAR-MAR,9,2901,8,3264,7,3878,6,7191,5,6322,10,4608,11,5810,12,9001,13,5000,15,11,9.5
2026-04-18 01:38:08 AM,KXWTAMATCH-26APR18KOSMAR-MAR,9,2901,8,3223,7,3878,6,7191,5,6322,10,4608,11,5810,12,9001,13,5000,15,11,9.5
2026-04-18 01:38:08 AM,KXWTAMATCH-26APR18KOSMAR-MAR,9,2901,8,3156,7,3878,6,7191,5,6322,10,4608,11,5810,12,9001,13,5000,15,11,9.5
2026-04-18 01:38:25 AM,KXWTAMATCH-26APR18KOSMAR-MAR,9,2901,8,3156,7,3878,6,7191,5,6322,10,4608,11,5810,12,8291,13,5000,15,11,9.5
2026-04-18 01:38:25 AM,KXWTAMATCH-26APR18KOSMAR-MAR,9,2901,8,3156,7,3878,6,7191,5,6322,10,4608,11,5810,12,9001,13,5000,15,11,9.5
2026-04-18 01:38:38 AM,KXWTAMATCH-26APR18KOSMAR-MAR,9,2901,8,3156,7,3878,6,7191,5,6322,10,4608,11,5775,12,9001,13,5000,15,11,9.5
2026-04-18 01:38:38 AM,KXWTAMATCH-26APR18KOSMAR-MAR,9,2901,8,3121,7,3878,6,7191,5,6322,10,4608,11,5775,12,9001,13,5000,15,11,9.5
2026-04-18 01:39:25 AM,KXWTAMATCH-26APR18KOSMAR-MAR,9,2901,8,3121,7,3878,6,7191,5,6322,10,4608,11,5778,12,9001,13,5000,15,11,9.5
2026-04-18 01:39:25 AM,KXWTAMATCH-26APR18KOSMAR-MAR,9,2900,8,3121,7,3878,6,7191,5,6322,10,4608,11,5778,12,9001,13,5000,15,11,9.5
2026-04-18 01:39:25 AM,KXWTAMATCH-26APR18KOSMAR-MAR,9,2900,8,3120,7,3878,6,7191,5,6322,10,4608,11,5778,12,9001,13,5000,15,11,9.5
2026-04-18 01:39:57 AM,KXWTAMATCH-26APR18KOSMAR-MAR,9,2900,8,3120,7,3878,6,7141,5,6322,10,4608,11,5778,12,9001,13,5000,15,11,9.5
2026-04-18 01:39:57 AM,KXWTAMATCH-26APR18KOSMAR-MAR,9,2900,8,3120,7,3878,6,7141,5,6382,10,4608,11,5778,12,9001,13,5000,15,11,9.5
2026-04-18 01:40:11 AM,KXWTAMATCH-26APR18KOSMAR-MAR,9,2900,8,3120,7,3878,6,7141,5,6382,10,4608,11,5778,12,8291,13,5000,15,11,9.5
2026-04-18 01:40:11 AM,KXWTAMATCH-26APR18KOSMAR-MAR,9,2900,8,3120,7,3878,6,7141,5,6382,10,4608,11,5778,12,9001,13,5000,15,11,9.5
2026-04-18 01:40:59 AM,KXWTAMATCH-26APR18KOSMAR-MAR,9,2900,8,3120,7,3878,6,7141,5,6382,10,4149,11,5778,12,9001,13,5000,15,11,9.5
2026-04-18 01:40:59 AM,KXWTAMATCH-26APR18KOSMAR-MAR,9,2900,8,3120,7,3878,6,7141,5,6382,10,4029,11,5778,12,9001,13,5000,15,11,9.5
2026-04-18 01:40:59 AM,KXWTAMATCH-26APR18KOSMAR-MAR,9,2900,8,3120,7,3878,6,7141,5,6382,10,2609,11,5778,12,9001,13,5000,15,11,9.5
2026-04-18 01:41:00 AM,KXWTAMATCH-26APR18KOSMAR-MAR,9,2900,8,3120,7,3878,6,7141,5,6382,10,2609,11,5687,12,9001,13,5000,15,11,9.5
2026-04-18 01:41:00 AM,KXWTAMATCH-26APR18KOSMAR-MAR,9,2900,8,3120,7,3878,6,7208,5,6382,10,2609,11,5687,12,9001,13,5000,15,11,9.5
2026-04-18 01:41:00 AM,KXWTAMATCH-26APR18KOSMAR-MAR,9,2900,8,3120,7,3878,6,7208,5,6382,10,21,11,5687,12,9001,13,5000,15,11,9.5
2026-04-18 01:41:00 AM,KXWTAMATCH-26APR18KOSMAR-MAR,9,2900,8,3120,7,3878,6,7208,5,6382,10,21,11,5687,12,9093,13,5000,15,11,9.5
2026-04-18 01:41:00 AM,KXWTAMATCH-26APR18KOSMAR-MAR,9,2900,8,4908,7,3878,6,7208,5,6382,10,21,11,5687,12,9093,13,5000,15,11,9.5
2026-04-18 01:41:00 AM,KXWTAMATCH-26APR18KOSMAR-MAR,9,2900,8,4908,7,3878,6,7208,5,6382,10,178,11,5687,12,9093,13,5000,15,11,9.5
2026-04-18 01:41:00 AM,KXWTAMATCH-26APR18KOSMAR-MAR,9,2900,8,4908,7,3878,6,7208,5,6382,10,178,11,8275,12,9093,13,5000,15,11,9.5
2026-04-18 01:41:01 AM,KXWTAMATCH-26APR18KOSMAR-MAR,9,2900,8,4908,7,3878,6,7208,5,6382,10,178,11,5687,12,9093,13,5000,15,11,9.5
2026-04-18 01:41:08 AM,KXWTAMATCH-26APR18KOSMAR-MAR,9,2900,8,4908,7,3878,6,7208,5,6382,10,2766,11,5687,12,9093,13,5000,15,11,9.5
2026-04-18 01:41:19 AM,KXWTAMATCH-26APR18KOSMAR-MAR,9,2900,8,4908,7,3878,6,7208,5,6382,10,178,11,5687,12,9093,13,5000,15,11,9.5
2026-04-18 01:41:19 AM,KXWTAMATCH-26APR18KOSMAR-MAR,9,2900,8,4908,7,3878,6,7208,5,6382,10,178,11,8275,12,9093,13,5000,15,11,9.5
2026-04-18 01:41:29 AM,KXWTAMATCH-26APR18KOSMAR-MAR,9,2900,8,4908,7,3878,6,7208,5,6382,10,2766,11,8275,12,9093,13,5000,15,11,9.5
2026-04-18 01:41:29 AM,KXWTAMATCH-26APR18KOSMAR-MAR,9,2900,8,4908,7,3878,6,7208,5,6382,10,2766,11,5687,12,9093,13,5000,15,11,9.5
2026-04-18 01:42:21 AM,KXWTAMATCH-26APR18KOSMAR-MAR,9,2900,8,4908,7,3878,6,7208,5,6382,10,2766,11,5778,12,9093,13,5000,15,11,9.5
2026-04-18 01:42:21 AM,KXWTAMATCH-26APR18KOSMAR-MAR,9,2900,8,4908,7,3878,6,7208,5,6382,10,2766,11,5778,12,9001,13,5000,15,11,9.5
2026-04-18 01:42:28 AM,KXWTAMATCH-26APR18KOSMAR-MAR,9,2900,8,4908,7,3878,6,7208,5,6382,10,2766,11,5778,12,8291,13,5000,15,11,9.5
2026-04-18 01:42:28 AM,KXWTAMATCH-26APR18KOSMAR-MAR,9,2900,8,4908,7,3878,6,7208,5,6382,10,2766,11,5778,12,9001,13,5000,15,11,9.5
2026-04-18 01:43:18 AM,KXWTAMATCH-26APR18KOSMAR-MAR,9,2900,8,4908,7,3878,6,7208,5,6382,10,2766,11,5779,12,9001,13,5000,15,11,9.5
2026-04-18 01:43:18 AM,KXWTAMATCH-26APR18KOSMAR-MAR,9,2900,8,4943,7,3878,6,7208,5,6382,10,2766,11,5779,12,9001,13,5000,15,11,9.5
2026-04-18 01:43:18 AM,KXWTAMATCH-26APR18KOSMAR-MAR,9,2900,8,4943,7,3878,6,7208,5,6382,10,2766,11,5814,12,9001,13,5000,15,11,9.5
2026-04-18 01:44:09 AM,KXWTAMATCH-26APR18KOSMAR-MAR,9,2900,8,4943,7,3878,6,7208,5,6382,10,2756,11,5814,12,9001,13,5000,15,11,9.5
2026-04-18 01:44:09 AM,KXWTAMATCH-26APR18KOSMAR-MAR,9,2900,8,4908,7,3878,6,7208,5,6382,10,2756,11,5814,12,9001,13,5000,15,11,9.5
2026-04-18 01:44:09 AM,KXWTAMATCH-26APR18KOSMAR-MAR,9,2935,8,4908,7,3878,6,7208,5,6382,10,2756,11,5814,12,9001,13,5000,15,11,9.5
2026-04-18 01:44:09 AM,KXWTAMATCH-26APR18KOSMAR-MAR,9,2900,8,4908,7,3878,6,7208,5,6382,10,2756,11,5814,12,9001,13,5000,15,11,9.5
2026-04-18 01:44:09 AM,KXWTAMATCH-26APR18KOSMAR-MAR,9,2900,8,4943,7,3878,6,7208,5,6382,10,2756,11,5814,12,9001,13,5000,15,11,9.5
2026-04-18 01:44:09 AM,KXWTAMATCH-26APR18KOSMAR-MAR,9,2900,8,4943,7,3878,6,7208,5,6382,10,2876,11,5814,12,9001,13,5000,15,11,9.5
2026-04-18 01:44:27 AM,KXWTAMATCH-26APR18KOSMAR-MAR,9,2900,8,4943,7,3878,6,7208,5,6382,10,2876,11,5814,12,8291,13,5000,15,11,9.5
2026-04-18 01:44:27 AM,KXWTAMATCH-26APR18KOSMAR-MAR,9,2900,8,4943,7,3878,6,7208,5,6382,10,2876,11,5814,12,9001,13,5000,15,11,9.5
2026-04-18 01:44:55 AM,KXWTAMATCH-26APR18KOSMAR-MAR,9,2900,8,4943,7,3878,6,7208,5,6382,10,288,11,5814,12,9001,13,5000,15,11,9.5
2026-04-18 01:44:55 AM,KXWTAMATCH-26APR18KOSMAR-MAR,9,2900,8,4943,7,3878,6,7208,5,6382,10,288,11,5723,12,9001,13,5000,15,11,9.5
2026-04-18 01:44:55 AM,KXWTAMATCH-26APR18KOSMAR-MAR,9,2900,8,4943,7,3878,6,7208,5,6382,10,288,11,5723,12,9001,13,5000,14,94,9.5
2026-04-18 01:44:55 AM,KXWTAMATCH-26APR18KOSMAR-MAR,9,2900,8,4943,7,3878,6,7208,5,6382,10,288,11,8311,12,9001,13,5000,14,94,9.5
2026-04-18 01:44:59 AM,KXWTAMATCH-26APR18KOSMAR-MAR,9,2900,8,4943,7,1290,6,7208,5,6382,10,288,11,8311,12,9001,13,5000,14,94,9.5
2026-04-18 01:45:00 AM,KXWTAMATCH-26APR18KOSMAR-MAR,9,2900,8,4943,7,3878,6,7208,5,6382,10,288,11,8311,12,9001,13,5000,14,94,9.5
2026-04-18 01:45:01 AM,KXWTAMATCH-26APR18KOSMAR-MAR,9,2900,8,4943,7,1290,6,7208,5,6382,10,288,11,8311,12,9001,13,5000,14,94,9.5
2026-04-18 01:45:14 AM,KXWTAMATCH-26APR18KOSMAR-MAR,9,2900,8,4943,7,3878,6,7208,5,6382,10,288,11,8311,12,9001,13,5000,14,94,9.5
2026-04-18 01:45:23 AM,KXWTAMATCH-26APR18KOSMAR-MAR,9,2900,8,4943,7,1290,6,7208,5,6382,10,288,11,8311,12,9001,13,5000,14,94,9.5
2026-04-18 01:45:29 AM,KXWTAMATCH-26APR18KOSMAR-MAR,9,2900,8,4943,7,3878,6,7208,5,6382,10,288,11,8311,12,9001,13,5000,14,94,9.5
2026-04-18 01:45:31 AM,KXWTAMATCH-26APR18KOSMAR-MAR,9,2900,8,4943,7,1290,6,7208,5,6382,10,288,11,8311,12,9001,13,5000,14,94,9.5
2026-04-18 01:45:40 AM,KXWTAMATCH-26APR18KOSMAR-MAR,9,2900,8,4943,7,3878,6,7208,5,6382,10,288,11,8311,12,9001,13,5000,14,94,9.5
2026-04-18 01:45:44 AM,KXWTAMATCH-26APR18KOSMAR-MAR,9,2900,8,4943,7,1290,6,7208,5,6382,10,288,11,8311,12,9001,13,5000,14,94,9.5
2026-04-18 01:45:59 AM,KXWTAMATCH-26APR18KOSMAR-MAR,9,2900,8,4943,7,3878,6,7208,5,6382,10,288,11,8311,12,9001,13,5000,14,94,9.5
2026-04-18 01:45:59 AM,KXWTAMATCH-26APR18KOSMAR-MAR,9,2900,8,4943,7,1290,6,7208,5,6382,10,288,11,8311,12,9001,13,5000,14,94,9.5
2026-04-18 01:46:06 AM,KXWTAMATCH-26APR18KOSMAR-MAR,9,2900,8,4943,7,1290,6,7208,5,6382,10,288,11,8311,12,9711,13,5000,14,94,9.5
2026-04-18 01:46:06 AM,KXWTAMATCH-26APR18KOSMAR-MAR,9,2900,8,4943,7,1290,6,7208,5,6382,10,288,11,8311,12,9001,13,5000,14,94,9.5
2026-04-18 01:46:14 AM,KXWTAMATCH-26APR18KOSMAR-MAR,9,2900,8,4943,7,3878,6,7208,5,6382,10,288,11,8311,12,9001,13,5000,14,94,9.5
2026-04-18 01:46:15 AM,KXWTAMATCH-26APR18KOSMAR-MAR,9,2900,8,4943,7,1290,6,7208,5,6382,10,288,11,8311,12,9001,13,5000,14,94,9.5
2026-04-18 01:46:29 AM,KXWTAMATCH-26APR18KOSMAR-MAR,9,2900,8,4943,7,3878,6,7208,5,6382,10,288,11,8311,12,9001,13,5000,14,94,9.5
2026-04-18 01:46:45 AM,KXWTAMATCH-26APR18KOSMAR-MAR,9,2900,8,4943,7,1290,6,7208,5,6382,10,288,11,8311,12,9001,13,5000,14,94,9.5
2026-04-18 01:47:00 AM,KXWTAMATCH-26APR18KOSMAR-MAR,9,2900,8,4943,7,3878,6,7208,5,6382,10,288,11,8311,12,9001,13,5000,14,94,9.5
2026-04-18 01:47:01 AM,KXWTAMATCH-26APR18KOSMAR-MAR,9,2900,8,4943,7,3878,6,7208,5,6382,10,288,11,5723,12,9001,13,5000,14,94,9.5
2026-04-18 01:47:02 AM,KXWTAMATCH-26APR18KOSMAR-MAR,9,2900,8,4943,7,3878,6,7208,5,6382,10,288,11,8311,12,9001,13,5000,14,94,9.5
2026-04-18 01:47:06 AM,KXWTAMATCH-26APR18KOSMAR-MAR,9,2900,8,4943,7,1290,6,7208,5,6382,10,288,11,8311,12,9001,13,5000,14,94,9.5
2026-04-18 01:47:11 AM,KXWTAMATCH-26APR18KOSMAR-MAR,9,2900,8,4943,7,3878,6,7208,5,6382,10,288,11,8311,12,9001,13,5000,14,94,9.5
2026-04-18 01:48:05 AM,KXWTAMATCH-26APR18KOSMAR-MAR,9,2900,8,4943,7,3878,6,7208,5,6576,10,288,11,8311,12,9001,13,5000,14,94,9.5
2026-04-18 01:48:06 AM,KXWTAMATCH-26APR18KOSMAR-MAR,9,2900,8,4943,7,3878,6,7324,5,6576,10,288,11,8311,12,9001,13,5000,14,94,9.5
2026-04-18 01:48:18 AM,KXWTAMATCH-26APR18KOSMAR-MAR,9,2900,8,4943,7,1290,6,7324,5,6576,10,288,11,8311,12,9001,13,5000,14,94,9.5
2026-04-18 01:48:30 AM,KXWTAMATCH-26APR18KOSMAR-MAR,9,2900,8,4943,7,3878,6,7324,5,6576,10,288,11,8311,12,9001,13,5000,14,94,9.5
2026-04-18 01:48:32 AM,KXWTAMATCH-26APR18KOSMAR-MAR,9,2900,8,4943,7,3878,6,7324,5,6576,10,288,11,8311,12,8291,13,5000,14,94,9.5
2026-04-18 01:48:32 AM,KXWTAMATCH-26APR18KOSMAR-MAR,9,2900,8,4943,7,3878,6,7324,5,6576,10,288,11,8311,12,9001,13,5000,14,94,9.5
2026-04-18 01:49:04 AM,KXWTAMATCH-26APR18KOSMAR-MAR,9,2900,8,4943,7,3878,6,7324,5,6576,10,288,11,8320,12,9001,13,5000,14,94,9.5
2026-04-18 01:49:04 AM,KXWTAMATCH-26APR18KOSMAR-MAR,9,2896,8,4943,7,3878,6,7324,5,6576,10,288,11,8320,12,9001,13,5000,14,94,9.5
2026-04-18 01:49:04 AM,KXWTAMATCH-26APR18KOSMAR-MAR,9,2896,8,4939,7,3878,6,7324,5,6576,10,288,11,8320,12,9001,13,5000,14,94,9.5
2026-04-18 01:50:10 AM,KXWTAMATCH-26APR18KOSMAR-MAR,9,2896,8,4939,7,3878,6,7324,5,6576,10,288,11,5732,12,9001,13,5000,14,94,9.5
2026-04-18 01:50:25 AM,KXWTAMATCH-26APR18KOSMAR-MAR,9,2896,8,4939,7,3878,6,7324,5,6576,10,288,11,5733,12,9001,13,5000,14,94,9.5
2026-04-18 01:50:32 AM,KXWTAMATCH-26APR18KOSMAR-MAR,9,2896,8,4939,7,3878,6,7324,5,6576,10,288,11,8321,12,9001,13,5000,14,94,9.5
2026-04-18 01:50:33 AM,KXWTAMATCH-26APR18KOSMAR-MAR,9,2896,8,4939,7,3878,6,7324,5,6576,10,288,11,5733,12,9001,13,5000,14,94,9.5
2026-04-18 01:50:38 AM,KXWTAMATCH-26APR18KOSMAR-MAR,9,2896,8,4904,7,3878,6,7324,5,6576,10,288,11,5733,12,9001,13,5000,14,94,9.5
2026-04-18 01:50:38 AM,KXWTAMATCH-26APR18KOSMAR-MAR,9,2896,8,4904,7,3878,6,7324,5,6576,10,288,11,5698,12,9001,13,5000,14,94,9.5
2026-04-18 01:50:53 AM,KXWTAMATCH-26APR18KOSMAR-MAR,9,2896,8,4904,7,3878,6,7324,5,6576,10,288,11,5698,12,8291,13,5000,14,94,9.5
2026-04-18 01:50:53 AM,KXWTAMATCH-26APR18KOSMAR-MAR,9,2896,8,4904,7,3878,6,7324,5,6576,10,288,11,5698,12,9001,13,5000,14,94,9.5
2026-04-18 01:51:16 AM,KXWTAMATCH-26APR18KOSMAR-MAR,9,2896,8,4904,7,3878,6,7324,5,6576,10,288,11,8286,12,9001,13,5000,14,94,9.5
2026-04-18 01:52:29 AM,KXWTAMATCH-26APR18KOSMAR-MAR,9,2896,8,4904,7,3878,6,7324,5,6576,10,288,11,8287,12,9001,13,5000,14,94,9.5
2026-04-18 01:52:33 AM,KXWTAMATCH-26APR18KOSMAR-MAR,9,2896,8,4904,7,3878,6,7324,5,6576,10,288,11,8287,12,9711,13,5000,14,94,9.5
2026-04-18 01:52:33 AM,KXWTAMATCH-26APR18KOSMAR-MAR,9,2896,8,4904,7,3878,6,7324,5,6576,10,288,11,8287,12,9001,13,5000,14,94,9.5
2026-04-18 01:52:56 AM,KXWTAMATCH-26APR18KOSMAR-MAR,9,2896,8,4883,7,3878,6,7324,5,6576,10,288,11,8287,12,9001,13,5000,14,94,9.5
2026-04-18 01:52:57 AM,KXWTAMATCH-26APR18KOSMAR-MAR,9,2896,8,4883,7,1290,6,7324,5,6576,10,288,11,8287,12,9001,13,5000,14,94,9.5
2026-04-18 01:52:57 AM,KXWTAMATCH-26APR18KOSMAR-MAR,9,2896,8,4883,7,3883,6,7324,5,6576,10,288,11,8287,12,9001,13,5000,14,94,9.5
2026-04-18 01:52:58 AM,KXWTAMATCH-26APR18KOSMAR-MAR,9,2896,8,4883,7,3883,6,7324,5,6576,10,288,11,8287,12,8291,13,5000,14,94,9.5
2026-04-18 01:52:58 AM,KXWTAMATCH-26APR18KOSMAR-MAR,9,2896,8,4883,7,3883,6,7324,5,6576,10,288,11,8287,12,9001,13,5000,14,94,9.5
2026-04-18 01:52:59 AM,KXWTAMATCH-26APR18KOSMAR-MAR,9,2896,8,4883,7,3883,6,7324,5,6576,10,288,11,5699,12,9001,13,5000,14,94,9.5
2026-04-18 01:53:12 AM,KXWTAMATCH-26APR18KOSMAR-MAR,9,2896,8,4883,7,3883,6,7324,5,6576,10,288,11,8292,12,9001,13,5000,14,94,9.5
2026-04-18 01:54:56 AM,KXWTAMATCH-26APR18KOSMAR-MAR,9,2896,8,4883,7,3883,6,7324,5,6576,10,288,11,8292,12,9711,13,5000,14,94,9.5
2026-04-18 01:54:56 AM,KXWTAMATCH-26APR18KOSMAR-MAR,9,2896,8,4883,7,3883,6,7324,5,6576,10,288,11,8292,12,9001,13,5000,14,94,9.5
2026-04-18 01:54:56 AM,KXWTAMATCH-26APR18KOSMAR-MAR,9,2882,8,4883,7,3883,6,7324,5,6576,10,288,11,8292,12,9001,13,5000,14,94,9.5
2026-04-18 01:54:57 AM,KXWTAMATCH-26APR18KOSMAR-MAR,9,2882,8,4883,7,3883,6,7324,5,6576,10,288,11,8306,12,9001,13,5000,14,94,9.5
2026-04-18 01:55:20 AM,KXWTAMATCH-26APR18KOSMAR-MAR,9,2882,8,7476,7,3883,6,7324,5,6576,10,288,11,8306,12,9001,13,5000,14,94,9.5
2026-04-18 01:55:20 AM,KXWTAMATCH-26APR18KOSMAR-MAR,9,2882,8,7476,7,3941,6,7324,5,6576,10,288,11,8306,12,9001,13,5000,14,94,9.5
2026-04-18 01:55:20 AM,KXWTAMATCH-26APR18KOSMAR-MAR,9,2882,8,7476,7,3941,6,7257,5,6576,10,288,11,8306,12,9001,13,5000,14,94,9.5
2026-04-18 01:55:20 AM,KXWTAMATCH-26APR18KOSMAR-MAR,9,2882,8,7476,7,1348,6,7257,5,6576,10,288,11,8306,12,9001,13,5000,14,94,9.5
2026-04-18 01:55:30 AM,KXWTAMATCH-26APR18KOSMAR-MAR,9,2882,8,7476,7,3941,6,7257,5,6576,10,288,11,8306,12,9001,13,5000,14,94,9.5
2026-04-18 01:55:30 AM,KXWTAMATCH-26APR18KOSMAR-MAR,9,2882,8,4883,7,3941,6,7257,5,6576,10,288,11,8306,12,9001,13,5000,14,94,9.5
2026-04-18 01:55:34 AM,KXWTAMATCH-26APR18KOSMAR-MAR,9,2882,8,4883,7,3941,6,7257,5,6576,10,288,11,8397,12,9001,13,5000,14,94,9.5
2026-04-18 01:55:34 AM,KXWTAMATCH-26APR18KOSMAR-MAR,9,2882,8,4883,7,3941,6,7257,5,6576,10,288,11,8397,12,9001,13,5000,15,11,9.5
2026-04-18 01:55:34 AM,KXWTAMATCH-26APR18KOSMAR-MAR,9,2882,8,4883,7,3941,6,7257,5,6576,10,288,11,5804,12,9001,13,5000,15,11,9.5
2026-04-18 01:55:34 AM,KXWTAMATCH-26APR18KOSMAR-MAR,9,2882,8,4883,7,3941,6,7257,5,6576,10,288,11,8397,12,9001,13,5000,15,11,9.5
2026-04-18 01:55:50 AM,KXWTAMATCH-26APR18KOSMAR-MAR,9,2882,8,4883,7,3941,6,7257,5,6576,10,288,11,5804,12,9001,13,5000,15,11,9.5
2026-04-18 01:55:50 AM,KXWTAMATCH-26APR18KOSMAR-MAR,9,2882,8,4883,7,3883,6,7257,5,6576,10,288,11,5804,12,9001,13,5000,15,11,9.5
2026-04-18 01:55:50 AM,KXWTAMATCH-26APR18KOSMAR-MAR,9,2882,8,4883,7,3883,6,7328,5,6576,10,288,11,5804,12,9001,13,5000,15,11,9.5
2026-04-18 01:55:50 AM,KXWTAMATCH-26APR18KOSMAR-MAR,9,2882,8,7476,7,3883,6,7328,5,6576,10,288,11,5804,12,9001,13,5000,15,11,9.5
2026-04-18 01:55:50 AM,KXWTAMATCH-26APR18KOSMAR-MAR,9,2882,8,7476,7,3883,6,7257,5,6576,10,288,11,5804,12,9001,13,5000,15,11,9.5
2026-04-18 01:55:50 AM,KXWTAMATCH-26APR18KOSMAR-MAR,9,2882,8,7476,7,3927,6,7257,5,6576,10,288,11,5804,12,9001,13,5000,15,11,9.5
2026-04-18 01:55:50 AM,KXWTAMATCH-26APR18KOSMAR-MAR,9,2882,8,7476,7,3927,6,7257,5,6576,10,288,11,5713,12,9001,13,5000,15,11,9.5
2026-04-18 01:55:50 AM,KXWTAMATCH-26APR18KOSMAR-MAR,9,2882,8,7476,7,3927,6,7257,5,6576,10,288,11,8306,12,9001,13,5000,15,11,9.5
2026-04-18 01:55:50 AM,KXWTAMATCH-26APR18KOSMAR-MAR,9,2882,8,4883,7,3927,6,7257,5,6576,10,288,11,8306,12,9001,13,5000,15,11,9.5
2026-04-18 01:55:50 AM,KXWTAMATCH-26APR18KOSMAR-MAR,9,2882,8,4883,7,3927,6,7257,5,6576,10,288,11,8306,12,9001,13,5000,14,94,9.5
2026-04-18 01:55:50 AM,KXWTAMATCH-26APR18KOSMAR-MAR,9,2882,8,4883,7,1334,6,7257,5,6576,10,288,11,8306,12,9001,13,5000,14,94,9.5
2026-04-18 01:55:50 AM,KXWTAMATCH-26APR18KOSMAR-MAR,9,2882,8,4883,7,1290,6,7257,5,6576,10,288,11,8306,12,9001,13,5000,14,94,9.5
2026-04-18 01:55:50 AM,KXWTAMATCH-26APR18KOSMAR-MAR,9,2882,8,4883,7,1290,6,7323,5,6576,10,288,11,8306,12,9001,13,5000,14,94,9.5
2026-04-18 01:55:52 AM,KXWTAMATCH-26APR18KOSMAR-MAR,9,2882,8,4883,7,1290,6,7323,5,6576,10,288,11,5713,12,9001,13,5000,14,94,9.5
2026-04-18 01:55:59 AM,KXWTAMATCH-26APR18KOSMAR-MAR,9,2882,8,4883,7,3883,6,7323,5,6576,10,288,11,5713,12,9001,13,5000,14,94,9.5
2026-04-18 01:55:59 AM,KXWTAMATCH-26APR18KOSMAR-MAR,9,2882,8,4883,7,3883,6,7323,5,6576,10,288,11,8306,12,9001,13,5000,14,94,9.5
2026-04-18 01:55:59 AM,KXWTAMATCH-26APR18KOSMAR-MAR,9,2882,8,4883,7,1290,6,7323,5,6576,10,288,11,8306,12,9001,13,5000,14,94,9.5
2026-04-18 01:56:01 AM,KXWTAMATCH-26APR18KOSMAR-MAR,9,2882,8,4883,7,1290,6,7323,5,6576,10,288,11,5713,12,9001,13,5000,14,94,9.5
2026-04-18 01:56:38 AM,KXWTAMATCH-26APR18KOSMAR-MAR,9,2882,8,4883,7,3883,6,7323,5,6576,10,288,11,5713,12,9001,13,5000,14,94,9.5
2026-04-18 01:56:38 AM,KXWTAMATCH-26APR18KOSMAR-MAR,9,2882,8,4883,7,3883,6,7323,5,6576,10,2881,11,5713,12,9001,13,5000,14,94,9.5
2026-04-18 01:56:38 AM,KXWTAMATCH-26APR18KOSMAR-MAR,9,2882,8,4883,7,3883,6,7323,5,6576,10,2881,11,5713,12,9001,13,5000,15,11,9.5
2026-04-18 01:56:39 AM,KXWTAMATCH-26APR18KOSMAR-MAR,9,2882,8,4883,7,3883,6,7323,5,6576,10,2893,11,5713,12,9001,13,5000,15,11,9.5
2026-04-18 01:56:39 AM,KXWTAMATCH-26APR18KOSMAR-MAR,9,2882,8,4883,7,3883,6,7323,5,6576,10,2893,11,5713,12,8958,13,5000,15,11,9.5
2026-04-18 01:56:39 AM,KXWTAMATCH-26APR18KOSMAR-MAR,9,2882,8,4883,7,3883,6,7323,5,6576,10,2893,11,5804,12,8958,13,5000,15,11,9.5
2026-04-18 01:57:21 AM,KXWTAMATCH-26APR18KOSMAR-MAR,9,2882,8,4883,7,3883,6,7323,5,6576,10,2893,11,5804,12,8248,13,5000,15,11,9.5
2026-04-18 01:57:21 AM,KXWTAMATCH-26APR18KOSMAR-MAR,9,2882,8,4883,7,3883,6,7323,5,6576,10,2893,11,5804,12,8958,13,5000,15,11,9.5
2026-04-18 01:59:45 AM,KXWTAMATCH-26APR18KOSMAR-MAR,9,2882,8,4883,7,3883,6,7323,5,6576,10,2893,11,5804,12,8248,13,5000,15,11,9.5
2026-04-18 01:59:45 AM,KXWTAMATCH-26APR18KOSMAR-MAR,9,2882,8,4883,7,3883,6,7323,5,6576,10,2893,11,5804,12,8958,13,5000,15,11,9.5
2026-04-18 02:00:30 AM,KXWTAMATCH-26APR18KOSMAR-MAR,9,2872,8,4883,7,3883,6,7323,5,6576,10,2893,11,5804,12,8958,13,5000,15,11,9.5
2026-04-18 02:01:03 AM,KXWTAMATCH-26APR18KOSMAR-MAR,9,2872,8,4883,7,3939,6,7323,5,6576,10,2893,11,5804,12,8958,13,5000,15,11,9.5
2026-04-18 02:01:04 AM,KXWTAMATCH-26APR18KOSMAR-MAR,9,2872,8,4883,7,3939,6,7257,5,6576,10,2893,11,5804,12,8958,13,5000,15,11,9.5
2026-04-18 02:01:50 AM,KXWTAMATCH-26APR18KOSMAR-MAR,9,2872,8,4883,7,3939,6,7257,5,6576,10,2893,11,5804,12,8248,13,5000,15,11,9.5
2026-04-18 02:01:50 AM,KXWTAMATCH-26APR18KOSMAR-MAR,9,2872,8,4883,7,3939,6,7257,5,6576,10,2893,11,5804,12,8958,13,5000,15,11,9.5
2026-04-18 02:03:03 AM,KXWTAMATCH-26APR18KOSMAR-MAR,9,2872,8,4929,7,3939,6,7257,5,6576,10,2893,11,5804,12,8958,13,5000,15,11,9.5
2026-04-18 02:03:03 AM,KXWTAMATCH-26APR18KOSMAR-MAR,9,2872,8,4929,7,3939,6,7257,5,6576,10,300,11,5804,12,8958,13,5000,15,11,9.5
2026-04-18 02:03:03 AM,KXWTAMATCH-26APR18KOSMAR-MAR,9,2872,8,4929,7,3939,6,7257,5,6576,10,300,11,5804,12,9001,13,5000,15,11,9.5
2026-04-18 02:03:03 AM,KXWTAMATCH-26APR18KOSMAR-MAR,9,2872,8,4929,7,3939,6,7257,5,6576,10,288,11,5804,12,9001,13,5000,15,11,9.5
2026-04-18 02:03:03 AM,KXWTAMATCH-26APR18KOSMAR-MAR,9,2872,8,4929,7,3939,6,7257,5,6576,10,288,11,10804,12,9001,13,5000,15,11,9.5
2026-04-18 02:03:03 AM,KXWTAMATCH-26APR18KOSMAR-MAR,9,2872,8,4929,7,3939,6,7257,5,6576,10,288,11,10804,12,9001,15,11,18,470,9.5
2026-04-18 02:03:03 AM,KXWTAMATCH-26APR18KOSMAR-MAR,9,2872,8,4929,7,3939,6,7257,5,6576,10,2868,11,10804,12,9001,15,11,18,470,9.5
2026-04-18 02:03:04 AM,KXWTAMATCH-26APR18KOSMAR-MAR,9,2872,8,4929,7,3939,6,7257,5,6576,10,2868,11,10804,12,8291,15,11,18,470,9.5
2026-04-18 02:03:04 AM,KXWTAMATCH-26APR18KOSMAR-MAR,9,2872,8,4929,7,3939,6,7257,5,6576,10,2868,11,10804,12,9001,15,11,18,470,9.5
2026-04-18 02:03:04 AM,KXWTAMATCH-26APR18KOSMAR-MAR,9,2872,8,4929,7,3939,6,7257,5,6576,10,2868,11,10804,12,8958,15,11,18,470,9.5
2026-04-18 02:03:04 AM,KXWTAMATCH-26APR18KOSMAR-MAR,9,2872,8,4929,7,3939,6,7257,5,6576,10,2880,11,10804,12,8958,15,11,18,470,9.5
2026-04-18 02:03:04 AM,KXWTAMATCH-26APR18KOSMAR-MAR,9,2872,8,7509,7,3939,6,7257,5,6576,10,2880,11,10804,12,8958,15,11,18,470,9.5
2026-04-18 02:03:04 AM,KXWTAMATCH-26APR18KOSMAR-MAR,9,2872,8,7509,7,3939,6,7257,5,6576,10,300,11,10804,12,8958,15,11,18,470,9.5
2026-04-18 02:03:04 AM,KXWTAMATCH-26APR18KOSMAR-MAR,9,2872,8,7509,7,3939,6,7257,5,6576,10,300,11,5804,12,8958,15,11,18,470,9.5
2026-04-18 02:03:04 AM,KXWTAMATCH-26APR18KOSMAR-MAR,9,2872,8,7509,7,3939,6,7257,5,6576,10,300,11,5804,12,3958,15,11,18,470,9.5
2026-04-18 02:03:04 AM,KXWTAMATCH-26APR18KOSMAR-MAR,9,2872,8,7509,7,1346,6,7257,5,6576,10,300,11,5804,12,3958,15,11,18,470,9.5
2026-04-18 02:03:04 AM,KXWTAMATCH-26APR18KOSMAR-MAR,9,2872,8,7509,7,1346,6,7257,5,6576,10,300,11,5804,12,4001,15,11,18,470,9.5
2026-04-18 02:03:04 AM,KXWTAMATCH-26APR18KOSMAR-MAR,9,2872,8,7509,7,1346,6,7257,5,6576,10,288,11,5804,12,4001,15,11,18,470,9.5
2026-04-18 02:03:07 AM,KXWTAMATCH-26APR18KOSMAR-MAR,9,2872,8,4929,7,1346,6,7257,5,6576,10,288,11,5804,12,4001,15,11,18,470,9.5
2026-04-18 02:03:07 AM,KXWTAMATCH-26APR18KOSMAR-MAR,9,2872,8,4929,7,1346,6,7257,5,6576,10,288,11,5804,12,4001,15,11,17,5000,9.5
2026-04-18 02:03:21 AM,KXWTAMATCH-26APR18KOSMAR-MAR,9,2872,8,4929,7,3926,6,7257,5,6576,10,288,11,5804,12,4001,15,11,17,5000,9.5
2026-04-18 02:03:21 AM,KXWTAMATCH-26APR18KOSMAR-MAR,9,2872,8,4929,7,3926,6,7257,5,6576,10,288,11,8384,12,4001,15,11,17,5000,9.5
2026-04-18 02:03:21 AM,KXWTAMATCH-26APR18KOSMAR-MAR,9,2872,8,4929,7,3926,6,7257,5,6576,10,288,11,8384,12,4001,15,11,16,5000,9.5
2026-04-18 02:03:21 AM,KXWTAMATCH-26APR18KOSMAR-MAR,9,2872,8,4929,7,3926,6,7257,5,6576,10,288,11,5804,12,4001,15,11,16,5000,9.5
2026-04-18 02:03:30 AM,KXWTAMATCH-26APR18KOSMAR-MAR,9,2872,8,4929,7,3926,6,7257,5,6576,10,288,11,8384,12,4001,15,11,16,5000,9.5
2026-04-18 02:03:30 AM,KXWTAMATCH-26APR18KOSMAR-MAR,9,2872,8,4929,7,3926,6,7257,5,6576,10,288,11,8384,12,4001,15,5011,16,5000,9.5
2026-04-18 02:03:31 AM,KXWTAMATCH-26APR18KOSMAR-MAR,9,2872,8,4929,7,3926,6,7257,5,6576,10,288,11,8384,12,4001,15,5011,18,470,9.5
2026-04-18 02:03:37 AM,KXWTAMATCH-26APR18KOSMAR-MAR,9,2872,8,4929,7,3870,6,7257,5,6576,10,288,11,8384,12,4001,15,5011,18,470,9.5
2026-04-18 02:03:37 AM,KXWTAMATCH-26APR18KOSMAR-MAR,9,2872,8,4929,7,3870,6,7257,5,6576,10,288,11,8293,12,4001,15,5011,18,470,9.5
2026-04-18 02:03:38 AM,KXWTAMATCH-26APR18KOSMAR-MAR,9,2872,8,4929,7,3870,6,7257,5,6576,10,288,11,8293,12,4001,14,5000,15,5011,9.5
2026-04-18 02:03:38 AM,KXWTAMATCH-26APR18KOSMAR-MAR,9,2872,8,4929,7,3870,6,7257,5,6576,10,288,11,8293,12,4001,14,5000,15,10011,9.5
2026-04-18 02:03:38 AM,KXWTAMATCH-26APR18KOSMAR-MAR,9,2872,8,4929,7,3870,6,7257,5,6576,10,288,11,8293,12,4001,14,5000,15,5011,9.5
2026-04-18 02:03:38 AM,KXWTAMATCH-26APR18KOSMAR-MAR,9,2872,8,4929,7,3870,6,7323,5,6576,10,288,11,8293,12,4001,14,5000,15,5011,9.5
2026-04-18 02:03:38 AM,KXWTAMATCH-26APR18KOSMAR-MAR,9,2872,8,4929,7,3870,6,7323,5,6576,10,288,11,8293,12,4093,14,5000,15,5011,9.5
2026-04-18 02:03:38 AM,KXWTAMATCH-26APR18KOSMAR-MAR,9,2872,8,4929,7,1290,6,7323,5,6576,10,288,11,8293,12,4093,14,5000,15,5011,9.5
2026-04-18 02:03:38 AM,KXWTAMATCH-26APR18KOSMAR-MAR,9,2872,8,4929,7,1290,6,7323,5,6576,10,288,11,8293,12,3383,14,5000,15,5011,9.5
2026-04-18 02:03:38 AM,KXWTAMATCH-26APR18KOSMAR-MAR,9,2872,8,4929,7,1290,6,7323,5,6576,10,288,11,8293,12,4093,14,5000,15,5011,9.5
2026-04-18 02:03:38 AM,KXWTAMATCH-26APR18KOSMAR-MAR,9,2872,8,7509,7,1290,6,7323,5,6576,10,288,11,8293,12,4093,14,5000,15,5011,9.5
2026-04-18 02:05:17 AM,KXWTAMATCH-26APR18KOSMAR-MAR,9,2872,8,7509,7,1290,6,7323,5,6576,10,288,11,8293,12,3383,14,5000,15,5011,9.5
2026-04-18 02:05:17 AM,KXWTAMATCH-26APR18KOSMAR-MAR,9,2872,8,7509,7,1290,6,7323,5,6576,10,288,11,8293,12,4093,14,5000,15,5011,9.5
2026-04-18 02:05:17 AM,KXWTAMATCH-26APR18KOSMAR-MAR,9,2872,8,7509,7,1290,6,7323,5,6576,10,288,11,8293,12,4093,13,5000,14,5000,9.5
2026-04-18 02:05:39 AM,KXWTAMATCH-26APR18KOSMAR-MAR,9,2872,8,7509,7,1346,6,7323,5,6576,10,288,11,8293,12,4093,13,5000,14,5000,9.5
2026-04-18 02:05:39 AM,KXWTAMATCH-26APR18KOSMAR-MAR,9,2872,8,7509,7,1346,6,7323,5,6576,10,288,11,8293,12,4093,13,5000,15,5011,9.5
2026-04-18 02:05:39 AM,KXWTAMATCH-26APR18KOSMAR-MAR,9,2872,8,7509,7,1346,6,7323,5,6576,10,288,11,8293,12,9093,13,5000,15,5011,9.5
2026-04-18 02:05:39 AM,KXWTAMATCH-26APR18KOSMAR-MAR,9,2872,8,7509,7,1346,6,7257,5,6576,10,288,11,8293,12,9093,13,5000,15,5011,9.5
