ts_et,ticker,bid_1,bid_1_sz,bid_2,bid_2_sz,bid_3,bid_3_sz,bid_4,bid_4_sz,bid_5,bid_5_sz,ask_1,ask_1_sz,ask_2,ask_2_sz,ask_3,ask_3_sz,ask_4,ask_4_sz,ask_5,ask_5_sz,mid
2026-04-17 09:43:06 PM,KXWTAMATCH-26APR18KOSMAR-KOS,90,882,89,8774,88,6073,87,93,85,400,91,3918,92,4631,93,14042,94,7859,95,6225,90.5
2026-04-17 09:46:10 PM,KXWTAMATCH-26APR18KOSMAR-KOS,90,882,89,8774,88,6073,87,93,85,400,91,3916,92,4631,93,14042,94,7859,95,6225,90.5
2026-04-17 09:46:10 PM,KXWTAMATCH-26APR18KOSMAR-KOS,90,882,89,8524,88,6073,87,93,85,400,91,3916,92,4631,93,14042,94,7859,95,6225,90.5
2026-04-17 09:46:10 PM,KXWTAMATCH-26APR18KOSMAR-KOS,90,1132,89,8524,88,6073,87,93,85,400,91,3916,92,4631,93,14042,94,7859,95,6225,90.5
2026-04-17 09:46:10 PM,KXWTAMATCH-26APR18KOSMAR-KOS,90,1132,89,8524,88,6073,87,93,85,400,91,3666,92,4631,93,14042,94,7859,95,6225,90.5
2026-04-17 09:46:10 PM,KXWTAMATCH-26APR18KOSMAR-KOS,90,1132,89,8524,88,6073,87,93,85,400,91,3666,92,4881,93,14042,94,7859,95,6225,90.5
2026-04-17 09:46:11 PM,KXWTAMATCH-26APR18KOSMAR-KOS,90,1132,89,8525,88,6073,87,93,85,400,91,3666,92,4881,93,14042,94,7859,95,6225,90.5
2026-04-17 09:46:12 PM,KXWTAMATCH-26APR18KOSMAR-KOS,90,1132,89,8525,88,6074,87,93,85,400,91,3666,92,4881,93,14042,94,7859,95,6225,90.5
2026-04-17 09:49:52 PM,KXWTAMATCH-26APR18KOSMAR-KOS,90,1149,89,8525,88,6074,87,93,85,400,91,3666,92,4881,93,14042,94,7859,95,6225,90.5
2026-04-17 09:50:15 PM,KXWTAMATCH-26APR18KOSMAR-KOS,90,1149,89,8525,88,6074,87,93,85,400,91,3616,92,4881,93,14042,94,7859,95,6225,90.5
2026-04-17 09:50:16 PM,KXWTAMATCH-26APR18KOSMAR-KOS,90,1149,89,8525,88,6074,87,93,85,400,91,3666,92,4881,93,14042,94,7859,95,6225,90.5
2026-04-17 09:50:17 PM,KXWTAMATCH-26APR18KOSMAR-KOS,90,1149,89,8525,88,6074,87,93,85,400,91,3616,92,4881,93,14042,94,7859,95,6225,90.5
2026-04-17 09:50:17 PM,KXWTAMATCH-26APR18KOSMAR-KOS,90,1149,89,8550,88,6074,87,93,85,400,91,3616,92,4881,93,14042,94,7859,95,6225,90.5
2026-04-17 09:50:18 PM,KXWTAMATCH-26APR18KOSMAR-KOS,90,1149,89,8550,88,6099,87,93,85,400,91,3616,92,4881,93,14042,94,7859,95,6225,90.5
2026-04-17 09:53:15 PM,KXWTAMATCH-26APR18KOSMAR-KOS,90,3787,89,8550,88,6099,87,93,85,400,91,3616,92,4881,93,14042,94,7859,95,6225,90.5
2026-04-17 09:53:15 PM,KXWTAMATCH-26APR18KOSMAR-KOS,90,3787,89,8550,88,6191,87,93,85,400,91,3616,92,4881,93,14042,94,7859,95,6225,90.5
2026-04-17 09:53:15 PM,KXWTAMATCH-26APR18KOSMAR-KOS,90,3787,89,8550,88,6191,85,400,81,5,91,3616,92,4881,93,14042,94,7859,95,6225,90.5
2026-04-17 09:53:15 PM,KXWTAMATCH-26APR18KOSMAR-KOS,90,3787,89,5912,88,6191,85,400,81,5,91,3616,92,4881,93,14042,94,7859,95,6225,90.5
2026-04-17 09:53:15 PM,KXWTAMATCH-26APR18KOSMAR-KOS,90,3787,89,5912,88,6191,85,400,81,5,91,3616,92,4881,93,14042,94,7859,95,4102,90.5
2026-04-17 09:53:15 PM,KXWTAMATCH-26APR18KOSMAR-KOS,90,3787,89,5912,88,6191,85,400,81,5,91,3616,92,4881,93,14875,94,7859,95,4102,90.5
2026-04-17 09:54:58 PM,KXWTAMATCH-26APR18KOSMAR-KOS,90,3787,89,5912,88,6191,85,400,81,5,91,3616,92,4881,93,14875,94,10497,95,4102,90.5
2026-04-17 09:54:58 PM,KXWTAMATCH-26APR18KOSMAR-KOS,90,3787,89,5912,88,6191,85,400,81,5,91,3616,92,4881,93,12237,94,10497,95,4102,90.5
2026-04-17 09:54:58 PM,KXWTAMATCH-26APR18KOSMAR-KOS,90,1149,89,5912,88,6191,85,400,81,5,91,3616,92,4881,93,12237,94,10497,95,4102,90.5
2026-04-17 09:54:59 PM,KXWTAMATCH-26APR18KOSMAR-KOS,90,3787,89,5912,88,6191,85,400,81,5,91,3616,92,4881,93,12237,94,10497,95,4102,90.5
2026-04-17 09:55:06 PM,KXWTAMATCH-26APR18KOSMAR-KOS,90,3787,89,5912,88,6191,85,400,81,5,91,3616,92,4881,93,14875,94,10497,95,4102,90.5
2026-04-17 09:55:07 PM,KXWTAMATCH-26APR18KOSMAR-KOS,90,3787,89,5912,88,6191,85,400,81,5,91,3616,92,4881,93,14875,94,7859,95,4102,90.5
2026-04-17 09:59:06 PM,KXWTAMATCH-26APR18KOSMAR-KOS,90,3787,89,5912,88,6191,85,400,81,5,91,3650,92,4881,93,14875,94,7859,95,4102,90.5
2026-04-17 09:59:13 PM,KXWTAMATCH-26APR18KOSMAR-KOS,90,3787,89,5912,88,6191,85,400,81,5,91,3600,92,4881,93,14875,94,7859,95,4102,90.5
2026-04-17 09:59:14 PM,KXWTAMATCH-26APR18KOSMAR-KOS,90,3787,89,5937,88,6191,85,400,81,5,91,3600,92,4881,93,14875,94,7859,95,4102,90.5
2026-04-17 09:59:14 PM,KXWTAMATCH-26APR18KOSMAR-KOS,90,3787,89,5937,88,6216,85,400,81,5,91,3600,92,4881,93,14875,94,7859,95,4102,90.5
2026-04-17 10:01:23 PM,KXWTAMATCH-26APR18KOSMAR-KOS,90,3787,89,5937,88,6216,85,400,81,5,91,3833,92,4881,93,14875,94,7859,95,4102,90.5
2026-04-17 10:03:01 PM,KXWTAMATCH-26APR18KOSMAR-KOS,90,3787,89,5937,88,6216,85,400,81,5,91,3979,92,4881,93,14875,94,7859,95,4102,90.5
2026-04-17 10:03:51 PM,KXWTAMATCH-26APR18KOSMAR-KOS,90,3787,89,5937,88,6216,85,400,81,5,91,3979,92,4881,93,14042,94,7859,95,4102,90.5
2026-04-17 10:03:51 PM,KXWTAMATCH-26APR18KOSMAR-KOS,90,3787,89,5937,88,6216,85,400,81,5,91,3979,92,4881,93,14869,94,7859,95,4102,90.5
2026-04-17 10:13:40 PM,KXWTAMATCH-26APR18KOSMAR-KOS,90,3787,89,5937,88,6216,85,400,81,5,91,3979,92,4881,93,14869,94,7859,95,6102,90.5
2026-04-17 10:15:01 PM,KXWTAMATCH-26APR18KOSMAR-KOS,90,3777,89,5937,88,6216,85,400,81,5,91,3979,92,4881,93,14869,94,7859,95,6102,90.5
2026-04-17 10:15:02 PM,KXWTAMATCH-26APR18KOSMAR-KOS,90,3787,89,5937,88,6216,85,400,81,5,91,3979,92,4881,93,14869,94,7859,95,6102,90.5
2026-04-17 10:15:02 PM,KXWTAMATCH-26APR18KOSMAR-KOS,90,3537,89,5937,88,6216,85,400,81,5,91,3979,92,4881,93,14869,94,7859,95,6102,90.5
2026-04-17 10:15:02 PM,KXWTAMATCH-26APR18KOSMAR-KOS,90,3537,89,6187,88,6216,85,400,81,5,91,3979,92,4881,93,14869,94,7859,95,6102,90.5
2026-04-17 10:15:02 PM,KXWTAMATCH-26APR18KOSMAR-KOS,90,3537,89,6187,88,6216,85,400,81,5,91,3979,92,4631,93,14869,94,7859,95,6102,90.5
2026-04-17 10:15:02 PM,KXWTAMATCH-26APR18KOSMAR-KOS,90,3537,89,6187,88,6216,85,400,81,5,91,4229,92,4631,93,14869,94,7859,95,6102,90.5
2026-04-17 10:15:24 PM,KXWTAMATCH-26APR18KOSMAR-KOS,90,3537,89,6187,88,6216,85,400,81,5,91,4253,92,4631,93,14869,94,7859,95,6102,90.5
2026-04-17 10:16:59 PM,KXWTAMATCH-26APR18KOSMAR-KOS,90,3543,89,6187,88,6216,85,400,81,5,91,4253,92,4631,93,14869,94,7859,95,6102,90.5
2026-04-17 10:16:59 PM,KXWTAMATCH-26APR18KOSMAR-KOS,90,3543,89,6193,88,6216,85,400,81,5,91,4253,92,4631,93,14869,94,7859,95,6102,90.5
2026-04-17 10:16:59 PM,KXWTAMATCH-26APR18KOSMAR-KOS,90,3543,89,6193,88,6222,85,400,81,5,91,4253,92,4631,93,14869,94,7859,95,6102,90.5
2026-04-17 10:16:59 PM,KXWTAMATCH-26APR18KOSMAR-KOS,90,3543,89,6193,88,6222,87,6,85,400,91,4253,92,4631,93,14869,94,7859,95,6102,90.5
2026-04-17 10:16:59 PM,KXWTAMATCH-26APR18KOSMAR-KOS,90,3543,89,6193,88,6222,87,6,86,6,91,4253,92,4631,93,14869,94,7859,95,6102,90.5
2026-04-17 10:17:17 PM,KXWTAMATCH-26APR18KOSMAR-KOS,90,3543,89,6193,88,6222,87,6,86,6,91,4287,92,4631,93,14869,94,7859,95,6102,90.5
2026-04-17 10:18:39 PM,KXWTAMATCH-26APR18KOSMAR-KOS,90,3543,89,6193,88,6222,87,6,86,6,91,4282,92,4631,93,14869,94,7859,95,6102,90.5
2026-04-17 10:18:39 PM,KXWTAMATCH-26APR18KOSMAR-KOS,90,3543,89,6193,88,6222,87,6,86,6,91,4287,92,4631,93,14869,94,7859,95,6102,90.5
2026-04-17 10:18:39 PM,KXWTAMATCH-26APR18KOSMAR-KOS,90,3543,89,5943,88,6222,87,6,86,6,91,4287,92,4631,93,14869,94,7859,95,6102,90.5
2026-04-17 10:18:39 PM,KXWTAMATCH-26APR18KOSMAR-KOS,90,3793,89,5943,88,6222,87,6,86,6,91,4287,92,4631,93,14869,94,7859,95,6102,90.5
2026-04-17 10:18:39 PM,KXWTAMATCH-26APR18KOSMAR-KOS,90,3793,89,5943,88,6222,87,6,86,6,91,4037,92,4631,93,14869,94,7859,95,6102,90.5
2026-04-17 10:18:39 PM,KXWTAMATCH-26APR18KOSMAR-KOS,90,3793,89,5943,88,6222,87,6,86,6,91,4037,92,4881,93,14869,94,7859,95,6102,90.5
2026-04-17 10:18:40 PM,KXWTAMATCH-26APR18KOSMAR-KOS,90,3793,89,5943,88,6222,87,6,86,6,91,4032,92,4881,93,14869,94,7859,95,6102,90.5
2026-04-17 10:18:40 PM,KXWTAMATCH-26APR18KOSMAR-KOS,90,3793,89,5945,88,6222,87,6,86,6,91,4032,92,4881,93,14869,94,7859,95,6102,90.5
2026-04-17 10:18:40 PM,KXWTAMATCH-26APR18KOSMAR-KOS,90,3793,89,5945,88,6224,87,6,86,6,91,4032,92,4881,93,14869,94,7859,95,6102,90.5
2026-04-17 10:21:31 PM,KXWTAMATCH-26APR18KOSMAR-KOS,90,3793,89,5945,88,6224,87,6,86,6,91,4117,92,4881,93,14869,94,7859,95,6102,90.5
2026-04-17 10:31:23 PM,KXWTAMATCH-26APR18KOSMAR-KOS,90,3793,89,5945,88,6224,87,6,86,6,91,4117,92,4881,93,14869,94,7859,95,3500,90.5
2026-04-17 10:31:23 PM,KXWTAMATCH-26APR18KOSMAR-KOS,90,3793,89,5945,88,6224,87,6,86,6,91,4117,92,4881,93,13367,94,7859,95,3500,90.5
2026-04-17 10:31:23 PM,KXWTAMATCH-26APR18KOSMAR-KOS,90,3793,89,5945,88,6224,87,6,86,6,91,4117,92,4881,93,13367,94,7848,95,3500,90.5
2026-04-17 10:31:23 PM,KXWTAMATCH-26APR18KOSMAR-KOS,90,3793,89,8526,88,6224,87,6,86,6,91,4117,92,4881,93,13367,94,7848,95,3500,90.5
2026-04-17 10:31:23 PM,KXWTAMATCH-26APR18KOSMAR-KOS,90,1155,89,8526,88,6224,87,6,86,6,91,4117,92,4881,93,13367,94,7848,95,3500,90.5
2026-04-17 10:31:23 PM,KXWTAMATCH-26APR18KOSMAR-KOS,90,1155,89,8526,88,6224,87,6,86,6,91,4117,92,6962,93,13367,94,7848,95,3500,90.5
2026-04-17 10:31:24 PM,KXWTAMATCH-26APR18KOSMAR-KOS,90,1155,89,8526,88,6224,87,6,86,6,91,4117,92,6962,93,12540,94,7848,95,3500,90.5
2026-04-17 10:31:24 PM,KXWTAMATCH-26APR18KOSMAR-KOS,90,1155,89,8526,88,6224,87,6,86,6,91,4117,92,6962,93,12540,94,9910,95,3500,90.5
2026-04-17 10:31:25 PM,KXWTAMATCH-26APR18KOSMAR-KOS,90,1155,89,8479,88,6224,87,6,86,6,91,4117,92,6962,93,12540,94,9910,95,3500,90.5
2026-04-17 10:31:25 PM,KXWTAMATCH-26APR18KOSMAR-KOS,90,1155,89,8479,88,6224,87,6,86,6,91,4117,92,6549,93,12540,94,9910,95,3500,90.5
2026-04-17 10:31:25 PM,KXWTAMATCH-26APR18KOSMAR-KOS,90,1155,89,8479,88,6224,87,6,86,6,91,4117,92,6549,93,11740,94,9910,95,3500,90.5
2026-04-17 10:31:25 PM,KXWTAMATCH-26APR18KOSMAR-KOS,90,1155,89,8382,88,6224,87,6,86,6,91,4117,92,6549,93,11740,94,9910,95,3500,90.5
2026-04-17 10:31:26 PM,KXWTAMATCH-26APR18KOSMAR-KOS,90,1155,89,8382,88,6224,87,6,86,6,91,4201,92,6549,93,11740,94,9910,95,3500,90.5
2026-04-17 10:31:26 PM,KXWTAMATCH-26APR18KOSMAR-KOS,90,1155,89,8382,88,6224,87,6,86,6,91,4201,92,7022,93,11740,94,9910,95,3500,90.5
2026-04-17 10:31:32 PM,KXWTAMATCH-26APR18KOSMAR-KOS,90,1155,89,8382,88,6224,87,6,86,6,91,4201,92,6888,93,11740,94,9910,95,3500,90.5
2026-04-17 10:31:32 PM,KXWTAMATCH-26APR18KOSMAR-KOS,90,3744,89,8382,88,6224,87,6,86,6,91,4201,92,6888,93,11740,94,9910,95,3500,90.5
2026-04-17 10:31:32 PM,KXWTAMATCH-26APR18KOSMAR-KOS,90,3744,89,8382,88,6237,87,6,86,6,91,4201,92,6888,93,11740,94,9910,95,3500,90.5
2026-04-17 10:31:32 PM,KXWTAMATCH-26APR18KOSMAR-KOS,90,3744,89,8382,88,6145,87,6,86,6,91,4201,92,6888,93,11740,94,9910,95,3500,90.5
2026-04-17 10:31:33 PM,KXWTAMATCH-26APR18KOSMAR-KOS,90,3744,89,5801,88,6145,87,6,86,6,91,4201,92,6888,93,11740,94,9910,95,3500,90.5
2026-04-17 10:31:33 PM,KXWTAMATCH-26APR18KOSMAR-KOS,90,3744,89,5801,88,6145,87,6,86,6,91,4201,92,6888,93,11740,94,7848,95,3500,90.5
2026-04-17 10:31:33 PM,KXWTAMATCH-26APR18KOSMAR-KOS,90,1155,89,5801,88,6145,87,6,86,6,91,4201,92,6888,93,11740,94,7848,95,3500,90.5
2026-04-17 10:31:33 PM,KXWTAMATCH-26APR18KOSMAR-KOS,90,1155,89,5801,88,6145,87,6,86,6,91,4201,92,6888,93,11740,94,7848,95,5623,90.5
2026-04-17 10:31:44 PM,KXWTAMATCH-26APR18KOSMAR-KOS,90,1155,89,8389,88,6145,87,6,86,6,91,4201,92,6888,93,11740,94,7848,95,5623,90.5
2026-04-17 10:32:24 PM,KXWTAMATCH-26APR18KOSMAR-KOS,90,1155,89,8389,88,6145,87,6,86,6,91,4201,92,6888,93,9102,94,7848,95,5623,90.5
2026-04-17 10:32:33 PM,KXWTAMATCH-26APR18KOSMAR-KOS,90,1155,89,8389,88,6145,87,6,86,6,91,4201,92,6888,93,11690,94,7848,95,5623,90.5
2026-04-17 10:32:44 PM,KXWTAMATCH-26APR18KOSMAR-KOS,90,1155,89,5801,88,6145,87,6,86,6,91,4201,92,6888,93,11690,94,7848,95,5623,90.5
2026-04-17 10:32:45 PM,KXWTAMATCH-26APR18KOSMAR-KOS,90,1155,89,8389,88,6145,87,6,86,6,91,4201,92,6888,93,11690,94,7848,95,5623,90.5
2026-04-17 10:33:27 PM,KXWTAMATCH-26APR18KOSMAR-KOS,90,1155,89,8389,88,6145,87,6,86,6,91,4201,92,6888,93,11690,94,7848,95,3500,90.5
2026-04-17 10:33:27 PM,KXWTAMATCH-26APR18KOSMAR-KOS,90,1155,89,8389,88,6145,87,6,86,6,91,4201,92,6888,93,13548,94,7848,95,3500,90.5
2026-04-17 10:33:27 PM,KXWTAMATCH-26APR18KOSMAR-KOS,90,1155,89,8389,88,6145,87,6,86,6,91,4201,92,9477,93,13548,94,7848,95,3500,90.5
2026-04-17 10:33:28 PM,KXWTAMATCH-26APR18KOSMAR-KOS,90,1155,89,8389,88,6145,87,6,86,6,91,4201,92,9477,93,10960,94,7848,95,3500,90.5
2026-04-17 10:35:41 PM,KXWTAMATCH-26APR18KOSMAR-KOS,90,3744,89,8389,88,6145,87,6,86,6,91,4201,92,9477,93,10960,94,7848,95,3500,90.5
2026-04-17 10:35:41 PM,KXWTAMATCH-26APR18KOSMAR-KOS,90,3744,89,8389,88,6145,87,6,86,6,91,4201,92,9477,93,13548,94,7848,95,3500,90.5
2026-04-17 10:35:41 PM,KXWTAMATCH-26APR18KOSMAR-KOS,90,3744,89,8389,88,6145,87,6,86,6,91,4201,92,6888,93,13548,94,7848,95,3500,90.5
2026-04-17 10:35:41 PM,KXWTAMATCH-26APR18KOSMAR-KOS,90,3744,89,5801,88,6145,87,6,86,6,91,4201,92,6888,93,13548,94,7848,95,3500,90.5
2026-04-17 10:35:45 PM,KXWTAMATCH-26APR18KOSMAR-KOS,90,1155,89,5801,88,6145,87,6,86,6,91,4201,92,6888,93,13548,94,7848,95,3500,90.5
2026-04-17 10:35:57 PM,KXWTAMATCH-26APR18KOSMAR-KOS,90,1155,89,8389,88,6145,87,6,86,6,91,4201,92,6888,93,13548,94,7848,95,3500,90.5
2026-04-17 10:36:31 PM,KXWTAMATCH-26APR18KOSMAR-KOS,90,1155,89,8389,88,6145,87,6,86,6,91,4201,92,6888,93,13548,94,7848,95,1500,90.5
2026-04-17 10:36:31 PM,KXWTAMATCH-26APR18KOSMAR-KOS,90,1155,89,8389,88,6145,87,6,86,6,91,4201,92,6888,93,13548,94,9848,95,1500,90.5
2026-04-17 10:36:57 PM,KXWTAMATCH-26APR18KOSMAR-KOS,90,1155,89,8389,88,6145,87,6,86,6,91,4180,92,6888,93,13548,94,9848,95,1500,90.5
2026-04-17 10:36:57 PM,KXWTAMATCH-26APR18KOSMAR-KOS,90,1155,89,8410,88,6145,87,6,86,6,91,4180,92,6888,93,13548,94,9848,95,1500,90.5
2026-04-17 10:37:21 PM,KXWTAMATCH-26APR18KOSMAR-KOS,90,1155,89,8410,88,6145,87,6,86,6,91,4180,92,9477,93,13548,94,9848,95,1500,90.5
2026-04-17 10:37:21 PM,KXWTAMATCH-26APR18KOSMAR-KOS,90,3744,89,8410,88,6145,87,6,86,6,91,4180,92,9477,93,13548,94,9848,95,1500,90.5
2026-04-17 10:37:21 PM,KXWTAMATCH-26APR18KOSMAR-KOS,90,3744,89,8410,88,6145,87,6,86,6,91,4180,92,6888,93,13548,94,9848,95,1500,90.5
2026-04-17 10:37:21 PM,KXWTAMATCH-26APR18KOSMAR-KOS,90,1155,89,8410,88,6145,87,6,86,6,91,4180,92,6888,93,13548,94,9848,95,1500,90.5
2026-04-17 10:37:22 PM,KXWTAMATCH-26APR18KOSMAR-KOS,90,1155,89,8410,88,6145,87,6,86,6,91,4180,92,6888,93,10960,94,9848,95,1500,90.5
2026-04-17 10:37:48 PM,KXWTAMATCH-26APR18KOSMAR-KOS,90,1155,89,8410,88,6145,87,6,86,6,91,4180,92,6888,93,10960,94,7848,95,1500,90.5
2026-04-17 10:37:48 PM,KXWTAMATCH-26APR18KOSMAR-KOS,90,1155,89,8410,88,6145,87,6,86,6,91,4180,92,6888,93,12960,94,7848,95,1500,90.5
2026-04-17 10:37:48 PM,KXWTAMATCH-26APR18KOSMAR-KOS,90,1155,89,8410,88,6145,87,6,86,6,91,4180,92,6888,93,15548,94,7848,95,1500,90.5
2026-04-17 10:38:41 PM,KXWTAMATCH-26APR18KOSMAR-KOS,90,1155,89,8410,88,6145,87,6,86,6,91,4180,92,6888,93,16548,94,7848,95,1500,90.5
2026-04-17 10:38:57 PM,KXWTAMATCH-26APR18KOSMAR-KOS,90,1155,89,8410,88,6145,87,6,86,6,91,4178,92,6888,93,16548,94,7848,95,1500,90.5
2026-04-17 10:38:57 PM,KXWTAMATCH-26APR18KOSMAR-KOS,90,1155,89,8410,88,6145,87,6,86,6,91,4180,92,6888,93,16548,94,7848,95,1500,90.5
2026-04-17 10:38:59 PM,KXWTAMATCH-26APR18KOSMAR-KOS,90,1155,89,8410,88,6145,87,6,86,6,91,4178,92,6888,93,16548,94,7848,95,1500,90.5
2026-04-17 10:38:59 PM,KXWTAMATCH-26APR18KOSMAR-KOS,90,1155,89,8411,88,6145,87,6,86,6,91,4178,92,6888,93,16548,94,7848,95,1500,90.5
2026-04-17 10:38:59 PM,KXWTAMATCH-26APR18KOSMAR-KOS,90,1155,89,8411,88,6146,87,6,86,6,91,4178,92,6888,93,16548,94,7848,95,1500,90.5
2026-04-17 10:39:34 PM,KXWTAMATCH-26APR18KOSMAR-KOS,90,1155,89,8411,88,6146,87,6,86,6,91,4178,92,6888,93,13548,94,7848,95,1500,90.5
2026-04-17 10:40:42 PM,KXWTAMATCH-26APR18KOSMAR-KOS,90,3744,89,8411,88,6146,87,6,86,6,91,4178,92,6888,93,13548,94,7848,95,1500,90.5
2026-04-17 10:40:43 PM,KXWTAMATCH-26APR18KOSMAR-KOS,90,3744,89,5823,88,6146,87,6,86,6,91,4178,92,6888,93,13548,94,7848,95,1500,90.5
2026-04-17 10:40:47 PM,KXWTAMATCH-26APR18KOSMAR-KOS,90,1155,89,5823,88,6146,87,6,86,6,91,4178,92,6888,93,13548,94,7848,95,1500,90.5
2026-04-17 10:40:59 PM,KXWTAMATCH-26APR18KOSMAR-KOS,90,1155,89,8411,88,6146,87,6,86,6,91,4178,92,6888,93,13548,94,7848,95,1500,90.5
2026-04-17 10:40:59 PM,KXWTAMATCH-26APR18KOSMAR-KOS,90,1155,89,8411,88,6146,87,6,86,6,91,4178,92,6888,93,10960,94,7848,95,1500,90.5
2026-04-17 10:40:59 PM,KXWTAMATCH-26APR18KOSMAR-KOS,90,1155,89,8411,88,6146,87,6,86,6,91,4178,92,6888,93,13548,94,7848,95,1500,90.5
2026-04-17 10:41:55 PM,KXWTAMATCH-26APR18KOSMAR-KOS,90,1155,89,8411,88,6146,87,6,86,6,91,4178,92,9477,93,13548,94,7848,95,1500,90.5
2026-04-17 10:41:55 PM,KXWTAMATCH-26APR18KOSMAR-KOS,90,1155,89,8411,88,6146,87,6,86,6,91,4178,92,9477,93,10960,94,7848,95,1500,90.5
2026-04-17 10:42:00 PM,KXWTAMATCH-26APR18KOSMAR-KOS,90,1155,89,8411,88,6146,87,6,86,6,91,4178,92,6888,93,10960,94,7848,95,1500,90.5
2026-04-17 10:42:08 PM,KXWTAMATCH-26APR18KOSMAR-KOS,90,1155,89,8411,88,6146,87,6,86,6,91,4178,92,6888,93,13548,94,7848,95,1500,90.5
2026-04-17 10:42:21 PM,KXWTAMATCH-26APR18KOSMAR-KOS,90,1155,89,8411,88,6146,87,6,86,6,91,4178,92,9477,93,13548,94,7848,95,1500,90.5
2026-04-17 10:42:21 PM,KXWTAMATCH-26APR18KOSMAR-KOS,90,3744,89,8411,88,6146,87,6,86,6,91,4178,92,9477,93,13548,94,7848,95,1500,90.5
2026-04-17 10:42:21 PM,KXWTAMATCH-26APR18KOSMAR-KOS,90,3744,89,8411,88,6146,87,6,86,6,91,4178,92,6888,93,13548,94,7848,95,1500,90.5
2026-04-17 10:42:21 PM,KXWTAMATCH-26APR18KOSMAR-KOS,90,1155,89,8411,88,6146,87,6,86,6,91,4178,92,6888,93,13548,94,7848,95,1500,90.5
2026-04-17 10:42:22 PM,KXWTAMATCH-26APR18KOSMAR-KOS,90,1155,89,8411,88,6146,87,6,86,6,91,4178,92,6888,93,10960,94,7848,95,1500,90.5
2026-04-17 10:43:32 PM,KXWTAMATCH-26APR18KOSMAR-KOS,90,1155,89,8411,88,6146,87,6,86,6,91,4178,92,6888,93,12960,94,7848,95,1500,90.5
2026-04-17 10:44:01 PM,KXWTAMATCH-26APR18KOSMAR-KOS,90,1155,89,8411,88,6146,87,6,86,6,91,4178,92,6888,93,15548,94,7848,95,1500,90.5
2026-04-17 10:44:02 PM,KXWTAMATCH-26APR18KOSMAR-KOS,90,3744,89,8411,88,6146,87,6,86,6,91,4178,92,6888,93,15548,94,7848,95,1500,90.5
2026-04-17 10:44:02 PM,KXWTAMATCH-26APR18KOSMAR-KOS,90,3744,89,5823,88,6146,87,6,86,6,91,4178,92,6888,93,15548,94,7848,95,1500,90.5
2026-04-17 10:44:12 PM,KXWTAMATCH-26APR18KOSMAR-KOS,90,3744,89,8411,88,6146,87,6,86,6,91,4178,92,6888,93,15548,94,7848,95,1500,90.5
2026-04-17 10:44:12 PM,KXWTAMATCH-26APR18KOSMAR-KOS,90,1155,89,8411,88,6146,87,6,86,6,91,4178,92,6888,93,15548,94,7848,95,1500,90.5
2026-04-17 10:45:58 PM,KXWTAMATCH-26APR18KOSMAR-KOS,90,1155,89,8411,88,6146,87,6,86,6,91,4178,92,6888,93,12960,94,7848,95,1500,90.5
2026-04-17 10:45:58 PM,KXWTAMATCH-26APR18KOSMAR-KOS,90,3744,89,8411,88,6146,87,6,86,6,91,4178,92,6888,93,12960,94,7848,95,1500,90.5
2026-04-17 10:45:58 PM,KXWTAMATCH-26APR18KOSMAR-KOS,90,3744,89,8411,88,6146,87,6,86,6,91,4178,92,6888,93,15548,94,7848,95,1500,90.5
2026-04-17 10:45:58 PM,KXWTAMATCH-26APR18KOSMAR-KOS,90,1155,89,8411,88,6146,87,6,86,6,91,4178,92,6888,93,15548,94,7848,95,1500,90.5
2026-04-17 10:46:00 PM,KXWTAMATCH-26APR18KOSMAR-KOS,90,1155,89,5823,88,6146,87,6,86,6,91,4178,92,6888,93,15548,94,7848,95,1500,90.5
2026-04-17 10:46:08 PM,KXWTAMATCH-26APR18KOSMAR-KOS,90,1155,89,8411,88,6146,87,6,86,6,91,4178,92,6888,93,15548,94,7848,95,1500,90.5
2026-04-17 10:46:09 PM,KXWTAMATCH-26APR18KOSMAR-KOS,90,1155,89,5823,88,6146,87,6,86,6,91,4178,92,6888,93,15548,94,7848,95,1500,90.5
2026-04-17 10:46:16 PM,KXWTAMATCH-26APR18KOSMAR-KOS,90,1155,89,8411,88,6146,87,6,86,6,91,4178,92,6888,93,15548,94,7848,95,1500,90.5
2026-04-17 10:46:18 PM,KXWTAMATCH-26APR18KOSMAR-KOS,90,1155,89,5823,88,6146,87,6,86,6,91,4178,92,6888,93,15548,94,7848,95,1500,90.5
2026-04-17 10:46:25 PM,KXWTAMATCH-26APR18KOSMAR-KOS,90,1155,89,8411,88,6146,87,6,86,6,91,4178,92,6888,93,15548,94,7848,95,1500,90.5
2026-04-17 10:46:27 PM,KXWTAMATCH-26APR18KOSMAR-KOS,90,1155,89,5823,88,6146,87,6,86,6,91,4178,92,6888,93,15548,94,7848,95,1500,90.5
2026-04-17 10:46:35 PM,KXWTAMATCH-26APR18KOSMAR-KOS,90,1155,89,8411,88,6146,87,6,86,6,91,4178,92,6888,93,15548,94,7848,95,1500,90.5
2026-04-17 10:46:37 PM,KXWTAMATCH-26APR18KOSMAR-KOS,90,1155,89,5823,88,6146,87,6,86,6,91,4178,92,6888,93,15548,94,7848,95,1500,90.5
2026-04-17 10:46:43 PM,KXWTAMATCH-26APR18KOSMAR-KOS,90,1155,89,8411,88,6146,87,6,86,6,91,4178,92,6888,93,15548,94,7848,95,1500,90.5
2026-04-17 10:46:45 PM,KXWTAMATCH-26APR18KOSMAR-KOS,90,1155,89,5823,88,6146,87,6,86,6,91,4178,92,6888,93,15548,94,7848,95,1500,90.5
2026-04-17 10:46:52 PM,KXWTAMATCH-26APR18KOSMAR-KOS,90,1155,89,8411,88,6146,87,6,86,6,91,4178,92,6888,93,15548,94,7848,95,1500,90.5
2026-04-17 10:46:54 PM,KXWTAMATCH-26APR18KOSMAR-KOS,90,1155,89,5823,88,6146,87,6,86,6,91,4178,92,6888,93,15548,94,7848,95,1500,90.5
2026-04-17 10:47:01 PM,KXWTAMATCH-26APR18KOSMAR-KOS,90,1155,89,8411,88,6146,87,6,86,6,91,4178,92,6888,93,15548,94,7848,95,1500,90.5
2026-04-17 10:47:21 PM,KXWTAMATCH-26APR18KOSMAR-KOS,90,1155,89,5823,88,6146,87,6,86,6,91,4178,92,6888,93,15548,94,7848,95,1500,90.5
2026-04-17 10:47:21 PM,KXWTAMATCH-26APR18KOSMAR-KOS,90,1155,89,8411,88,6146,87,6,86,6,91,4178,92,6888,93,15548,94,7848,95,1500,90.5
2026-04-17 10:47:23 PM,KXWTAMATCH-26APR18KOSMAR-KOS,90,1155,89,8411,88,6146,87,6,86,6,91,4178,92,6888,93,12960,94,7848,95,1500,90.5
2026-04-17 10:47:23 PM,KXWTAMATCH-26APR18KOSMAR-KOS,90,1155,89,5823,88,6146,87,6,86,6,91,4178,92,6888,93,12960,94,7848,95,1500,90.5
2026-04-17 10:47:23 PM,KXWTAMATCH-26APR18KOSMAR-KOS,90,1155,89,5823,88,6146,87,6,86,6,91,4178,92,6888,93,15548,94,7848,95,1500,90.5
2026-04-17 10:47:30 PM,KXWTAMATCH-26APR18KOSMAR-KOS,90,1155,89,8411,88,6146,87,6,86,6,91,4178,92,6888,93,15548,94,7848,95,1500,90.5
2026-04-17 10:47:31 PM,KXWTAMATCH-26APR18KOSMAR-KOS,90,1155,89,8411,88,6146,87,6,86,6,91,4178,92,6888,93,12960,94,7848,95,1500,90.5
2026-04-17 10:47:31 PM,KXWTAMATCH-26APR18KOSMAR-KOS,90,1155,89,8411,88,6146,87,6,86,6,91,4178,92,6888,93,15548,94,7848,95,1500,90.5
2026-04-17 10:47:31 PM,KXWTAMATCH-26APR18KOSMAR-KOS,90,1155,89,5823,88,6146,87,6,86,6,91,4178,92,6888,93,15548,94,7848,95,1500,90.5
2026-04-17 10:47:39 PM,KXWTAMATCH-26APR18KOSMAR-KOS,90,1155,89,8411,88,6146,87,6,86,6,91,4178,92,6888,93,15548,94,7848,95,1500,90.5
2026-04-17 10:47:40 PM,KXWTAMATCH-26APR18KOSMAR-KOS,90,1155,89,8411,88,6146,87,6,86,6,91,4178,92,6888,93,12960,94,7848,95,1500,90.5
2026-04-17 10:47:42 PM,KXWTAMATCH-26APR18KOSMAR-KOS,90,1155,89,5823,88,6146,87,6,86,6,91,4178,92,6888,93,12960,94,7848,95,1500,90.5
2026-04-17 10:47:42 PM,KXWTAMATCH-26APR18KOSMAR-KOS,90,1155,89,5823,88,6146,87,6,86,6,91,4178,92,6888,93,15548,94,7848,95,1500,90.5
2026-04-17 10:47:47 PM,KXWTAMATCH-26APR18KOSMAR-KOS,90,1155,89,8411,88,6146,87,6,86,6,91,4178,92,6888,93,15548,94,7848,95,1500,90.5
2026-04-17 10:47:48 PM,KXWTAMATCH-26APR18KOSMAR-KOS,90,1155,89,8411,88,6146,87,6,86,6,91,4178,92,6888,93,12960,94,7848,95,1500,90.5
2026-04-17 10:47:50 PM,KXWTAMATCH-26APR18KOSMAR-KOS,90,1155,89,8411,88,6146,87,6,86,6,91,4178,92,6888,93,15548,94,7848,95,1500,90.5
2026-04-17 10:47:50 PM,KXWTAMATCH-26APR18KOSMAR-KOS,90,1155,89,5823,88,6146,87,6,86,6,91,4178,92,6888,93,15548,94,7848,95,1500,90.5
2026-04-17 10:47:55 PM,KXWTAMATCH-26APR18KOSMAR-KOS,90,1155,89,8411,88,6146,87,6,86,6,91,4178,92,6888,93,15548,94,7848,95,1500,90.5
2026-04-17 10:47:58 PM,KXWTAMATCH-26APR18KOSMAR-KOS,90,1155,89,8411,88,6146,87,6,86,6,91,4178,92,6888,93,12960,94,7848,95,1500,90.5
2026-04-17 10:47:58 PM,KXWTAMATCH-26APR18KOSMAR-KOS,90,1155,89,5823,88,6146,87,6,86,6,91,4178,92,6888,93,12960,94,7848,95,1500,90.5
2026-04-17 10:47:58 PM,KXWTAMATCH-26APR18KOSMAR-KOS,90,1155,89,5823,88,6146,87,6,86,6,91,4178,92,6888,93,15548,94,7848,95,1500,90.5
2026-04-17 10:48:04 PM,KXWTAMATCH-26APR18KOSMAR-KOS,90,1155,89,8411,88,6146,87,6,86,6,91,4178,92,6888,93,15548,94,7848,95,1500,90.5
2026-04-17 10:48:07 PM,KXWTAMATCH-26APR18KOSMAR-KOS,90,1155,89,8411,88,6146,87,6,86,6,91,4178,92,6888,93,12960,94,7848,95,1500,90.5
2026-04-17 10:48:07 PM,KXWTAMATCH-26APR18KOSMAR-KOS,90,1155,89,5823,88,6146,87,6,86,6,91,4178,92,6888,93,12960,94,7848,95,1500,90.5
2026-04-17 10:48:07 PM,KXWTAMATCH-26APR18KOSMAR-KOS,90,1155,89,5823,88,6146,87,6,86,6,91,4178,92,6888,93,15548,94,7848,95,1500,90.5
2026-04-17 10:48:13 PM,KXWTAMATCH-26APR18KOSMAR-KOS,90,1155,89,8411,88,6146,87,6,86,6,91,4178,92,6888,93,15548,94,7848,95,1500,90.5
2026-04-17 10:48:15 PM,KXWTAMATCH-26APR18KOSMAR-KOS,90,1155,89,8411,88,6146,87,6,86,6,91,4178,92,6888,93,12960,94,7848,95,1500,90.5
2026-04-17 10:48:17 PM,KXWTAMATCH-26APR18KOSMAR-KOS,90,1155,89,8411,88,6146,87,6,86,6,91,4178,92,6888,93,15548,94,7848,95,1500,90.5
2026-04-17 10:48:17 PM,KXWTAMATCH-26APR18KOSMAR-KOS,90,1155,89,5823,88,6146,87,6,86,6,91,4178,92,6888,93,15548,94,7848,95,1500,90.5
2026-04-17 10:48:21 PM,KXWTAMATCH-26APR18KOSMAR-KOS,90,1155,89,8411,88,6146,87,6,86,6,91,4178,92,6888,93,15548,94,7848,95,1500,90.5
2026-04-17 10:48:24 PM,KXWTAMATCH-26APR18KOSMAR-KOS,90,1155,89,8411,88,6146,87,6,86,6,91,4178,92,6888,93,12960,94,7848,95,1500,90.5
2026-04-17 10:48:24 PM,KXWTAMATCH-26APR18KOSMAR-KOS,90,1155,89,5823,88,6146,87,6,86,6,91,4178,92,6888,93,12960,94,7848,95,1500,90.5
2026-04-17 10:48:25 PM,KXWTAMATCH-26APR18KOSMAR-KOS,90,1155,89,5823,88,6146,87,6,86,6,91,4178,92,6888,93,15548,94,7848,95,1500,90.5
2026-04-17 10:48:29 PM,KXWTAMATCH-26APR18KOSMAR-KOS,90,1155,89,8411,88,6146,87,6,86,6,91,4178,92,6888,93,15548,94,7848,95,1500,90.5
2026-04-17 10:48:33 PM,KXWTAMATCH-26APR18KOSMAR-KOS,90,1155,89,8411,88,6146,87,6,86,6,91,4178,92,6888,93,12960,94,7848,95,1500,90.5
2026-04-17 10:48:33 PM,KXWTAMATCH-26APR18KOSMAR-KOS,90,1155,89,5823,88,6146,87,6,86,6,91,4178,92,6888,93,12960,94,7848,95,1500,90.5
2026-04-17 10:48:33 PM,KXWTAMATCH-26APR18KOSMAR-KOS,90,1155,89,5823,88,6146,87,6,86,6,91,4178,92,6888,93,15548,94,7848,95,1500,90.5
2026-04-17 10:48:37 PM,KXWTAMATCH-26APR18KOSMAR-KOS,90,1155,89,8411,88,6146,87,6,86,6,91,4178,92,6888,93,15548,94,7848,95,1500,90.5
2026-04-17 10:48:42 PM,KXWTAMATCH-26APR18KOSMAR-KOS,90,1155,89,8411,88,6146,87,6,86,6,91,4178,92,6888,93,12960,94,7848,95,1500,90.5
2026-04-17 10:48:42 PM,KXWTAMATCH-26APR18KOSMAR-KOS,90,1155,89,5823,88,6146,87,6,86,6,91,4178,92,6888,93,12960,94,7848,95,1500,90.5
2026-04-17 10:48:42 PM,KXWTAMATCH-26APR18KOSMAR-KOS,90,1155,89,5823,88,6146,87,6,86,6,91,4178,92,6888,93,15548,94,7848,95,1500,90.5
2026-04-17 10:48:45 PM,KXWTAMATCH-26APR18KOSMAR-KOS,90,1155,89,8411,88,6146,87,6,86,6,91,4178,92,6888,93,15548,94,7848,95,1500,90.5
2026-04-17 10:48:51 PM,KXWTAMATCH-26APR18KOSMAR-KOS,90,1155,89,8411,88,6146,87,6,86,6,91,4178,92,6888,93,12960,94,7848,95,1500,90.5
2026-04-17 10:48:51 PM,KXWTAMATCH-26APR18KOSMAR-KOS,90,1155,89,5823,88,6146,87,6,86,6,91,4178,92,6888,93,12960,94,7848,95,1500,90.5
2026-04-17 10:48:51 PM,KXWTAMATCH-26APR18KOSMAR-KOS,90,1155,89,5823,88,6146,87,6,86,6,91,4178,92,6888,93,15548,94,7848,95,1500,90.5
2026-04-17 10:48:54 PM,KXWTAMATCH-26APR18KOSMAR-KOS,90,1155,89,8411,88,6146,87,6,86,6,91,4178,92,6888,93,15548,94,7848,95,1500,90.5
2026-04-17 10:48:59 PM,KXWTAMATCH-26APR18KOSMAR-KOS,90,1155,89,8411,88,6146,87,6,86,6,91,4178,92,6888,93,12960,94,7848,95,1500,90.5
2026-04-17 10:48:59 PM,KXWTAMATCH-26APR18KOSMAR-KOS,90,1155,89,5823,88,6146,87,6,86,6,91,4178,92,6888,93,12960,94,7848,95,1500,90.5
2026-04-17 10:48:59 PM,KXWTAMATCH-26APR18KOSMAR-KOS,90,1155,89,5823,88,6146,87,6,86,6,91,4178,92,6888,93,15548,94,7848,95,1500,90.5
2026-04-17 10:49:01 PM,KXWTAMATCH-26APR18KOSMAR-KOS,90,1155,89,5823,88,6146,87,6,86,6,91,4178,92,6888,93,12960,94,7848,95,1500,90.5
2026-04-17 10:49:03 PM,KXWTAMATCH-26APR18KOSMAR-KOS,90,3744,89,5823,88,6146,87,6,86,6,91,4178,92,6888,93,12960,94,7848,95,1500,90.5
2026-04-17 10:49:08 PM,KXWTAMATCH-26APR18KOSMAR-KOS,90,3744,89,5823,88,6146,87,6,86,6,91,4178,92,6888,93,15548,94,7848,95,1500,90.5
2026-04-17 10:49:08 PM,KXWTAMATCH-26APR18KOSMAR-KOS,90,1155,89,5823,88,6146,87,6,86,6,91,4178,92,6888,93,15548,94,7848,95,1500,90.5
2026-04-17 10:50:06 PM,KXWTAMATCH-26APR18KOSMAR-KOS,90,1155,89,8411,88,6146,87,6,86,6,91,4178,92,6888,93,15548,94,7848,95,1500,90.5
2026-04-17 10:50:58 PM,KXWTAMATCH-26APR18KOSMAR-KOS,90,1155,89,8411,88,6146,87,6,86,6,91,4178,92,6888,93,15548,94,7848,95,911,90.5
2026-04-17 10:50:58 PM,KXWTAMATCH-26APR18KOSMAR-KOS,90,1155,89,8411,88,6146,87,6,86,6,91,4178,92,6888,93,15548,94,7848,95,326,90.5
2026-04-17 10:50:58 PM,KXWTAMATCH-26APR18KOSMAR-KOS,90,1155,89,8411,88,6146,87,6,86,6,91,4178,92,6888,93,10548,94,7848,95,326,90.5
2026-04-17 10:50:58 PM,KXWTAMATCH-26APR18KOSMAR-KOS,90,1155,89,8411,88,6146,87,6,86,6,91,4178,92,6888,93,10548,94,7848,95,5326,90.5
2026-04-17 10:50:58 PM,KXWTAMATCH-26APR18KOSMAR-KOS,90,3744,89,8411,88,6146,87,6,86,6,91,4178,92,6888,93,10548,94,7848,95,5326,90.5
2026-04-17 10:50:58 PM,KXWTAMATCH-26APR18KOSMAR-KOS,90,3744,89,5823,88,6146,87,6,86,6,91,4178,92,6888,93,10548,94,7848,95,5326,90.5
2026-04-17 10:51:59 PM,KXWTAMATCH-26APR18KOSMAR-KOS,90,1155,89,5823,88,6146,87,6,86,6,91,4178,92,6888,93,10548,94,7848,95,5326,90.5
2026-04-17 10:52:00 PM,KXWTAMATCH-26APR18KOSMAR-KOS,90,1155,89,8411,88,6146,87,6,86,6,91,4178,92,6888,93,10548,94,7848,95,5326,90.5
2026-04-17 10:52:28 PM,KXWTAMATCH-26APR18KOSMAR-KOS,90,3744,89,8411,88,6146,87,6,86,6,91,4178,92,6888,93,10548,94,7848,95,5326,90.5
2026-04-17 10:52:29 PM,KXWTAMATCH-26APR18KOSMAR-KOS,90,3744,89,5823,88,6146,87,6,86,6,91,4178,92,6888,93,10548,94,7848,95,5326,90.5
2026-04-17 10:54:08 PM,KXWTAMATCH-26APR18KOSMAR-KOS,90,3744,89,5823,88,6184,87,6,86,6,91,4178,92,6888,93,10548,94,7848,95,5326,90.5
2026-04-17 10:55:58 PM,KXWTAMATCH-26APR18KOSMAR-KOS,90,3744,89,5823,88,6146,87,6,86,6,91,4178,92,6888,93,10548,94,7848,95,5326,90.5
2026-04-17 10:55:58 PM,KXWTAMATCH-26APR18KOSMAR-KOS,90,3744,89,5823,88,6133,87,6,86,6,91,4178,92,6888,93,10548,94,7848,95,5326,90.5
2026-04-17 10:55:58 PM,KXWTAMATCH-26APR18KOSMAR-KOS,90,3744,89,5857,88,6133,87,6,86,6,91,4178,92,6888,93,10548,94,7848,95,5326,90.5
2026-04-17 10:55:58 PM,KXWTAMATCH-26APR18KOSMAR-KOS,90,3744,89,5857,88,6133,87,6,86,6,91,4178,92,5425,93,10548,94,7848,95,5326,90.5
2026-04-17 10:55:58 PM,KXWTAMATCH-26APR18KOSMAR-KOS,90,5164,89,5857,88,6133,87,6,86,6,91,4178,92,5425,93,10548,94,7848,95,5326,90.5
2026-04-17 10:57:02 PM,KXWTAMATCH-26APR18KOSMAR-KOS,90,5164,89,5823,88,6133,87,6,86,6,91,4178,92,5425,93,10548,94,7848,95,5326,90.5
2026-04-17 10:57:02 PM,KXWTAMATCH-26APR18KOSMAR-KOS,90,5164,89,5823,88,6184,87,6,86,6,91,4178,92,5425,93,10548,94,7848,95,5326,90.5
2026-04-17 11:03:20 PM,KXWTAMATCH-26APR18KOSMAR-KOS,90,5164,89,5823,88,6184,87,6,86,6,91,4203,92,5425,93,10548,94,7848,95,5326,90.5
2026-04-17 11:05:19 PM,KXWTAMATCH-26APR18KOSMAR-KOS,90,5164,89,5823,88,6184,87,6,86,6,91,4178,92,5425,93,10548,94,7848,95,5326,90.5
2026-04-17 11:06:56 PM,KXWTAMATCH-26APR18KOSMAR-KOS,90,5164,89,5802,88,6184,87,6,86,6,91,4178,92,5425,93,10548,94,7848,95,5326,90.5
2026-04-17 11:06:57 PM,KXWTAMATCH-26APR18KOSMAR-KOS,90,5164,89,5769,88,6184,87,6,86,6,91,4178,92,5425,93,10548,94,7848,95,5326,90.5
2026-04-17 11:06:57 PM,KXWTAMATCH-26APR18KOSMAR-KOS,90,5164,89,5769,88,6184,87,6,86,6,91,4232,92,5425,93,10548,94,7848,95,5326,90.5
2026-04-17 11:10:36 PM,KXWTAMATCH-26APR18KOSMAR-KOS,90,5164,89,8357,88,6184,87,6,86,6,91,4232,92,5425,93,10548,94,7848,95,5326,90.5
2026-04-17 11:10:36 PM,KXWTAMATCH-26APR18KOSMAR-KOS,90,2575,89,8357,88,6184,87,6,86,6,91,4232,92,5425,93,10548,94,7848,95,5326,90.5
2026-04-17 11:13:53 PM,KXWTAMATCH-26APR18KOSMAR-KOS,90,2575,89,8357,88,6184,87,6,86,6,91,4227,92,5425,93,10548,94,7848,95,5326,90.5
2026-04-17 11:13:53 PM,KXWTAMATCH-26APR18KOSMAR-KOS,90,2575,89,8357,88,6184,87,6,86,6,91,4232,92,5425,93,10548,94,7848,95,5326,90.5
2026-04-17 11:13:55 PM,KXWTAMATCH-26APR18KOSMAR-KOS,90,2575,89,8357,88,6184,87,6,86,6,91,4227,92,5425,93,10548,94,7848,95,5326,90.5
2026-04-17 11:13:55 PM,KXWTAMATCH-26APR18KOSMAR-KOS,90,2575,89,8359,88,6184,87,6,86,6,91,4227,92,5425,93,10548,94,7848,95,5326,90.5
2026-04-17 11:13:55 PM,KXWTAMATCH-26APR18KOSMAR-KOS,90,2575,89,8359,88,6186,87,6,86,6,91,4227,92,5425,93,10548,94,7848,95,5326,90.5
2026-04-17 11:15:07 PM,KXWTAMATCH-26APR18KOSMAR-KOS,90,2575,89,8359,88,6186,87,6,86,6,91,4217,92,5425,93,10548,94,7848,95,5326,90.5
2026-04-17 11:15:07 PM,KXWTAMATCH-26APR18KOSMAR-KOS,90,2575,89,8364,88,6186,87,6,86,6,91,4217,92,5425,93,10548,94,7848,95,5326,90.5
2026-04-17 11:15:07 PM,KXWTAMATCH-26APR18KOSMAR-KOS,90,2575,89,8364,88,6191,87,6,86,6,91,4217,92,5425,93,10548,94,7848,95,5326,90.5
2026-04-17 11:15:32 PM,KXWTAMATCH-26APR18KOSMAR-KOS,90,2575,89,8364,88,6191,87,6,86,6,91,4216,92,5425,93,10548,94,7848,95,5326,90.5
2026-04-17 11:15:32 PM,KXWTAMATCH-26APR18KOSMAR-KOS,90,2575,89,8364,88,6191,87,6,86,6,91,4217,92,5425,93,10548,94,7848,95,5326,90.5
2026-04-17 11:15:34 PM,KXWTAMATCH-26APR18KOSMAR-KOS,90,2575,89,8364,88,6191,87,6,86,6,91,4216,92,5425,93,10548,94,7848,95,5326,90.5
2026-04-17 11:16:17 PM,KXWTAMATCH-26APR18KOSMAR-KOS,90,2575,89,8364,88,6191,87,6,86,6,91,4206,92,5425,93,10548,94,7848,95,5326,90.5
2026-04-17 11:16:17 PM,KXWTAMATCH-26APR18KOSMAR-KOS,90,2575,89,8364,88,6191,87,6,86,6,91,4216,92,5425,93,10548,94,7848,95,5326,90.5
2026-04-17 11:16:17 PM,KXWTAMATCH-26APR18KOSMAR-KOS,90,2575,89,8364,88,6191,87,6,86,6,91,4206,92,5425,93,10548,94,7848,95,5326,90.5
2026-04-17 11:16:17 PM,KXWTAMATCH-26APR18KOSMAR-KOS,90,2575,89,8369,88,6191,87,6,86,6,91,4206,92,5425,93,10548,94,7848,95,5326,90.5
2026-04-17 11:16:17 PM,KXWTAMATCH-26APR18KOSMAR-KOS,90,2575,89,8369,88,6196,87,6,86,6,91,4206,92,5425,93,10548,94,7848,95,5326,90.5
2026-04-17 11:17:10 PM,KXWTAMATCH-26APR18KOSMAR-KOS,90,2575,89,8369,88,6196,87,6,86,6,91,4206,92,5425,93,11548,94,7848,95,5326,90.5
2026-04-17 11:17:10 PM,KXWTAMATCH-26APR18KOSMAR-KOS,90,2575,89,8369,88,6196,87,6,86,6,91,4206,92,5425,93,11549,94,7848,95,5326,90.5
2026-04-17 11:17:10 PM,KXWTAMATCH-26APR18KOSMAR-KOS,90,2575,89,8369,88,6196,87,6,86,6,91,4206,92,5425,93,11548,94,7848,95,5326,90.5
2026-04-17 11:17:46 PM,KXWTAMATCH-26APR18KOSMAR-KOS,90,2575,89,8369,88,6196,87,6,86,6,91,4206,92,8014,93,11548,94,7848,95,5326,90.5
2026-04-17 11:17:46 PM,KXWTAMATCH-26APR18KOSMAR-KOS,90,5164,89,8369,88,6196,87,6,86,6,91,4206,92,8014,93,11548,94,7848,95,5326,90.5
2026-04-17 11:17:46 PM,KXWTAMATCH-26APR18KOSMAR-KOS,90,5164,89,8369,88,6196,87,6,86,6,91,4206,92,5425,93,11548,94,7848,95,5326,90.5
2026-04-17 11:17:46 PM,KXWTAMATCH-26APR18KOSMAR-KOS,90,5164,89,5781,88,6196,87,6,86,6,91,4206,92,5425,93,11548,94,7848,95,5326,90.5
2026-04-17 11:18:17 PM,KXWTAMATCH-26APR18KOSMAR-KOS,90,5164,89,5781,88,6145,87,6,86,6,91,4206,92,5425,93,11548,94,7848,95,5326,90.5
2026-04-17 11:18:17 PM,KXWTAMATCH-26APR18KOSMAR-KOS,90,5164,89,5825,88,6145,87,6,86,6,91,4206,92,5425,93,11548,94,7848,95,5326,90.5
2026-04-17 11:23:10 PM,KXWTAMATCH-26APR18KOSMAR-KOS,90,5164,89,5825,88,6145,87,6,86,6,91,4206,92,5425,93,11549,94,7848,95,5326,90.5
2026-04-17 11:23:11 PM,KXWTAMATCH-26APR18KOSMAR-KOS,90,5164,89,5825,88,6145,87,6,86,6,91,4206,92,5425,93,11548,94,7848,95,5326,90.5
2026-04-17 11:23:52 PM,KXWTAMATCH-26APR18KOSMAR-KOS,90,5164,89,5825,88,6145,87,6,86,6,91,4205,92,5425,93,11548,94,7848,95,5326,90.5
2026-04-17 11:23:52 PM,KXWTAMATCH-26APR18KOSMAR-KOS,90,5164,89,5825,88,6145,87,6,86,6,91,4206,92,5425,93,11548,94,7848,95,5326,90.5
2026-04-17 11:23:53 PM,KXWTAMATCH-26APR18KOSMAR-KOS,90,5164,89,5825,88,6145,87,6,86,6,91,4205,92,5425,93,11548,94,7848,95,5326,90.5
2026-04-17 11:29:11 PM,KXWTAMATCH-26APR18KOSMAR-KOS,90,5164,89,5825,88,6145,87,6,86,6,91,4205,92,5425,93,11549,94,7848,95,5326,90.5
2026-04-17 11:29:11 PM,KXWTAMATCH-26APR18KOSMAR-KOS,90,5164,89,5825,88,6145,87,6,86,6,91,4205,92,5425,93,11548,94,7848,95,5326,90.5
2026-04-17 11:32:46 PM,KXWTAMATCH-26APR18KOSMAR-KOS,90,5164,89,5825,88,6145,87,6,86,6,91,4204,92,5425,93,11548,94,7848,95,5326,90.5
2026-04-17 11:35:12 PM,KXWTAMATCH-26APR18KOSMAR-KOS,90,5164,89,5825,88,6145,87,6,86,6,91,4204,92,5425,93,11549,94,7848,95,5326,90.5
2026-04-17 11:35:12 PM,KXWTAMATCH-26APR18KOSMAR-KOS,90,5164,89,5825,88,6145,87,6,86,6,91,4204,92,5425,93,11548,94,7848,95,5326,90.5
2026-04-17 11:55:57 PM,KXWTAMATCH-26APR18KOSMAR-KOS,90,5164,89,5825,88,6145,87,6,86,6,91,4172,92,5425,93,11548,94,7848,95,5326,90.5
2026-04-17 11:55:57 PM,KXWTAMATCH-26APR18KOSMAR-KOS,90,5164,89,5841,88,6145,87,6,86,6,91,4172,92,5425,93,11548,94,7848,95,5326,90.5
2026-04-17 11:55:57 PM,KXWTAMATCH-26APR18KOSMAR-KOS,90,5164,89,5841,88,6161,87,6,86,6,91,4172,92,5425,93,11548,94,7848,95,5326,90.5
2026-04-17 11:59:51 PM,KXWTAMATCH-26APR18KOSMAR-KOS,90,5164,89,5841,88,6161,87,6,86,6,91,4172,92,5425,93,8548,94,7848,95,5326,90.5
2026-04-17 11:59:51 PM,KXWTAMATCH-26APR18KOSMAR-KOS,90,5164,89,5841,88,6161,87,6,86,6,91,4172,92,8425,93,8548,94,7848,95,5326,90.5
2026-04-18 12:04:35 AM,KXWTAMATCH-26APR18KOSMAR-KOS,90,5164,89,5841,88,6161,87,6,86,6,91,4172,92,7425,93,8548,94,7848,95,5326,90.5
2026-04-18 12:05:27 AM,KXWTAMATCH-26APR18KOSMAR-KOS,90,5164,89,5841,88,6161,87,6,86,6,91,4172,92,5425,93,8548,94,7848,95,5326,90.5
2026-04-18 12:06:12 AM,KXWTAMATCH-26APR18KOSMAR-KOS,90,5164,89,5841,88,6161,87,6,86,6,91,4172,92,5425,93,8548,94,7814,95,5326,90.5
2026-04-18 12:06:12 AM,KXWTAMATCH-26APR18KOSMAR-KOS,90,5164,89,5841,88,6161,87,6,86,6,91,4172,92,5450,93,8548,94,7814,95,5326,90.5
2026-04-18 12:06:12 AM,KXWTAMATCH-26APR18KOSMAR-KOS,90,5164,89,5841,88,6161,87,6,86,6,91,4172,92,5450,93,8566,94,7814,95,5326,90.5
2026-04-18 12:11:41 AM,KXWTAMATCH-26APR18KOSMAR-KOS,90,5164,89,5841,88,6161,87,6,86,6,91,4156,92,5450,93,8566,94,7814,95,5326,90.5
2026-04-18 12:11:41 AM,KXWTAMATCH-26APR18KOSMAR-KOS,90,5164,89,5849,88,6161,87,6,86,6,91,4156,92,5450,93,8566,94,7814,95,5326,90.5
2026-04-18 12:11:41 AM,KXWTAMATCH-26APR18KOSMAR-KOS,90,5164,89,5849,88,6169,87,6,86,6,91,4156,92,5450,93,8566,94,7814,95,5326,90.5
2026-04-18 12:14:10 AM,KXWTAMATCH-26APR18KOSMAR-KOS,90,5164,89,5849,88,6169,87,6,86,6,91,4156,92,5450,93,8548,94,7814,95,5326,90.5
2026-04-18 12:14:10 AM,KXWTAMATCH-26APR18KOSMAR-KOS,90,5164,89,5849,88,6169,87,6,86,6,91,4156,92,5425,93,8548,94,7814,95,5326,90.5
2026-04-18 12:14:10 AM,KXWTAMATCH-26APR18KOSMAR-KOS,90,5164,89,5849,88,6169,87,6,86,6,91,4156,92,5425,93,8548,94,7857,95,5326,90.5
2026-04-18 12:15:46 AM,KXWTAMATCH-26APR18KOSMAR-KOS,90,5154,89,5849,88,6169,87,6,86,6,91,4156,92,5425,93,8548,94,7857,95,5326,90.5
2026-04-18 12:15:46 AM,KXWTAMATCH-26APR18KOSMAR-KOS,90,5164,89,5849,88,6169,87,6,86,6,91,4156,92,5425,93,8548,94,7857,95,5326,90.5
2026-04-18 12:15:46 AM,KXWTAMATCH-26APR18KOSMAR-KOS,90,4914,89,5849,88,6169,87,6,86,6,91,4156,92,5425,93,8548,94,7857,95,5326,90.5
2026-04-18 12:15:46 AM,KXWTAMATCH-26APR18KOSMAR-KOS,90,4914,89,6099,88,6169,87,6,86,6,91,4156,92,5425,93,8548,94,7857,95,5326,90.5
2026-04-18 12:15:46 AM,KXWTAMATCH-26APR18KOSMAR-KOS,90,4914,89,6099,88,6169,87,6,86,6,91,4156,92,5175,93,8548,94,7857,95,5326,90.5
2026-04-18 12:15:46 AM,KXWTAMATCH-26APR18KOSMAR-KOS,90,4914,89,6099,88,6169,87,6,86,6,91,4406,92,5175,93,8548,94,7857,95,5326,90.5
2026-04-18 12:17:02 AM,KXWTAMATCH-26APR18KOSMAR-KOS,90,4914,89,6055,88,6169,87,6,86,6,91,4406,92,5175,93,8548,94,7857,95,5326,90.5
2026-04-18 12:20:32 AM,KXWTAMATCH-26APR18KOSMAR-KOS,90,4914,89,6091,88,6169,87,6,86,6,91,4406,92,5175,93,8548,94,7857,95,5326,90.5
2026-04-18 12:27:46 AM,KXWTAMATCH-26APR18KOSMAR-KOS,90,4904,89,6091,88,6169,87,6,86,6,91,4406,92,5175,93,8548,94,7857,95,5326,90.5
2026-04-18 12:27:46 AM,KXWTAMATCH-26APR18KOSMAR-KOS,90,4904,89,6080,88,6169,87,6,86,6,91,4406,92,5175,93,8548,94,7857,95,5326,90.5
2026-04-18 12:27:46 AM,KXWTAMATCH-26APR18KOSMAR-KOS,90,4904,89,6048,88,6169,87,6,86,6,91,4406,92,5175,93,8548,94,7857,95,5326,90.5
2026-04-18 12:27:46 AM,KXWTAMATCH-26APR18KOSMAR-KOS,90,4899,89,6048,88,6169,87,6,86,6,91,4406,92,5175,93,8548,94,7857,95,5326,90.5
2026-04-18 12:27:46 AM,KXWTAMATCH-26APR18KOSMAR-KOS,90,4889,89,6048,88,6169,87,6,86,6,91,4406,92,5175,93,8548,94,7857,95,5326,90.5
2026-04-18 12:27:46 AM,KXWTAMATCH-26APR18KOSMAR-KOS,90,4889,89,6048,88,6169,87,6,86,6,91,4406,92,5175,93,8523,94,7857,95,5326,90.5
2026-04-18 12:27:46 AM,KXWTAMATCH-26APR18KOSMAR-KOS,90,4889,89,6048,88,6169,87,6,86,6,91,4406,92,5175,93,8523,94,7814,95,5326,90.5
2026-04-18 12:27:46 AM,KXWTAMATCH-26APR18KOSMAR-KOS,90,4914,89,6048,88,6169,87,6,86,6,91,4406,92,5175,93,8523,94,7814,95,5326,90.5
2026-04-18 12:27:47 AM,KXWTAMATCH-26APR18KOSMAR-KOS,90,4914,89,6060,88,6169,87,6,86,6,91,4406,92,5175,93,8523,94,7814,95,5326,90.5
2026-04-18 12:27:47 AM,KXWTAMATCH-26APR18KOSMAR-KOS,90,4914,89,6060,88,6169,87,6,86,6,91,4406,92,5175,93,8548,94,7814,95,5326,90.5
2026-04-18 12:27:47 AM,KXWTAMATCH-26APR18KOSMAR-KOS,90,4914,89,6060,88,6169,87,6,86,6,91,4406,92,5175,93,8548,94,7857,95,5326,90.5
2026-04-18 12:27:49 AM,KXWTAMATCH-26APR18KOSMAR-KOS,90,4914,89,6091,88,6169,87,6,86,6,91,4406,92,5175,93,8548,94,7857,95,5326,90.5
2026-04-18 12:28:11 AM,KXWTAMATCH-26APR18KOSMAR-KOS,90,4914,89,6091,88,6169,87,6,86,6,91,3314,92,5175,93,8548,94,7857,95,5326,90.5
2026-04-18 12:28:11 AM,KXWTAMATCH-26APR18KOSMAR-KOS,90,4914,89,6091,88,6169,87,6,86,6,91,4406,92,5175,93,8548,94,7857,95,5326,90.5
2026-04-18 12:28:11 AM,KXWTAMATCH-26APR18KOSMAR-KOS,90,4914,89,5841,88,6169,87,6,86,6,91,4406,92,5175,93,8548,94,7857,95,5326,90.5
2026-04-18 12:28:11 AM,KXWTAMATCH-26APR18KOSMAR-KOS,90,5164,89,5841,88,6169,87,6,86,6,91,4406,92,5175,93,8548,94,7857,95,5326,90.5
2026-04-18 12:28:11 AM,KXWTAMATCH-26APR18KOSMAR-KOS,90,5164,89,5841,88,6169,87,6,86,6,91,4156,92,5175,93,8548,94,7857,95,5326,90.5
2026-04-18 12:28:11 AM,KXWTAMATCH-26APR18KOSMAR-KOS,90,5164,89,5841,88,6169,87,6,86,6,91,4156,92,5425,93,8548,94,7857,95,5326,90.5
2026-04-18 12:28:11 AM,KXWTAMATCH-26APR18KOSMAR-KOS,90,5164,89,5841,88,6169,87,6,86,6,91,4155,92,5425,93,8548,94,7857,95,5326,90.5
2026-04-18 12:28:14 AM,KXWTAMATCH-26APR18KOSMAR-KOS,90,5164,89,5841,88,6169,87,6,86,6,91,3063,92,5425,93,8548,94,7857,95,5326,90.5
2026-04-18 12:28:14 AM,KXWTAMATCH-26APR18KOSMAR-KOS,90,5164,89,6387,88,6169,87,6,86,6,91,3063,92,5425,93,8548,94,7857,95,5326,90.5
2026-04-18 12:28:14 AM,KXWTAMATCH-26APR18KOSMAR-KOS,90,5164,89,6387,88,6715,87,6,86,6,91,3063,92,5425,93,8548,94,7857,95,5326,90.5
2026-04-18 12:28:14 AM,KXWTAMATCH-26APR18KOSMAR-KOS,90,5164,89,6388,88,6715,87,6,86,6,91,3063,92,5425,93,8548,94,7857,95,5326,90.5
2026-04-18 12:28:14 AM,KXWTAMATCH-26APR18KOSMAR-KOS,90,5164,89,6388,88,6716,87,6,86,6,91,3063,92,5425,93,8548,94,7857,95,5326,90.5
2026-04-18 12:28:40 AM,KXWTAMATCH-26APR18KOSMAR-KOS,90,5164,89,6388,88,6716,87,6,86,6,91,3063,92,5762,93,8548,94,7857,95,5326,90.5
2026-04-18 12:29:36 AM,KXWTAMATCH-26APR18KOSMAR-KOS,90,5164,89,6388,88,6716,87,6,86,6,91,3063,92,5425,93,8548,94,7857,95,5326,90.5
2026-04-18 12:29:51 AM,KXWTAMATCH-26APR18KOSMAR-KOS,90,5164,89,6388,88,6716,87,6,86,6,91,3063,92,5460,93,8548,94,7857,95,5326,90.5
2026-04-18 12:29:51 AM,KXWTAMATCH-26APR18KOSMAR-KOS,90,5199,89,6388,88,6716,87,6,86,6,91,3063,92,5460,93,8548,94,7857,95,5326,90.5
2026-04-18 12:33:44 AM,KXWTAMATCH-26APR18KOSMAR-KOS,90,5199,89,6388,88,6716,87,6,86,6,91,3063,92,5425,93,8548,94,7857,95,5326,90.5
2026-04-18 12:33:44 AM,KXWTAMATCH-26APR18KOSMAR-KOS,90,5164,89,6388,88,6716,87,6,86,6,91,3063,92,5425,93,8548,94,7857,95,5326,90.5
2026-04-18 12:41:28 AM,KXWTAMATCH-26APR18KOSMAR-KOS,90,5164,89,6388,88,6716,87,6,86,6,91,3058,92,5425,93,8548,94,7857,95,5326,90.5
2026-04-18 12:41:29 AM,KXWTAMATCH-26APR18KOSMAR-KOS,90,5164,89,6388,88,6716,87,6,86,6,91,3063,92,5425,93,8548,94,7857,95,5326,90.5
2026-04-18 12:41:30 AM,KXWTAMATCH-26APR18KOSMAR-KOS,90,5164,89,6388,88,6716,87,6,86,6,91,3058,92,5425,93,8548,94,7857,95,5326,90.5
2026-04-18 12:41:30 AM,KXWTAMATCH-26APR18KOSMAR-KOS,90,5164,89,6390,88,6716,87,6,86,6,91,3058,92,5425,93,8548,94,7857,95,5326,90.5
2026-04-18 12:41:31 AM,KXWTAMATCH-26APR18KOSMAR-KOS,90,5164,89,6390,88,6718,87,6,86,6,91,3058,92,5425,93,8548,94,7857,95,5326,90.5
2026-04-18 12:49:25 AM,KXWTAMATCH-26APR18KOSMAR-KOS,90,4926,89,6390,88,6718,87,6,86,6,91,3058,92,5425,93,8548,94,7857,95,5326,90.5
2026-04-18 12:49:25 AM,KXWTAMATCH-26APR18KOSMAR-KOS,90,4676,89,6390,88,6718,87,6,86,6,91,3058,92,5425,93,8548,94,7857,95,5326,90.5
2026-04-18 12:49:25 AM,KXWTAMATCH-26APR18KOSMAR-KOS,90,4676,89,6640,88,6718,87,6,86,6,91,3058,92,5425,93,8548,94,7857,95,5326,90.5
2026-04-18 12:49:25 AM,KXWTAMATCH-26APR18KOSMAR-KOS,90,4676,89,6640,88,6718,87,6,86,6,91,3058,92,5175,93,8548,94,7857,95,5326,90.5
2026-04-18 12:49:25 AM,KXWTAMATCH-26APR18KOSMAR-KOS,90,4676,89,6640,88,6718,87,6,86,6,91,3308,92,5175,93,8548,94,7857,95,5326,90.5
2026-04-18 12:50:17 AM,KXWTAMATCH-26APR18KOSMAR-KOS,90,4676,89,6640,88,6718,87,6,86,6,91,3308,92,5210,93,8548,94,7857,95,5326,90.5
2026-04-18 12:50:17 AM,KXWTAMATCH-26APR18KOSMAR-KOS,90,4711,89,6640,88,6718,87,6,86,6,91,3308,92,5210,93,8548,94,7857,95,5326,90.5
2026-04-18 12:58:20 AM,KXWTAMATCH-26APR18KOSMAR-KOS,90,4711,89,6640,88,6718,87,6,86,6,91,3308,92,5175,93,8548,94,7857,95,5326,90.5
2026-04-18 12:58:20 AM,KXWTAMATCH-26APR18KOSMAR-KOS,90,4676,89,6640,88,6718,87,6,86,6,91,3308,92,5175,93,8548,94,7857,95,5326,90.5
2026-04-18 01:00:05 AM,KXWTAMATCH-26APR18KOSMAR-KOS,90,3256,89,6640,88,6718,87,6,86,6,91,3308,92,5175,93,8548,94,7857,95,5326,90.5
2026-04-18 01:00:05 AM,KXWTAMATCH-26APR18KOSMAR-KOS,90,3256,89,6640,88,6718,87,6,86,6,91,3308,92,6658,93,8548,94,7857,95,5326,90.5
2026-04-18 01:00:05 AM,KXWTAMATCH-26APR18KOSMAR-KOS,90,3256,89,6640,88,6718,87,920,86,6,91,3308,92,6658,93,8548,94,7857,95,5326,90.5
2026-04-18 01:00:05 AM,KXWTAMATCH-26APR18KOSMAR-KOS,90,3256,89,6640,88,6718,87,920,86,6,91,3308,92,6658,93,8548,94,7857,95,326,90.5
2026-04-18 01:00:05 AM,KXWTAMATCH-26APR18KOSMAR-KOS,90,3256,89,6640,88,6718,87,920,86,6,91,3308,92,6658,93,13548,94,7857,95,326,90.5
2026-04-18 01:00:05 AM,KXWTAMATCH-26APR18KOSMAR-KOS,90,667,89,6640,88,6718,87,920,86,6,91,3308,92,6658,93,13548,94,7857,95,326,90.5
2026-04-18 01:00:05 AM,KXWTAMATCH-26APR18KOSMAR-KOS,90,3256,89,6640,88,6718,87,920,86,6,91,3308,92,6658,93,13548,94,7857,95,326,90.5
2026-04-18 01:00:35 AM,KXWTAMATCH-26APR18KOSMAR-KOS,90,3256,89,6604,88,6718,87,920,86,6,91,3308,92,6658,93,13548,94,7857,95,326,90.5
2026-04-18 01:00:35 AM,KXWTAMATCH-26APR18KOSMAR-KOS,90,3256,89,6604,88,6764,87,920,86,6,91,3308,92,6658,93,13548,94,7857,95,326,90.5
2026-04-18 01:00:35 AM,KXWTAMATCH-26APR18KOSMAR-KOS,90,3256,89,6604,88,6764,87,920,86,6,91,3308,92,6658,93,13548,94,7857,95,1948,90.5
2026-04-18 01:06:31 AM,KXWTAMATCH-26APR18KOSMAR-KOS,90,3256,89,9192,88,6764,87,920,86,6,91,3308,92,6658,93,13548,94,7857,95,1948,90.5
2026-04-18 01:06:31 AM,KXWTAMATCH-26APR18KOSMAR-KOS,90,667,89,9192,88,6764,87,920,86,6,91,3308,92,6658,93,13548,94,7857,95,1948,90.5
2026-04-18 01:06:32 AM,KXWTAMATCH-26APR18KOSMAR-KOS,90,667,89,9192,88,6764,87,920,86,6,91,3308,92,9247,93,13548,94,7857,95,1948,90.5
2026-04-18 01:06:33 AM,KXWTAMATCH-26APR18KOSMAR-KOS,90,667,89,9192,88,6764,87,920,86,6,91,3308,92,9247,93,10960,94,7857,95,1948,90.5
2026-04-18 01:06:35 AM,KXWTAMATCH-26APR18KOSMAR-KOS,90,667,89,9192,88,6764,87,920,86,6,91,3308,92,6658,93,10960,94,7857,95,1948,90.5
2026-04-18 01:06:41 AM,KXWTAMATCH-26APR18KOSMAR-KOS,90,667,89,9192,88,6764,87,920,86,6,91,3308,92,6658,93,13548,94,7857,95,1948,90.5
2026-04-18 01:06:41 AM,KXWTAMATCH-26APR18KOSMAR-KOS,90,667,89,6604,88,6764,87,920,86,6,91,3308,92,6658,93,13548,94,7857,95,1948,90.5
2026-04-18 01:06:49 AM,KXWTAMATCH-26APR18KOSMAR-KOS,90,667,89,9192,88,6764,87,920,86,6,91,3308,92,6658,93,13548,94,7857,95,1948,90.5
2026-04-18 01:07:20 AM,KXWTAMATCH-26APR18KOSMAR-KOS,90,667,89,6604,88,6764,87,920,86,6,91,3308,92,6658,93,13548,94,7857,95,1948,90.5
2026-04-18 01:07:37 AM,KXWTAMATCH-26APR18KOSMAR-KOS,90,667,89,9192,88,6764,87,920,86,6,91,3308,92,6658,93,13548,94,7857,95,1948,90.5
2026-04-18 01:12:06 AM,KXWTAMATCH-26APR18KOSMAR-KOS,90,667,89,9195,88,6767,87,920,86,6,91,3307,92,6658,93,13548,94,7857,95,1948,90.5
2026-04-18 01:16:02 AM,KXWTAMATCH-26APR18KOSMAR-KOS,90,667,89,9195,88,6767,87,920,86,6,91,3297,92,6658,93,13548,94,7857,95,1948,90.5
2026-04-18 01:16:02 AM,KXWTAMATCH-26APR18KOSMAR-KOS,90,667,89,8945,88,6767,87,920,86,6,91,3297,92,6658,93,13548,94,7857,95,1948,90.5
2026-04-18 01:16:02 AM,KXWTAMATCH-26APR18KOSMAR-KOS,90,667,89,8950,88,6767,87,920,86,6,91,3297,92,6658,93,13548,94,7857,95,1948,90.5
2026-04-18 01:16:02 AM,KXWTAMATCH-26APR18KOSMAR-KOS,90,917,89,8950,88,6767,87,920,86,6,91,3297,92,6658,93,13548,94,7857,95,1948,90.5
2026-04-18 01:16:02 AM,KXWTAMATCH-26APR18KOSMAR-KOS,90,917,89,8950,88,6772,87,920,86,6,91,3297,92,6658,93,13548,94,7857,95,1948,90.5
2026-04-18 01:16:02 AM,KXWTAMATCH-26APR18KOSMAR-KOS,90,917,89,8950,88,6772,87,920,86,6,91,3047,92,6658,93,13548,94,7857,95,1948,90.5
2026-04-18 01:16:02 AM,KXWTAMATCH-26APR18KOSMAR-KOS,90,917,89,8950,88,6772,87,920,86,6,91,3047,92,6908,93,13548,94,7857,95,1948,90.5
2026-04-18 01:17:13 AM,KXWTAMATCH-26APR18KOSMAR-KOS,90,3506,89,8950,88,6772,87,920,86,6,91,3047,92,6908,93,13548,94,7857,95,1948,90.5
2026-04-18 01:17:13 AM,KXWTAMATCH-26APR18KOSMAR-KOS,90,3506,89,6362,88,6772,87,920,86,6,91,3047,92,6908,93,13548,94,7857,95,1948,90.5
2026-04-18 01:17:29 AM,KXWTAMATCH-26APR18KOSMAR-KOS,90,3506,89,6361,88,6772,87,920,86,6,91,3047,92,6908,93,13548,94,7857,95,1948,90.5
2026-04-18 01:17:33 AM,KXWTAMATCH-26APR18KOSMAR-KOS,90,3506,89,6361,88,6818,87,920,86,6,91,3047,92,6908,93,13548,94,7857,95,1948,90.5
2026-04-18 01:18:05 AM,KXWTAMATCH-26APR18KOSMAR-KOS,90,4927,89,6361,88,6818,87,920,86,6,91,3047,92,6908,93,13548,94,7857,95,1948,90.5
2026-04-18 01:18:05 AM,KXWTAMATCH-26APR18KOSMAR-KOS,90,4927,89,6361,88,6818,87,920,86,6,91,3047,92,6908,93,8548,94,7857,95,1948,90.5
2026-04-18 01:18:05 AM,KXWTAMATCH-26APR18KOSMAR-KOS,90,4927,89,6361,88,6818,87,920,86,6,91,3047,92,6908,93,8548,94,7857,95,326,90.5
2026-04-18 01:18:05 AM,KXWTAMATCH-26APR18KOSMAR-KOS,90,4927,89,6361,88,6818,87,920,86,6,91,3047,92,6908,93,8548,94,7857,95,5326,90.5
2026-04-18 01:18:05 AM,KXWTAMATCH-26APR18KOSMAR-KOS,90,4927,89,6361,88,6818,87,920,86,6,91,3047,92,5425,93,8548,94,7857,95,5326,90.5
2026-04-18 01:20:14 AM,KXWTAMATCH-26APR18KOSMAR-KOS,90,4927,89,6361,88,6818,87,920,86,6,91,3047,92,5425,93,6690,94,7857,95,5326,90.5
2026-04-18 01:20:14 AM,KXWTAMATCH-26APR18KOSMAR-KOS,90,4927,89,6361,88,6848,87,920,86,6,91,3047,92,5425,93,6690,94,7857,95,5326,90.5
2026-04-18 01:20:14 AM,KXWTAMATCH-26APR18KOSMAR-KOS,90,4927,89,6361,88,6802,87,920,86,6,91,3047,92,5425,93,6690,94,7857,95,5326,90.5
2026-04-18 01:20:14 AM,KXWTAMATCH-26APR18KOSMAR-KOS,90,4927,89,6361,88,6802,87,920,86,6,91,3047,92,5425,93,10166,94,7857,95,5326,90.5
2026-04-18 01:20:14 AM,KXWTAMATCH-26APR18KOSMAR-KOS,90,4927,89,6361,88,6756,87,920,86,6,91,3047,92,5425,93,10166,94,7857,95,5326,90.5
2026-04-18 01:20:14 AM,KXWTAMATCH-26APR18KOSMAR-KOS,90,4927,89,8949,88,6756,87,920,86,6,91,3047,92,5425,93,10166,94,7857,95,5326,90.5
2026-04-18 01:20:14 AM,KXWTAMATCH-26APR18KOSMAR-KOS,90,2338,89,8949,88,6756,87,920,86,6,91,3047,92,5425,93,10166,94,7857,95,5326,90.5
2026-04-18 01:20:14 AM,KXWTAMATCH-26APR18KOSMAR-KOS,90,2338,89,8949,88,6818,87,920,86,6,91,3047,92,5425,93,10166,94,7857,95,5326,90.5
2026-04-18 01:20:14 AM,KXWTAMATCH-26APR18KOSMAR-KOS,90,2338,89,8949,88,6756,87,920,86,6,91,3047,92,5425,93,10166,94,7857,95,5326,90.5
2026-04-18 01:20:15 AM,KXWTAMATCH-26APR18KOSMAR-KOS,90,2338,89,8949,88,6756,87,920,86,6,91,3047,92,5425,93,6690,94,7857,95,5326,90.5
2026-04-18 01:20:15 AM,KXWTAMATCH-26APR18KOSMAR-KOS,90,2338,89,8949,88,6756,87,920,86,6,91,3047,92,5425,93,8267,94,7857,95,5326,90.5
2026-04-18 01:20:26 AM,KXWTAMATCH-26APR18KOSMAR-KOS,90,2338,89,6361,88,6756,87,920,86,6,91,3047,92,5425,93,8267,94,7857,95,5326,90.5
2026-04-18 01:20:27 AM,KXWTAMATCH-26APR18KOSMAR-KOS,90,2338,89,8949,88,6756,87,920,86,6,91,3047,92,5425,93,8267,94,7857,95,5326,90.5
2026-04-18 01:20:32 AM,KXWTAMATCH-26APR18KOSMAR-KOS,90,2338,89,8949,88,6756,87,920,86,6,91,3047,92,5425,93,5679,94,7857,95,5326,90.5
2026-04-18 01:20:34 AM,KXWTAMATCH-26APR18KOSMAR-KOS,90,2338,89,8949,88,6756,87,920,86,6,91,3047,92,5425,93,8267,94,7857,95,5326,90.5
2026-04-18 01:20:48 AM,KXWTAMATCH-26APR18KOSMAR-KOS,90,2338,89,8949,88,6756,87,920,86,6,91,3047,92,5425,93,5679,94,7857,95,5326,90.5
2026-04-18 01:20:49 AM,KXWTAMATCH-26APR18KOSMAR-KOS,90,2338,89,8949,88,6756,87,920,86,6,91,3047,92,5425,93,8267,94,7857,95,5326,90.5
2026-04-18 01:21:31 AM,KXWTAMATCH-26APR18KOSMAR-KOS,90,4927,89,8949,88,6756,87,920,86,6,91,3047,92,5425,93,8267,94,7857,95,5326,90.5
2026-04-18 01:21:31 AM,KXWTAMATCH-26APR18KOSMAR-KOS,90,4927,89,6361,88,6756,87,920,86,6,91,3047,92,5425,93,8267,94,7857,95,5326,90.5
2026-04-18 01:21:36 AM,KXWTAMATCH-26APR18KOSMAR-KOS,90,4927,89,6361,88,6756,87,920,86,6,91,3037,92,5425,93,8267,94,7857,95,5326,90.5
2026-04-18 01:21:36 AM,KXWTAMATCH-26APR18KOSMAR-KOS,90,4927,89,6361,88,6756,87,920,86,6,91,3047,92,5425,93,8267,94,7857,95,5326,90.5
2026-04-18 01:21:38 AM,KXWTAMATCH-26APR18KOSMAR-KOS,90,4927,89,6361,88,6756,87,920,86,6,91,3037,92,5425,93,8267,94,7857,95,5326,90.5
2026-04-18 01:21:38 AM,KXWTAMATCH-26APR18KOSMAR-KOS,90,4927,89,6366,88,6756,87,920,86,6,91,3037,92,5425,93,8267,94,7857,95,5326,90.5
2026-04-18 01:21:38 AM,KXWTAMATCH-26APR18KOSMAR-KOS,90,4927,89,6366,88,6761,87,920,86,6,91,3037,92,5425,93,8267,94,7857,95,5326,90.5
2026-04-18 01:21:46 AM,KXWTAMATCH-26APR18KOSMAR-KOS,90,4927,89,6366,88,6761,87,920,86,6,91,3036,92,5425,93,8267,94,7857,95,5326,90.5
2026-04-18 01:21:46 AM,KXWTAMATCH-26APR18KOSMAR-KOS,90,4927,89,6366,88,6761,87,920,86,6,91,3037,92,5425,93,8267,94,7857,95,5326,90.5
2026-04-18 01:21:47 AM,KXWTAMATCH-26APR18KOSMAR-KOS,90,4927,89,6366,88,6761,87,920,86,6,91,3036,92,5425,93,8267,94,7857,95,5326,90.5
2026-04-18 01:22:07 AM,KXWTAMATCH-26APR18KOSMAR-KOS,90,4927,89,6366,88,6761,87,920,86,6,91,3036,92,5425,93,11981,94,7857,95,5326,90.5
2026-04-18 01:23:13 AM,KXWTAMATCH-26APR18KOSMAR-KOS,90,4927,89,6366,88,6761,87,920,86,6,91,3036,92,5425,93,11982,94,7857,95,5326,90.5
2026-04-18 01:23:53 AM,KXWTAMATCH-26APR18KOSMAR-KOS,90,4927,89,6366,88,6761,87,920,86,6,91,3036,92,5425,93,11981,94,7857,95,5326,90.5
2026-04-18 01:30:47 AM,KXWTAMATCH-26APR18KOSMAR-KOS,90,4927,89,6376,88,6761,87,920,86,6,91,3036,92,5425,93,11981,94,7857,95,5326,90.5
2026-04-18 01:30:48 AM,KXWTAMATCH-26APR18KOSMAR-KOS,90,4927,89,6386,88,6761,87,920,86,6,91,3036,92,5425,93,11981,94,7857,95,5326,90.5
2026-04-18 01:30:48 AM,KXWTAMATCH-26APR18KOSMAR-KOS,90,4927,89,6396,88,6761,87,920,86,6,91,3036,92,5425,93,11981,94,7857,95,5326,90.5
2026-04-18 01:30:48 AM,KXWTAMATCH-26APR18KOSMAR-KOS,90,4927,89,6406,88,6761,87,920,86,6,91,3036,92,5425,93,11981,94,7857,95,5326,90.5
2026-04-18 01:30:48 AM,KXWTAMATCH-26APR18KOSMAR-KOS,90,4927,89,6416,88,6761,87,920,86,6,91,3036,92,5425,93,11981,94,7857,95,5326,90.5
2026-04-18 01:30:48 AM,KXWTAMATCH-26APR18KOSMAR-KOS,90,4927,89,6416,88,6761,87,920,86,6,91,3036,92,5425,93,11991,94,7857,95,5326,90.5
2026-04-18 01:30:48 AM,KXWTAMATCH-26APR18KOSMAR-KOS,90,4927,89,6416,88,6761,87,920,86,6,91,3036,92,5425,93,12001,94,7857,95,5326,90.5
2026-04-18 01:31:43 AM,KXWTAMATCH-26APR18KOSMAR-KOS,90,4927,89,6416,88,6731,87,920,86,6,91,3036,92,5425,93,12001,94,7857,95,5326,90.5
2026-04-18 01:31:43 AM,KXWTAMATCH-26APR18KOSMAR-KOS,90,4927,89,6416,88,6823,87,920,86,6,91,3036,92,5425,93,12001,94,7857,95,5326,90.5
2026-04-18 01:31:43 AM,KXWTAMATCH-26APR18KOSMAR-KOS,90,4927,89,6416,88,6823,87,920,86,6,91,3036,92,5425,93,12001,94,7857,95,6948,90.5
2026-04-18 01:31:43 AM,KXWTAMATCH-26APR18KOSMAR-KOS,90,4927,89,6416,88,6731,87,920,86,6,91,3036,92,5425,93,12001,94,7857,95,6948,90.5
2026-04-18 01:31:43 AM,KXWTAMATCH-26APR18KOSMAR-KOS,90,4927,89,6416,88,6731,87,920,86,6,91,3036,92,5425,93,12001,94,7857,95,5326,90.5
2026-04-18 01:31:43 AM,KXWTAMATCH-26APR18KOSMAR-KOS,90,4927,89,6416,88,6736,87,920,86,6,91,3036,92,5425,93,12001,94,7857,95,5326,90.5
2026-04-18 01:31:46 AM,KXWTAMATCH-26APR18KOSMAR-KOS,90,4927,89,9004,88,6736,87,920,86,6,91,3036,92,5425,93,12001,94,7857,95,5326,90.5
2026-04-18 01:31:46 AM,KXWTAMATCH-26APR18KOSMAR-KOS,90,2338,89,9004,88,6736,87,920,86,6,91,3036,92,5425,93,12001,94,7857,95,5326,90.5
2026-04-18 01:31:46 AM,KXWTAMATCH-26APR18KOSMAR-KOS,90,2338,89,9004,88,6736,87,920,86,6,91,3036,92,5425,93,9413,94,7857,95,5326,90.5
2026-04-18 01:31:48 AM,KXWTAMATCH-26APR18KOSMAR-KOS,90,2338,89,9004,88,6736,87,920,86,6,91,3036,92,5425,93,12001,94,7857,95,5326,90.5
2026-04-18 01:31:58 AM,KXWTAMATCH-26APR18KOSMAR-KOS,90,2338,89,9004,88,6739,87,920,86,6,91,3036,92,5425,93,12001,94,7857,95,5326,90.5
2026-04-18 01:31:59 AM,KXWTAMATCH-26APR18KOSMAR-KOS,90,2338,89,9004,88,6739,87,920,86,6,91,3036,92,5425,93,9413,94,7857,95,5326,90.5
2026-04-18 01:32:01 AM,KXWTAMATCH-26APR18KOSMAR-KOS,90,2338,89,9004,88,6739,87,920,86,6,91,3036,92,5425,93,12001,94,7857,95,5326,90.5
2026-04-18 01:32:10 AM,KXWTAMATCH-26APR18KOSMAR-KOS,90,4927,89,9004,88,6739,87,920,86,6,91,3036,92,5425,93,12001,94,7857,95,5326,90.5
2026-04-18 01:32:10 AM,KXWTAMATCH-26APR18KOSMAR-KOS,90,4927,89,9004,88,6736,87,920,86,6,91,3036,92,5425,93,12001,94,7857,95,5326,90.5
2026-04-18 01:32:10 AM,KXWTAMATCH-26APR18KOSMAR-KOS,90,4927,89,6416,88,6736,87,920,86,6,91,3036,92,5425,93,12001,94,7857,95,5326,90.5
2026-04-18 01:36:43 AM,KXWTAMATCH-26APR18KOSMAR-KOS,90,4927,89,6416,88,6736,87,920,86,6,91,3036,92,5425,93,12001,94,7857,95,6948,90.5
2026-04-18 01:36:43 AM,KXWTAMATCH-26APR18KOSMAR-KOS,90,4927,89,6416,88,6823,87,920,86,6,91,3036,92,5425,93,12001,94,7857,95,6948,90.5
2026-04-18 01:36:44 AM,KXWTAMATCH-26APR18KOSMAR-KOS,90,4927,89,6416,88,6823,87,920,86,6,91,3036,92,5425,93,10424,94,7857,95,6948,90.5
2026-04-18 01:36:44 AM,KXWTAMATCH-26APR18KOSMAR-KOS,90,4927,89,6416,88,6823,87,920,86,6,91,3036,92,5425,93,13900,94,7857,95,6948,90.5
2026-04-18 01:38:06 AM,KXWTAMATCH-26APR18KOSMAR-KOS,90,4927,89,6416,88,6823,87,920,86,6,91,2818,92,5425,93,13900,94,7857,95,6948,90.5
2026-04-18 01:38:06 AM,KXWTAMATCH-26APR18KOSMAR-KOS,90,4927,89,6416,88,6823,87,920,86,6,91,3036,92,5425,93,13900,94,7857,95,6948,90.5
2026-04-18 01:38:09 AM,KXWTAMATCH-26APR18KOSMAR-KOS,90,4927,89,6416,88,6823,87,920,86,6,91,2818,92,5425,93,13900,94,7857,95,6948,90.5
2026-04-18 01:38:09 AM,KXWTAMATCH-26APR18KOSMAR-KOS,90,4927,89,6525,88,6823,87,920,86,6,91,2818,92,5425,93,13900,94,7857,95,6948,90.5
2026-04-18 01:38:09 AM,KXWTAMATCH-26APR18KOSMAR-KOS,90,4927,89,6525,88,6932,87,920,86,6,91,2818,92,5425,93,13900,94,7857,95,6948,90.5
2026-04-18 01:38:47 AM,KXWTAMATCH-26APR18KOSMAR-KOS,90,4927,89,6525,88,6932,87,920,86,6,91,2818,92,5460,93,13900,94,7857,95,6948,90.5
2026-04-18 01:38:47 AM,KXWTAMATCH-26APR18KOSMAR-KOS,90,4962,89,6525,88,6932,87,920,86,6,91,2818,92,5460,93,13900,94,7857,95,6948,90.5
2026-04-18 01:39:25 AM,KXWTAMATCH-26APR18KOSMAR-KOS,90,4962,89,6525,88,6932,87,920,86,6,91,2815,92,5460,93,13900,94,7857,95,6948,90.5
2026-04-18 01:39:25 AM,KXWTAMATCH-26APR18KOSMAR-KOS,90,4962,89,6525,88,6932,87,920,86,6,91,2818,92,5460,93,13900,94,7857,95,6948,90.5
2026-04-18 01:39:26 AM,KXWTAMATCH-26APR18KOSMAR-KOS,90,4962,89,6525,88,6932,87,920,86,6,91,2815,92,5460,93,13900,94,7857,95,6948,90.5
2026-04-18 01:39:26 AM,KXWTAMATCH-26APR18KOSMAR-KOS,90,4962,89,6526,88,6932,87,920,86,6,91,2815,92,5460,93,13900,94,7857,95,6948,90.5
2026-04-18 01:39:26 AM,KXWTAMATCH-26APR18KOSMAR-KOS,90,4962,89,6526,88,6933,87,920,86,6,91,2815,92,5460,93,13900,94,7857,95,6948,90.5
2026-04-18 01:41:00 AM,KXWTAMATCH-26APR18KOSMAR-KOS,90,2373,89,6526,88,6933,87,920,86,6,91,2815,92,5460,93,13900,94,7857,95,6948,90.5
2026-04-18 01:41:00 AM,KXWTAMATCH-26APR18KOSMAR-KOS,90,2373,89,9114,88,6933,87,920,86,6,91,2815,92,5460,93,13900,94,7857,95,6948,90.5
2026-04-18 01:41:01 AM,KXWTAMATCH-26APR18KOSMAR-KOS,90,2373,89,6526,88,6933,87,920,86,6,91,2815,92,5460,93,13900,94,7857,95,6948,90.5
2026-04-18 01:41:08 AM,KXWTAMATCH-26APR18KOSMAR-KOS,90,4962,89,6526,88,6933,87,920,86,6,91,2815,92,5460,93,13900,94,7857,95,6948,90.5
2026-04-18 01:41:19 AM,KXWTAMATCH-26APR18KOSMAR-KOS,90,4962,89,9114,88,6933,87,920,86,6,91,2815,92,5460,93,13900,94,7857,95,6948,90.5
2026-04-18 01:41:19 AM,KXWTAMATCH-26APR18KOSMAR-KOS,90,2373,89,9114,88,6933,87,920,86,6,91,2815,92,5460,93,13900,94,7857,95,6948,90.5
2026-04-18 01:41:29 AM,KXWTAMATCH-26APR18KOSMAR-KOS,90,4962,89,9114,88,6933,87,920,86,6,91,2815,92,5460,93,13900,94,7857,95,6948,90.5
2026-04-18 01:41:29 AM,KXWTAMATCH-26APR18KOSMAR-KOS,90,4962,89,6526,88,6933,87,920,86,6,91,2815,92,5460,93,13900,94,7857,95,6948,90.5
2026-04-18 01:41:30 AM,KXWTAMATCH-26APR18KOSMAR-KOS,90,4962,89,6576,88,6933,87,920,86,6,91,2815,92,5460,93,13900,94,7857,95,6948,90.5
2026-04-18 01:43:18 AM,KXWTAMATCH-26APR18KOSMAR-KOS,90,4962,89,6576,88,6933,87,920,86,6,91,2814,92,5460,93,13900,94,7857,95,6948,90.5
2026-04-18 01:44:54 AM,KXWTAMATCH-26APR18KOSMAR-KOS,90,4962,89,6576,88,6938,87,920,86,6,91,2814,92,5460,93,13900,94,7857,95,6948,90.5
2026-04-18 01:44:54 AM,KXWTAMATCH-26APR18KOSMAR-KOS,90,4962,89,6576,88,6938,87,920,86,6,91,2814,92,5460,93,13900,94,7857,95,5326,90.5
2026-04-18 01:44:54 AM,KXWTAMATCH-26APR18KOSMAR-KOS,90,4962,89,6576,88,6851,87,920,86,6,91,2814,92,5460,93,13900,94,7857,95,5326,90.5
2026-04-18 01:44:55 AM,KXWTAMATCH-26APR18KOSMAR-KOS,90,4962,89,9164,88,6851,87,920,86,6,91,2814,92,5460,93,13900,94,7857,95,5326,90.5
2026-04-18 01:44:55 AM,KXWTAMATCH-26APR18KOSMAR-KOS,90,2373,89,9164,88,6851,87,920,86,6,91,2814,92,5460,93,13900,94,7857,95,5326,90.5
2026-04-18 01:44:55 AM,KXWTAMATCH-26APR18KOSMAR-KOS,90,2373,89,6576,88,6851,87,920,86,6,91,2814,92,5460,93,13900,94,7857,95,5326,90.5
2026-04-18 01:44:59 AM,KXWTAMATCH-26APR18KOSMAR-KOS,90,2373,89,6576,88,6851,87,920,86,6,91,2814,92,5460,93,11312,94,7857,95,5326,90.5
2026-04-18 01:45:00 AM,KXWTAMATCH-26APR18KOSMAR-KOS,90,2373,89,6576,88,6851,87,920,86,6,91,2814,92,5460,93,13900,94,7857,95,5326,90.5
2026-04-18 01:45:01 AM,KXWTAMATCH-26APR18KOSMAR-KOS,90,2373,89,6576,88,6851,87,920,86,6,91,2814,92,5460,93,11312,94,7857,95,5326,90.5
2026-04-18 01:45:02 AM,KXWTAMATCH-26APR18KOSMAR-KOS,90,2373,89,6576,88,6856,87,920,86,6,91,2814,92,5460,93,11312,94,7857,95,5326,90.5
2026-04-18 01:45:07 AM,KXWTAMATCH-26APR18KOSMAR-KOS,90,2373,89,9164,88,6856,87,920,86,6,91,2814,92,5460,93,11312,94,7857,95,5326,90.5
2026-04-18 01:45:14 AM,KXWTAMATCH-26APR18KOSMAR-KOS,90,2373,89,9164,88,6856,87,920,86,6,91,2814,92,5460,93,13900,94,7857,95,5326,90.5
2026-04-18 01:45:23 AM,KXWTAMATCH-26APR18KOSMAR-KOS,90,2373,89,9164,88,6856,87,920,86,6,91,2814,92,5460,93,11312,94,7857,95,5326,90.5
2026-04-18 01:45:29 AM,KXWTAMATCH-26APR18KOSMAR-KOS,90,2373,89,9164,88,6856,87,920,86,6,91,2814,92,5460,93,13900,94,7857,95,5326,90.5
2026-04-18 01:45:31 AM,KXWTAMATCH-26APR18KOSMAR-KOS,90,2373,89,9164,88,6856,87,920,86,6,91,2814,92,5460,93,11312,94,7857,95,5326,90.5
2026-04-18 01:45:40 AM,KXWTAMATCH-26APR18KOSMAR-KOS,90,2373,89,9164,88,6856,87,920,86,6,91,2814,92,5460,93,13900,94,7857,95,5326,90.5
2026-04-18 01:45:44 AM,KXWTAMATCH-26APR18KOSMAR-KOS,90,2373,89,9164,88,6856,87,920,86,6,91,2814,92,5460,93,11312,94,7857,95,5326,90.5
2026-04-18 01:45:59 AM,KXWTAMATCH-26APR18KOSMAR-KOS,90,2373,89,9164,88,6856,87,920,86,6,91,2814,92,5460,93,13900,94,7857,95,5326,90.5
2026-04-18 01:45:59 AM,KXWTAMATCH-26APR18KOSMAR-KOS,90,2373,89,9164,88,6856,87,920,86,6,91,2814,92,5460,93,11312,94,7857,95,5326,90.5
2026-04-18 01:46:14 AM,KXWTAMATCH-26APR18KOSMAR-KOS,90,2373,89,9164,88,6856,87,920,86,6,91,2814,92,5460,93,13900,94,7857,95,5326,90.5
2026-04-18 01:46:15 AM,KXWTAMATCH-26APR18KOSMAR-KOS,90,2373,89,9164,88,6856,87,920,86,6,91,2814,92,5460,93,11312,94,7857,95,5326,90.5
2026-04-18 01:46:29 AM,KXWTAMATCH-26APR18KOSMAR-KOS,90,2373,89,9164,88,6856,87,920,86,6,91,2814,92,5460,93,13900,94,7857,95,5326,90.5
2026-04-18 01:46:39 AM,KXWTAMATCH-26APR18KOSMAR-KOS,90,2373,89,9164,88,6856,87,920,86,6,91,2814,92,5425,93,13900,94,7857,95,5326,90.5
2026-04-18 01:46:39 AM,KXWTAMATCH-26APR18KOSMAR-KOS,90,2338,89,9164,88,6856,87,920,86,6,91,2814,92,5425,93,13900,94,7857,95,5326,90.5
2026-04-18 01:46:45 AM,KXWTAMATCH-26APR18KOSMAR-KOS,90,2338,89,9164,88,6856,87,920,86,6,91,2814,92,5425,93,11312,94,7857,95,5326,90.5
2026-04-18 01:47:00 AM,KXWTAMATCH-26APR18KOSMAR-KOS,90,2338,89,9164,88,6856,87,920,86,6,91,2814,92,5425,93,13900,94,7857,95,5326,90.5
2026-04-18 01:47:01 AM,KXWTAMATCH-26APR18KOSMAR-KOS,90,2338,89,6576,88,6856,87,920,86,6,91,2814,92,5425,93,13900,94,7857,95,5326,90.5
2026-04-18 01:47:02 AM,KXWTAMATCH-26APR18KOSMAR-KOS,90,2338,89,9164,88,6856,87,920,86,6,91,2814,92,5425,93,13900,94,7857,95,5326,90.5
2026-04-18 01:47:06 AM,KXWTAMATCH-26APR18KOSMAR-KOS,90,2338,89,9164,88,6856,87,920,86,6,91,2814,92,5425,93,11312,94,7857,95,5326,90.5
2026-04-18 01:47:11 AM,KXWTAMATCH-26APR18KOSMAR-KOS,90,2338,89,9164,88,6856,87,920,86,6,91,2814,92,5425,93,13900,94,7857,95,5326,90.5
2026-04-18 01:48:03 AM,KXWTAMATCH-26APR18KOSMAR-KOS,90,2338,89,9164,88,6856,87,920,86,6,91,2814,92,5425,93,13900,94,7857,95,5351,90.5
2026-04-18 01:48:04 AM,KXWTAMATCH-26APR18KOSMAR-KOS,90,2338,89,9164,88,6856,87,920,86,6,91,2814,92,5425,93,13900,94,7872,95,5351,90.5
2026-04-18 01:48:18 AM,KXWTAMATCH-26APR18KOSMAR-KOS,90,2338,89,9164,88,6856,87,920,86,6,91,2814,92,5425,93,11312,94,7872,95,5351,90.5
2026-04-18 01:48:30 AM,KXWTAMATCH-26APR18KOSMAR-KOS,90,2338,89,9164,88,6856,87,920,86,6,91,2814,92,5425,93,13900,94,7872,95,5351,90.5
2026-04-18 01:49:04 AM,KXWTAMATCH-26APR18KOSMAR-KOS,90,2338,89,9164,88,6856,87,920,86,6,91,2805,92,5425,93,13900,94,7872,95,5351,90.5
2026-04-18 01:49:04 AM,KXWTAMATCH-26APR18KOSMAR-KOS,90,2338,89,9164,88,6856,87,920,86,6,91,2814,92,5425,93,13900,94,7872,95,5351,90.5
2026-04-18 01:49:05 AM,KXWTAMATCH-26APR18KOSMAR-KOS,90,2338,89,9164,88,6856,87,920,86,6,91,2805,92,5425,93,13900,94,7872,95,5351,90.5
2026-04-18 01:49:05 AM,KXWTAMATCH-26APR18KOSMAR-KOS,90,2338,89,9168,88,6856,87,920,86,6,91,2805,92,5425,93,13900,94,7872,95,5351,90.5
2026-04-18 01:49:05 AM,KXWTAMATCH-26APR18KOSMAR-KOS,90,2338,89,9168,88,6860,87,920,86,6,91,2805,92,5425,93,13900,94,7872,95,5351,90.5
2026-04-18 01:50:10 AM,KXWTAMATCH-26APR18KOSMAR-KOS,90,2329,89,9168,88,6860,87,920,86,6,91,2805,92,5425,93,13900,94,7872,95,5351,90.5
2026-04-18 01:50:10 AM,KXWTAMATCH-26APR18KOSMAR-KOS,90,2079,89,9168,88,6860,87,920,86,6,91,2805,92,5425,93,13900,94,7872,95,5351,90.5
2026-04-18 01:50:10 AM,KXWTAMATCH-26APR18KOSMAR-KOS,90,2079,89,9418,88,6860,87,920,86,6,91,2805,92,5425,93,13900,94,7872,95,5351,90.5
2026-04-18 01:50:10 AM,KXWTAMATCH-26APR18KOSMAR-KOS,90,2079,89,9418,88,6860,87,920,86,6,91,2805,92,5175,93,13900,94,7872,95,5351,90.5
2026-04-18 01:50:10 AM,KXWTAMATCH-26APR18KOSMAR-KOS,90,2079,89,9418,88,6860,87,920,86,6,91,3055,92,5175,93,13900,94,7872,95,5351,90.5
2026-04-18 01:50:10 AM,KXWTAMATCH-26APR18KOSMAR-KOS,90,2079,89,6830,88,6860,87,920,86,6,91,3055,92,5175,93,13900,94,7872,95,5351,90.5
2026-04-18 01:50:25 AM,KXWTAMATCH-26APR18KOSMAR-KOS,90,2079,89,6830,88,6860,87,920,86,6,91,3054,92,5175,93,13900,94,7872,95,5351,90.5
2026-04-18 01:50:32 AM,KXWTAMATCH-26APR18KOSMAR-KOS,90,2079,89,9418,88,6860,87,920,86,6,91,3054,92,5175,93,13900,94,7872,95,5351,90.5
2026-04-18 01:50:33 AM,KXWTAMATCH-26APR18KOSMAR-KOS,90,2079,89,6830,88,6860,87,920,86,6,91,3054,92,5175,93,13900,94,7872,95,5351,90.5
2026-04-18 01:51:16 AM,KXWTAMATCH-26APR18KOSMAR-KOS,90,2079,89,9418,88,6860,87,920,86,6,91,3054,92,5175,93,13900,94,7872,95,5351,90.5
2026-04-18 01:52:29 AM,KXWTAMATCH-26APR18KOSMAR-KOS,90,2079,89,9418,88,6860,87,920,86,6,91,3053,92,5175,93,13900,94,7872,95,5351,90.5
2026-04-18 01:52:29 AM,KXWTAMATCH-26APR18KOSMAR-KOS,90,2079,89,9168,88,6860,87,920,86,6,91,3053,92,5175,93,13900,94,7872,95,5351,90.5
2026-04-18 01:52:29 AM,KXWTAMATCH-26APR18KOSMAR-KOS,90,2079,89,9168,88,6860,87,920,86,6,91,3054,92,5175,93,13900,94,7872,95,5351,90.5
2026-04-18 01:52:29 AM,KXWTAMATCH-26APR18KOSMAR-KOS,90,2329,89,9168,88,6860,87,920,86,6,91,3054,92,5175,93,13900,94,7872,95,5351,90.5
2026-04-18 01:52:29 AM,KXWTAMATCH-26APR18KOSMAR-KOS,90,2329,89,9168,88,6860,87,920,86,6,91,2804,92,5175,93,13900,94,7872,95,5351,90.5
2026-04-18 01:52:29 AM,KXWTAMATCH-26APR18KOSMAR-KOS,90,2329,89,9168,88,6860,87,920,86,6,91,2804,92,5425,93,13900,94,7872,95,5351,90.5
2026-04-18 01:52:31 AM,KXWTAMATCH-26APR18KOSMAR-KOS,90,2329,89,9168,88,6860,87,920,86,6,91,2803,92,5425,93,13900,94,7872,95,5351,90.5
2026-04-18 01:52:56 AM,KXWTAMATCH-26APR18KOSMAR-KOS,90,2329,89,9168,88,6860,87,920,86,6,91,2803,92,5309,93,13900,94,7872,95,5351,90.5
2026-04-18 01:52:57 AM,KXWTAMATCH-26APR18KOSMAR-KOS,90,2329,89,9168,88,6860,87,920,86,6,91,2803,92,5309,93,11312,94,7872,95,5351,90.5
2026-04-18 01:52:57 AM,KXWTAMATCH-26APR18KOSMAR-KOS,90,2329,89,9168,88,6860,87,920,86,6,91,2803,92,5309,93,13905,94,7872,95,5351,90.5
2026-04-18 01:52:58 AM,KXWTAMATCH-26APR18KOSMAR-KOS,90,2329,89,9168,88,6860,87,920,86,6,91,2803,92,5309,93,10191,94,7872,95,5351,90.5
2026-04-18 01:52:58 AM,KXWTAMATCH-26APR18KOSMAR-KOS,90,2329,89,9168,88,6860,87,920,86,6,91,2803,92,5309,93,13927,94,7872,95,5351,90.5
2026-04-18 01:52:59 AM,KXWTAMATCH-26APR18KOSMAR-KOS,90,2329,89,6580,88,6860,87,920,86,6,91,2803,92,5309,93,13927,94,7872,95,5351,90.5
2026-04-18 01:53:12 AM,KXWTAMATCH-26APR18KOSMAR-KOS,90,2329,89,9173,88,6860,87,920,86,6,91,2803,92,5309,93,13927,94,7872,95,5351,90.5
2026-04-18 01:54:56 AM,KXWTAMATCH-26APR18KOSMAR-KOS,90,2329,89,9173,88,6860,87,920,86,6,91,2789,92,5309,93,13927,94,7872,95,5351,90.5
2026-04-18 01:54:57 AM,KXWTAMATCH-26APR18KOSMAR-KOS,90,2329,89,9187,88,6860,87,920,86,6,91,2789,92,5309,93,13927,94,7872,95,5351,90.5
2026-04-18 01:55:20 AM,KXWTAMATCH-26APR18KOSMAR-KOS,90,2329,89,9187,88,6860,87,920,86,6,91,2789,92,7902,93,13927,94,7872,95,5351,90.5
2026-04-18 01:55:20 AM,KXWTAMATCH-26APR18KOSMAR-KOS,90,2329,89,9187,88,6860,87,920,86,6,91,2789,92,7902,93,13927,94,7872,95,6974,90.5
2026-04-18 01:55:20 AM,KXWTAMATCH-26APR18KOSMAR-KOS,90,2329,89,9187,88,6937,87,920,86,6,91,2789,92,7902,93,13927,94,7872,95,6974,90.5
2026-04-18 01:55:20 AM,KXWTAMATCH-26APR18KOSMAR-KOS,90,2329,89,9187,88,6937,87,920,86,6,91,2789,92,7902,93,11334,94,7872,95,6974,90.5
2026-04-18 01:55:30 AM,KXWTAMATCH-26APR18KOSMAR-KOS,90,2329,89,9187,88,6937,87,920,86,6,91,2789,92,7902,93,13927,94,7872,95,6974,90.5
2026-04-18 01:55:30 AM,KXWTAMATCH-26APR18KOSMAR-KOS,90,2329,89,9187,88,6937,87,920,86,6,91,2789,92,5309,93,13927,94,7872,95,6974,90.5
2026-04-18 01:55:34 AM,KXWTAMATCH-26APR18KOSMAR-KOS,90,2329,89,6594,88,6937,87,920,86,6,91,2789,92,5309,93,13927,94,7872,95,6974,90.5
2026-04-18 01:55:34 AM,KXWTAMATCH-26APR18KOSMAR-KOS,90,2329,89,9187,88,6937,87,920,86,6,91,2789,92,5309,93,13927,94,7872,95,6974,90.5
2026-04-18 01:55:50 AM,KXWTAMATCH-26APR18KOSMAR-KOS,90,2329,89,6594,88,6937,87,920,86,6,91,2789,92,5309,93,13927,94,7872,95,6974,90.5
2026-04-18 01:55:50 AM,KXWTAMATCH-26APR18KOSMAR-KOS,90,2329,89,6594,88,6937,87,920,86,6,91,2789,92,7902,93,13927,94,7872,95,6974,90.5
2026-04-18 01:55:50 AM,KXWTAMATCH-26APR18KOSMAR-KOS,90,2329,89,9187,88,6937,87,920,86,6,91,2789,92,7902,93,13927,94,7872,95,6974,90.5
2026-04-18 01:55:50 AM,KXWTAMATCH-26APR18KOSMAR-KOS,90,2079,89,9187,88,6937,87,920,86,6,91,2789,92,7902,93,13927,94,7872,95,6974,90.5
2026-04-18 01:55:50 AM,KXWTAMATCH-26APR18KOSMAR-KOS,90,2079,89,9437,88,6937,87,920,86,6,91,2789,92,7902,93,13927,94,7872,95,6974,90.5
2026-04-18 01:55:50 AM,KXWTAMATCH-26APR18KOSMAR-KOS,90,2079,89,9437,88,6937,87,920,86,6,91,2789,92,5309,93,13927,94,7872,95,6974,90.5
2026-04-18 01:55:50 AM,KXWTAMATCH-26APR18KOSMAR-KOS,90,2079,89,9437,88,6937,87,920,86,6,91,2789,92,5059,93,13927,94,7872,95,6974,90.5
2026-04-18 01:55:50 AM,KXWTAMATCH-26APR18KOSMAR-KOS,90,2079,89,9437,88,6937,87,920,86,6,91,2789,92,5059,93,11334,94,7872,95,6974,90.5
2026-04-18 01:55:50 AM,KXWTAMATCH-26APR18KOSMAR-KOS,90,2079,89,9437,88,6937,87,920,86,6,91,3039,92,5059,93,11334,94,7872,95,6974,90.5
2026-04-18 01:55:50 AM,KXWTAMATCH-26APR18KOSMAR-KOS,90,2079,89,9187,88,6937,87,920,86,6,91,3039,92,5059,93,11334,94,7872,95,6974,90.5
2026-04-18 01:55:50 AM,KXWTAMATCH-26APR18KOSMAR-KOS,90,2329,89,9187,88,6937,87,920,86,6,91,3039,92,5059,93,11334,94,7872,95,6974,90.5
2026-04-18 01:55:50 AM,KXWTAMATCH-26APR18KOSMAR-KOS,90,2329,89,9187,88,6937,87,920,86,6,91,2789,92,5059,93,11334,94,7872,95,6974,90.5
2026-04-18 01:55:50 AM,KXWTAMATCH-26APR18KOSMAR-KOS,90,2329,89,9187,88,6937,87,920,86,6,91,2789,92,5309,93,11334,94,7872,95,6974,90.5
2026-04-18 01:55:52 AM,KXWTAMATCH-26APR18KOSMAR-KOS,90,2329,89,6594,88,6937,87,920,86,6,91,2789,92,5309,93,11334,94,7872,95,6974,90.5
2026-04-18 01:55:59 AM,KXWTAMATCH-26APR18KOSMAR-KOS,90,2329,89,9187,88,6937,87,920,86,6,91,2789,92,5309,93,11334,94,7872,95,6974,90.5
2026-04-18 01:55:59 AM,KXWTAMATCH-26APR18KOSMAR-KOS,90,2329,89,9187,88,6937,87,920,86,6,91,2789,92,5309,93,13927,94,7872,95,6974,90.5
2026-04-18 01:55:59 AM,KXWTAMATCH-26APR18KOSMAR-KOS,90,2329,89,9187,88,6937,87,920,86,6,91,2789,92,5309,93,11334,94,7872,95,6974,90.5
2026-04-18 01:56:01 AM,KXWTAMATCH-26APR18KOSMAR-KOS,90,2329,89,6594,88,6937,87,920,86,6,91,2789,92,5309,93,11334,94,7872,95,6974,90.5
2026-04-18 01:56:38 AM,KXWTAMATCH-26APR18KOSMAR-KOS,90,4922,89,6594,88,6937,87,920,86,6,91,2789,92,5309,93,11334,94,7872,95,6974,90.5
2026-04-18 01:56:38 AM,KXWTAMATCH-26APR18KOSMAR-KOS,90,4922,89,6594,88,6937,87,920,86,6,91,2789,92,5309,93,13927,94,7872,95,6974,90.5
2026-04-18 02:01:03 AM,KXWTAMATCH-26APR18KOSMAR-KOS,90,4922,89,6594,88,6932,87,920,86,6,91,2789,92,5309,93,13927,94,7872,95,6974,90.5
2026-04-18 02:01:03 AM,KXWTAMATCH-26APR18KOSMAR-KOS,90,4922,89,6594,88,6927,87,920,86,6,91,2789,92,5309,93,13927,94,7872,95,6974,90.5
2026-04-18 02:01:04 AM,KXWTAMATCH-26APR18KOSMAR-KOS,90,4922,89,6594,88,6850,87,920,86,6,91,2789,92,5309,93,13927,94,7872,95,6974,90.5
2026-04-18 02:01:04 AM,KXWTAMATCH-26APR18KOSMAR-KOS,90,4922,89,6594,88,6845,87,920,86,6,91,2789,92,5309,93,13927,94,7872,95,6974,90.5
2026-04-18 02:01:04 AM,KXWTAMATCH-26APR18KOSMAR-KOS,90,4922,89,6594,88,6848,87,920,86,6,91,2789,92,5309,93,13927,94,7872,95,6974,90.5
2026-04-18 02:01:04 AM,KXWTAMATCH-26APR18KOSMAR-KOS,90,4922,89,6594,88,6848,87,920,86,6,91,2789,92,5309,93,13927,94,7872,95,5351,90.5
2026-04-18 02:03:03 AM,KXWTAMATCH-26APR18KOSMAR-KOS,90,4922,89,6594,88,6848,87,920,86,6,91,2789,92,5567,93,13927,94,7872,95,5351,90.5
2026-04-18 02:03:03 AM,KXWTAMATCH-26APR18KOSMAR-KOS,90,4922,89,9174,88,6848,87,920,86,6,91,2789,92,5567,93,13927,94,7872,95,5351,90.5
2026-04-18 02:03:03 AM,KXWTAMATCH-26APR18KOSMAR-KOS,90,2329,89,9174,88,6848,87,920,86,6,91,2789,92,5567,93,13927,94,7872,95,5351,90.5
2026-04-18 02:03:03 AM,KXWTAMATCH-26APR18KOSMAR-KOS,90,2329,89,9174,88,6937,87,920,86,6,91,2789,92,5567,93,13927,94,7872,95,5351,90.5
2026-04-18 02:03:04 AM,KXWTAMATCH-26APR18KOSMAR-KOS,90,2329,89,9174,88,6937,87,920,86,6,91,2789,92,5567,93,10191,94,7872,95,5351,90.5
2026-04-18 02:03:04 AM,KXWTAMATCH-26APR18KOSMAR-KOS,90,2329,89,9174,88,6937,87,920,86,6,91,2789,92,8147,93,10191,94,7872,95,5351,90.5
2026-04-18 02:03:04 AM,KXWTAMATCH-26APR18KOSMAR-KOS,90,2329,89,9174,88,6938,87,920,86,6,91,2789,92,8147,93,10191,94,7872,95,5351,90.5
2026-04-18 02:03:04 AM,KXWTAMATCH-26APR18KOSMAR-KOS,90,2329,89,9174,88,6938,87,920,86,6,91,2789,92,8147,93,13866,94,7872,95,5351,90.5
2026-04-18 02:03:04 AM,KXWTAMATCH-26APR18KOSMAR-KOS,90,2329,89,9174,88,6849,87,920,86,6,91,2789,92,8147,93,13866,94,7872,95,5351,90.5
2026-04-18 02:03:04 AM,KXWTAMATCH-26APR18KOSMAR-KOS,90,2329,89,9174,88,6849,87,920,86,6,91,2789,92,8147,93,11273,94,7872,95,5351,90.5
2026-04-18 02:03:07 AM,KXWTAMATCH-26APR18KOSMAR-KOS,90,2329,89,9174,88,6849,87,920,86,6,91,2789,92,5567,93,11273,94,7872,95,5351,90.5
2026-04-18 02:03:21 AM,KXWTAMATCH-26APR18KOSMAR-KOS,90,2329,89,9174,88,6849,87,920,86,6,91,2789,92,5567,93,13853,94,7872,95,5351,90.5
2026-04-18 02:03:21 AM,KXWTAMATCH-26APR18KOSMAR-KOS,90,2329,89,6594,88,6849,87,920,86,6,91,2789,92,5567,93,13853,94,7872,95,5351,90.5
2026-04-18 02:03:21 AM,KXWTAMATCH-26APR18KOSMAR-KOS,90,2329,89,6594,88,6849,87,920,86,6,91,2789,92,5567,93,13853,94,7872,95,6974,90.5
2026-04-18 02:03:22 AM,KXWTAMATCH-26APR18KOSMAR-KOS,90,2329,89,9174,88,6849,87,920,86,6,91,2789,92,5567,93,13853,94,7872,95,6974,90.5
2026-04-18 02:03:37 AM,KXWTAMATCH-26APR18KOSMAR-KOS,90,2329,89,9174,88,6848,87,920,86,6,91,2789,92,5567,93,13853,94,7872,95,6974,90.5
2026-04-18 02:03:37 AM,KXWTAMATCH-26APR18KOSMAR-KOS,90,2329,89,9174,88,6848,87,1013,86,6,91,2789,92,5567,93,13853,94,7872,95,6974,90.5
2026-04-18 02:03:38 AM,KXWTAMATCH-26APR18KOSMAR-KOS,90,2329,89,9174,88,6845,87,1013,86,6,91,2789,92,5567,93,13853,94,7872,95,6974,90.5
2026-04-18 02:03:38 AM,KXWTAMATCH-26APR18KOSMAR-KOS,90,2329,89,9174,88,6845,87,1013,86,6,91,2789,92,5567,93,11273,94,7872,95,6974,90.5
2026-04-18 02:03:38 AM,KXWTAMATCH-26APR18KOSMAR-KOS,90,2329,89,9174,88,6845,87,1013,86,6,91,2789,92,8147,93,11273,94,7872,95,6974,90.5
2026-04-18 02:03:39 AM,KXWTAMATCH-26APR18KOSMAR-KOS,90,2329,89,9174,88,6845,87,1013,86,6,91,2789,92,8147,93,16273,94,7872,95,6974,90.5
2026-04-18 02:03:39 AM,KXWTAMATCH-26APR18KOSMAR-KOS,90,2329,89,9174,88,6845,87,1013,86,6,91,2789,92,8147,93,16273,94,7872,95,1974,90.5
2026-04-18 02:03:39 AM,KXWTAMATCH-26APR18KOSMAR-KOS,90,2329,89,9174,88,6845,87,1013,86,6,91,2789,92,8147,93,11273,94,7872,95,1974,90.5
2026-04-18 02:03:43 AM,KXWTAMATCH-26APR18KOSMAR-KOS,90,2329,89,9174,88,6845,87,1013,86,6,91,2789,92,8147,93,11273,94,7872,95,6974,90.5
2026-04-18 02:05:59 AM,KXWTAMATCH-26APR18KOSMAR-KOS,90,2329,89,9174,88,6845,87,1013,86,6,91,2789,92,8147,93,11273,94,7829,95,6974,90.5
2026-04-18 02:06:02 AM,KXWTAMATCH-26APR18KOSMAR-KOS,90,2329,89,9174,88,6845,87,1013,86,6,91,2789,92,8172,93,11273,94,7829,95,6974,90.5
2026-04-18 02:06:02 AM,KXWTAMATCH-26APR18KOSMAR-KOS,90,2329,89,9174,88,6845,87,1013,86,6,91,2789,92,8172,93,11291,94,7829,95,6974,90.5
2026-04-18 02:06:27 AM,KXWTAMATCH-26APR18KOSMAR-KOS,90,2329,89,9174,88,6845,87,1013,86,6,91,2789,92,8172,93,16291,94,7829,95,6974,90.5
2026-04-18 02:06:27 AM,KXWTAMATCH-26APR18KOSMAR-KOS,90,2329,89,9174,88,6845,87,1013,86,6,91,2789,92,8172,93,16291,94,7829,95,1974,90.5
2026-04-18 02:06:31 AM,KXWTAMATCH-26APR18KOSMAR-KOS,90,2329,89,9174,88,6845,87,1013,86,6,91,2789,92,8172,93,11291,94,7829,95,1974,90.5
2026-04-18 02:06:31 AM,KXWTAMATCH-26APR18KOSMAR-KOS,90,2329,89,9174,88,6845,87,1013,86,6,91,2789,92,8172,93,11291,94,7829,95,6974,90.5
2026-04-18 02:06:57 AM,KXWTAMATCH-26APR18KOSMAR-KOS,90,2329,89,9160,88,6845,87,1013,86,6,91,2789,92,8172,93,11291,94,7829,95,6974,90.5
2026-04-18 02:06:57 AM,KXWTAMATCH-26APR18KOSMAR-KOS,90,2329,89,9136,88,6845,87,1013,86,6,91,2789,92,8172,93,11291,94,7829,95,6974,90.5
2026-04-18 02:06:57 AM,KXWTAMATCH-26APR18KOSMAR-KOS,90,2329,89,9136,88,6845,87,1013,86,6,91,2827,92,8172,93,11291,94,7829,95,6974,90.5
2026-04-18 02:10:17 AM,KXWTAMATCH-26APR18KOSMAR-KOS,90,2329,89,9136,88,6845,87,1013,86,6,91,2827,92,8147,93,11291,94,7829,95,6974,90.5
2026-04-18 02:10:17 AM,KXWTAMATCH-26APR18KOSMAR-KOS,90,2329,89,9136,88,6845,87,1013,86,6,91,2827,92,8147,93,11291,94,7872,95,6974,90.5
2026-04-18 02:10:17 AM,KXWTAMATCH-26APR18KOSMAR-KOS,90,2329,89,9136,88,6845,87,1013,86,6,91,2827,92,8147,93,11273,94,7872,95,6974,90.5
2026-04-18 02:11:21 AM,KXWTAMATCH-26APR18KOSMAR-KOS,90,2329,89,9136,88,6845,87,1013,86,6,91,2826,92,8147,93,11273,94,7872,95,6974,90.5
2026-04-18 02:12:37 AM,KXWTAMATCH-26APR18KOSMAR-KOS,90,4909,89,9136,88,6845,87,1013,86,6,91,2826,92,8147,93,11273,94,7872,95,6974,90.5
2026-04-18 02:12:37 AM,KXWTAMATCH-26APR18KOSMAR-KOS,90,4909,89,9136,88,6845,87,1013,86,6,91,2826,92,8147,93,13853,94,7872,95,6974,90.5
2026-04-18 02:12:37 AM,KXWTAMATCH-26APR18KOSMAR-KOS,90,4909,89,9136,88,6845,87,1013,86,6,91,2826,92,5567,93,13853,94,7872,95,6974,90.5
2026-04-18 02:12:37 AM,KXWTAMATCH-26APR18KOSMAR-KOS,90,4909,89,9136,88,6845,87,920,86,6,91,2826,92,5567,93,13853,94,7872,95,6974,90.5
2026-04-18 02:12:37 AM,KXWTAMATCH-26APR18KOSMAR-KOS,90,4909,89,9136,88,6845,87,920,86,6,91,2826,92,5567,93,13853,94,7872,95,5351,90.5
2026-04-18 02:12:37 AM,KXWTAMATCH-26APR18KOSMAR-KOS,90,4909,89,9227,88,6845,87,920,86,6,91,2826,92,5567,93,13853,94,7872,95,5351,90.5
2026-04-18 02:12:37 AM,KXWTAMATCH-26APR18KOSMAR-KOS,90,9909,89,9227,88,6845,87,920,86,6,91,2826,92,5567,93,13853,94,7872,95,5351,90.5
2026-04-18 02:12:37 AM,KXWTAMATCH-26APR18KOSMAR-KOS,90,9909,89,9227,88,1845,87,920,86,6,91,2826,92,5567,93,13853,94,7872,95,5351,90.5
2026-04-18 02:12:37 AM,KXWTAMATCH-26APR18KOSMAR-KOS,90,9909,89,6647,88,1845,87,920,86,6,91,2826,92,5567,93,13853,94,7872,95,5351,90.5
2026-04-18 02:15:44 AM,KXWTAMATCH-26APR18KOSMAR-KOS,90,9899,89,6647,88,1845,87,920,86,6,91,2826,92,5567,93,13853,94,7872,95,5351,90.5
2026-04-18 02:15:44 AM,KXWTAMATCH-26APR18KOSMAR-KOS,90,9649,89,6647,88,1845,87,920,86,6,91,2826,92,5567,93,13853,94,7872,95,5351,90.5
2026-04-18 02:15:44 AM,KXWTAMATCH-26APR18KOSMAR-KOS,90,9649,89,6897,88,1845,87,920,86,6,91,2826,92,5567,93,13853,94,7872,95,5351,90.5
2026-04-18 02:15:44 AM,KXWTAMATCH-26APR18KOSMAR-KOS,90,9649,89,6897,88,1845,87,920,86,6,91,2826,92,5317,93,13853,94,7872,95,5351,90.5
2026-04-18 02:15:44 AM,KXWTAMATCH-26APR18KOSMAR-KOS,90,9649,89,6897,88,1845,87,920,86,6,91,3076,92,5317,93,13853,94,7872,95,5351,90.5
2026-04-18 02:26:23 AM,KXWTAMATCH-26APR18KOSMAR-KOS,90,9649,89,6897,88,1845,87,920,86,6,91,3067,92,5317,93,13853,94,7872,95,5351,90.5
2026-04-18 02:26:23 AM,KXWTAMATCH-26APR18KOSMAR-KOS,90,9649,89,6647,88,1845,87,920,86,6,91,3067,92,5317,93,13853,94,7872,95,5351,90.5
2026-04-18 02:26:23 AM,KXWTAMATCH-26APR18KOSMAR-KOS,90,9899,89,6647,88,1845,87,920,86,6,91,3067,92,5317,93,13853,94,7872,95,5351,90.5
2026-04-18 02:26:23 AM,KXWTAMATCH-26APR18KOSMAR-KOS,90,9899,89,6647,88,1845,87,920,86,6,91,2817,92,5317,93,13853,94,7872,95,5351,90.5
2026-04-18 02:26:23 AM,KXWTAMATCH-26APR18KOSMAR-KOS,90,9899,89,6651,88,1845,87,920,86,6,91,2817,92,5317,93,13853,94,7872,95,5351,90.5
2026-04-18 02:26:23 AM,KXWTAMATCH-26APR18KOSMAR-KOS,90,9899,89,6651,88,1845,87,920,86,6,91,2817,92,5567,93,13853,94,7872,95,5351,90.5
2026-04-18 02:26:23 AM,KXWTAMATCH-26APR18KOSMAR-KOS,90,9899,89,6651,88,1849,87,920,86,6,91,2817,92,5567,93,13853,94,7872,95,5351,90.5
2026-04-18 02:35:16 AM,KXWTAMATCH-26APR18KOSMAR-KOS,90,9889,89,6651,88,1849,87,920,86,6,91,2817,92,5567,93,13853,94,7872,95,5351,90.5
2026-04-18 02:35:16 AM,KXWTAMATCH-26APR18KOSMAR-KOS,90,9639,89,6651,88,1849,87,920,86,6,91,2817,92,5567,93,13853,94,7872,95,5351,90.5
2026-04-18 02:35:16 AM,KXWTAMATCH-26APR18KOSMAR-KOS,90,9639,89,6901,88,1849,87,920,86,6,91,2817,92,5567,93,13853,94,7872,95,5351,90.5
2026-04-18 02:35:16 AM,KXWTAMATCH-26APR18KOSMAR-KOS,90,9639,89,6901,88,1849,87,920,86,6,91,2817,92,5317,93,13853,94,7872,95,5351,90.5
2026-04-18 02:35:16 AM,KXWTAMATCH-26APR18KOSMAR-KOS,90,9639,89,6901,88,1849,87,920,86,6,91,3067,92,5317,93,13853,94,7872,95,5351,90.5
2026-04-18 02:56:18 AM,KXWTAMATCH-26APR18KOSMAR-KOS,90,9639,89,6810,88,1849,87,920,86,6,91,3067,92,5317,93,13853,94,7872,95,5351,90.5
2026-04-18 02:56:18 AM,KXWTAMATCH-26APR18KOSMAR-KOS,90,9639,89,6810,88,1878,87,920,86,6,91,3067,92,5317,93,13853,94,7872,95,5351,90.5
2026-04-18 02:56:18 AM,KXWTAMATCH-26APR18KOSMAR-KOS,90,4639,89,6810,88,1878,87,920,86,6,91,3067,92,5317,93,13853,94,7872,95,5351,90.5
2026-04-18 02:56:19 AM,KXWTAMATCH-26APR18KOSMAR-KOS,90,4639,89,6810,88,6878,87,920,86,6,91,3067,92,5317,93,13853,94,7872,95,5351,90.5
2026-04-18 02:56:21 AM,KXWTAMATCH-26APR18KOSMAR-KOS,90,4639,89,9390,88,6878,87,920,86,6,91,3067,92,5317,93,13853,94,7872,95,5351,90.5
2026-04-18 02:56:21 AM,KXWTAMATCH-26APR18KOSMAR-KOS,90,4639,89,9390,88,6849,87,920,86,6,91,3067,92,5317,93,13853,94,7872,95,5351,90.5
2026-04-18 02:56:21 AM,KXWTAMATCH-26APR18KOSMAR-KOS,90,4639,89,9390,88,6870,87,920,86,6,91,3067,92,5317,93,13853,94,7872,95,5351,90.5
2026-04-18 02:56:21 AM,KXWTAMATCH-26APR18KOSMAR-KOS,90,2059,89,9390,88,6870,87,920,86,6,91,3067,92,5317,93,13853,94,7872,95,5351,90.5
2026-04-18 02:56:23 AM,KXWTAMATCH-26APR18KOSMAR-KOS,90,2059,89,9390,88,6870,87,920,86,6,91,3067,92,5317,93,10377,94,7872,95,5351,90.5
2026-04-18 02:56:23 AM,KXWTAMATCH-26APR18KOSMAR-KOS,90,2059,89,9390,88,6870,87,920,86,6,91,3067,92,5317,93,12235,94,7872,95,5351,90.5
2026-04-18 02:56:29 AM,KXWTAMATCH-26APR18KOSMAR-KOS,90,2059,89,9390,88,6849,87,920,86,6,91,3067,92,5317,93,12235,94,7872,95,5351,90.5
2026-04-18 02:56:29 AM,KXWTAMATCH-26APR18KOSMAR-KOS,90,2059,89,9390,88,6851,87,920,86,6,91,3067,92,5317,93,12235,94,7872,95,5351,90.5
2026-04-18 02:56:29 AM,KXWTAMATCH-26APR18KOSMAR-KOS,90,2059,89,9390,88,6851,87,920,86,6,91,3067,92,7897,93,12235,94,7872,95,5351,90.5
2026-04-18 02:56:30 AM,KXWTAMATCH-26APR18KOSMAR-KOS,90,2059,89,9390,88,6851,87,920,86,6,91,3067,92,7897,93,9655,94,7872,95,5351,90.5
2026-04-18 02:56:33 AM,KXWTAMATCH-26APR18KOSMAR-KOS,90,2059,89,9390,88,6851,87,920,86,6,91,3067,92,7897,93,14655,94,7872,95,5351,90.5
2026-04-18 02:56:34 AM,KXWTAMATCH-26APR18KOSMAR-KOS,90,2059,89,9390,88,6851,87,920,86,6,91,3067,92,7897,93,14655,94,7872,95,351,90.5
2026-04-18 02:56:35 AM,KXWTAMATCH-26APR18KOSMAR-KOS,90,2059,89,9390,88,6852,87,920,86,6,91,3067,92,7897,93,14655,94,7872,95,351,90.5
2026-04-18 02:56:41 AM,KXWTAMATCH-26APR18KOSMAR-KOS,90,2059,89,9390,88,6852,87,920,86,6,91,3067,92,7897,93,9655,94,7872,95,351,90.5
2026-04-18 02:56:41 AM,KXWTAMATCH-26APR18KOSMAR-KOS,90,2059,89,9390,88,6852,87,920,86,6,91,3067,92,7897,93,9655,94,7872,95,5351,90.5
2026-04-18 02:56:41 AM,KXWTAMATCH-26APR18KOSMAR-KOS,90,2059,89,9390,88,6852,87,920,86,6,91,3067,92,7897,93,9655,94,7872,95,6974,90.5
2026-04-18 02:56:41 AM,KXWTAMATCH-26APR18KOSMAR-KOS,90,2059,89,9390,88,6941,87,920,86,6,91,3067,92,7897,93,9655,94,7872,95,6974,90.5
2026-04-18 02:56:42 AM,KXWTAMATCH-26APR18KOSMAR-KOS,90,2059,89,9390,88,6941,87,920,86,6,91,3067,92,7897,93,7797,94,7872,95,6974,90.5
2026-04-18 02:56:42 AM,KXWTAMATCH-26APR18KOSMAR-KOS,90,2059,89,9390,88,6941,87,920,86,6,91,3067,92,7897,93,11273,94,7872,95,6974,90.5
2026-04-18 02:56:44 AM,KXWTAMATCH-26APR18KOSMAR-KOS,90,2059,89,9390,88,6941,87,920,86,6,91,3067,92,7897,93,11273,94,7872,95,11974,90.5
2026-04-18 02:57:03 AM,KXWTAMATCH-26APR18KOSMAR-KOS,90,2059,89,9390,88,6852,87,920,86,6,91,3067,92,7897,93,11273,94,7872,95,11974,90.5
2026-04-18 02:57:03 AM,KXWTAMATCH-26APR18KOSMAR-KOS,90,2059,89,4390,88,6852,87,920,86,6,91,3067,92,7897,93,11273,94,7872,95,11974,90.5
2026-04-18 02:57:03 AM,KXWTAMATCH-26APR18KOSMAR-KOS,90,2059,89,4390,88,6852,87,5920,86,6,91,3067,92,7897,93,11273,94,7872,95,11974,90.5
2026-04-18 02:57:03 AM,KXWTAMATCH-26APR18KOSMAR-KOS,90,2059,89,4390,88,6852,87,5920,86,6,91,3067,92,9404,93,11273,94,7872,95,11974,90.5
2026-04-18 02:57:03 AM,KXWTAMATCH-26APR18KOSMAR-KOS,90,638,89,4390,88,6852,87,5920,86,6,91,3067,92,9404,93,11273,94,7872,95,11974,90.5
2026-04-18 02:57:03 AM,KXWTAMATCH-26APR18KOSMAR-KOS,90,638,89,4390,88,6850,87,5920,86,6,91,3067,92,9404,93,11273,94,7872,95,11974,90.5
2026-04-18 02:57:03 AM,KXWTAMATCH-26APR18KOSMAR-KOS,90,638,89,4390,88,6850,87,6013,86,6,91,3067,92,9404,93,11273,94,7872,95,11974,90.5
2026-04-18 02:57:03 AM,KXWTAMATCH-26APR18KOSMAR-KOS,90,48,89,4390,88,6850,87,6013,86,6,91,3067,92,9404,93,11273,94,7872,95,11974,90.5
2026-04-18 02:57:03 AM,KXWTAMATCH-26APR18KOSMAR-KOS,90,48,89,4390,88,6850,87,6013,86,6,91,3067,92,9404,93,11273,94,7872,95,6974,90.5
2026-04-18 02:57:04 AM,KXWTAMATCH-26APR18KOSMAR-KOS,90,48,89,4390,88,6849,87,6013,86,6,91,3067,92,9404,93,11273,94,7872,95,6974,90.5
2026-04-18 02:57:06 AM,KXWTAMATCH-26APR18KOSMAR-KOS,90,48,89,4390,88,6849,87,6013,86,6,91,3067,92,9404,93,16273,94,7872,95,6974,90.5
2026-04-18 02:57:20 AM,KXWTAMATCH-26APR18KOSMAR-KOS,90,48,89,4390,88,6849,87,6013,86,6,91,3067,92,9404,93,18853,94,7872,95,6974,90.5
2026-04-18 02:57:20 AM,KXWTAMATCH-26APR18KOSMAR-KOS,90,48,89,4390,88,6849,87,6013,86,6,91,3067,92,6824,93,18853,94,7872,95,6974,90.5
2026-04-18 02:57:24 AM,KXWTAMATCH-26APR18KOSMAR-KOS,90,48,89,4390,88,6849,87,6013,86,6,91,3067,92,7513,93,18853,94,7872,95,6974,90.5
2026-04-18 02:57:24 AM,KXWTAMATCH-26APR18KOSMAR-KOS,90,48,89,4390,88,6849,87,6013,86,6,91,3067,92,7120,93,18853,94,7872,95,6974,90.5
2026-04-18 02:57:25 AM,KXWTAMATCH-26APR18KOSMAR-KOS,90,48,89,4390,88,6849,87,6013,86,6,91,3067,92,7120,93,15178,94,7872,95,6974,90.5
2026-04-18 02:57:25 AM,KXWTAMATCH-26APR18KOSMAR-KOS,90,48,89,4390,88,6849,87,6013,86,6,91,3067,92,7120,93,18780,94,7872,95,6974,90.5
2026-04-18 02:57:25 AM,KXWTAMATCH-26APR18KOSMAR-KOS,90,48,89,9390,88,6849,87,6013,86,6,91,3067,92,7120,93,18780,94,7872,95,6974,90.5
2026-04-18 02:57:25 AM,KXWTAMATCH-26APR18KOSMAR-KOS,90,48,89,9390,88,6849,87,1013,86,6,91,3067,92,7120,93,18780,94,7872,95,6974,90.5
2026-04-18 02:57:25 AM,KXWTAMATCH-26APR18KOSMAR-KOS,90,2609,89,9390,88,6849,87,1013,86,6,91,3067,92,7120,93,18780,94,7872,95,6974,90.5
2026-04-18 02:57:25 AM,KXWTAMATCH-26APR18KOSMAR-KOS,90,2609,89,6810,88,6849,87,1013,86,6,91,3067,92,7120,93,18780,94,7872,95,6974,90.5
2026-04-18 02:57:40 AM,KXWTAMATCH-26APR18KOSMAR-KOS,90,2609,89,6810,88,6849,87,1013,86,6,91,3067,92,7329,93,18780,94,7872,95,6974,90.5
2026-04-18 02:57:40 AM,KXWTAMATCH-26APR18KOSMAR-KOS,90,2609,89,6810,88,6849,87,1013,86,6,91,3067,92,9871,93,18780,94,7872,95,6974,90.5
2026-04-18 02:57:40 AM,KXWTAMATCH-26APR18KOSMAR-KOS,90,48,89,6810,88,6849,87,1013,86,6,91,3067,92,9871,93,18780,94,7872,95,6974,90.5
2026-04-18 02:57:40 AM,KXWTAMATCH-26APR18KOSMAR-KOS,90,48,89,9352,88,6849,87,1013,86,6,91,3067,92,9871,93,18780,94,7872,95,6974,90.5
2026-04-18 02:57:40 AM,KXWTAMATCH-26APR18KOSMAR-KOS,90,48,89,9352,88,6849,87,1013,86,6,91,3067,92,9871,93,16200,94,7872,95,6974,90.5
2026-04-18 02:57:40 AM,KXWTAMATCH-26APR18KOSMAR-KOS,90,48,89,9352,88,6849,87,1013,86,6,91,3067,92,9871,93,12598,94,7872,95,6974,90.5
2026-04-18 02:57:40 AM,KXWTAMATCH-26APR18KOSMAR-KOS,90,48,89,9352,88,6849,87,2372,86,6,91,3067,92,9871,93,12598,94,7872,95,6974,90.5
2026-04-18 02:57:41 AM,KXWTAMATCH-26APR18KOSMAR-KOS,90,48,89,9352,88,6849,87,2372,86,6,91,3067,92,9871,93,16159,94,7872,95,6974,90.5
2026-04-18 02:57:41 AM,KXWTAMATCH-26APR18KOSMAR-KOS,90,48,89,9352,88,6849,87,2372,86,6,91,3067,92,9871,93,12683,94,7872,95,6974,90.5
2026-04-18 02:57:41 AM,KXWTAMATCH-26APR18KOSMAR-KOS,90,48,89,9352,88,6849,87,2372,86,6,91,3067,92,9871,93,13935,94,7872,95,6974,90.5
2026-04-18 02:57:43 AM,KXWTAMATCH-26APR18KOSMAR-KOS,90,48,89,9352,88,6849,87,2372,86,6,91,3067,92,9871,93,13935,94,7872,95,9474,90.5
2026-04-18 02:57:43 AM,KXWTAMATCH-26APR18KOSMAR-KOS,90,48,89,9352,88,6849,87,2372,86,6,91,3029,92,9871,93,13935,94,7872,95,9474,90.5
2026-04-18 02:57:43 AM,KXWTAMATCH-26APR18KOSMAR-KOS,90,48,89,9249,88,6849,87,2372,86,6,91,3029,92,9871,93,13935,94,7872,95,9474,90.5
2026-04-18 02:57:43 AM,KXWTAMATCH-26APR18KOSMAR-KOS,90,48,89,9249,88,6849,87,2372,86,6,91,3170,92,9871,93,13935,94,7872,95,9474,90.5
2026-04-18 02:57:43 AM,KXWTAMATCH-26APR18KOSMAR-KOS,90,1056,89,9249,88,6849,87,2372,86,6,91,3170,92,9871,93,13935,94,7872,95,9474,90.5
2026-04-18 02:57:47 AM,KXWTAMATCH-26APR18KOSMAR-KOS,90,1056,89,4249,88,6849,87,2372,86,6,91,3170,92,9871,93,13935,94,7872,95,9474,90.5
2026-04-18 02:57:47 AM,KXWTAMATCH-26APR18KOSMAR-KOS,90,1056,89,4249,88,6849,87,7372,86,6,91,3170,92,9871,93,13935,94,7872,95,9474,90.5
2026-04-18 02:57:59 AM,KXWTAMATCH-26APR18KOSMAR-KOS,90,1056,89,4249,88,6849,87,7372,86,6,91,3170,92,9871,93,13920,94,7872,95,9474,90.5
2026-04-18 02:57:59 AM,KXWTAMATCH-26APR18KOSMAR-KOS,90,1056,89,4249,88,6849,87,7372,86,6,91,3170,92,9871,93,13920,94,7855,95,9474,90.5
2026-04-18 02:57:59 AM,KXWTAMATCH-26APR18KOSMAR-KOS,90,1056,89,4249,88,6849,87,7372,86,6,91,3170,92,10600,93,13920,94,7855,95,9474,90.5
2026-04-18 02:58:00 AM,KXWTAMATCH-26APR18KOSMAR-KOS,90,1056,89,4249,88,6849,87,7372,86,6,91,3170,92,10600,93,10359,94,7855,95,9474,90.5
2026-04-18 02:58:00 AM,KXWTAMATCH-26APR18KOSMAR-KOS,90,1056,89,4249,88,6849,87,7372,86,6,91,3170,92,10600,93,9107,94,7855,95,9474,90.5
2026-04-18 02:58:00 AM,KXWTAMATCH-26APR18KOSMAR-KOS,90,1056,89,4249,88,6849,87,7372,86,6,91,3170,92,10600,93,10289,94,7855,95,9474,90.5
2026-04-18 02:58:00 AM,KXWTAMATCH-26APR18KOSMAR-KOS,90,1056,89,4249,88,6849,87,7372,86,6,91,3170,92,10600,93,13681,94,7855,95,9474,90.5
2026-04-18 02:58:01 AM,KXWTAMATCH-26APR18KOSMAR-KOS,90,1056,89,4249,88,6849,87,7372,86,6,91,3170,92,10600,93,13681,94,7855,95,6974,90.5
2026-04-18 02:58:01 AM,KXWTAMATCH-26APR18KOSMAR-KOS,90,1056,89,4249,88,6849,87,7372,86,6,91,3170,92,10600,93,13681,94,7855,95,9474,90.5
2026-04-18 02:58:01 AM,KXWTAMATCH-26APR18KOSMAR-KOS,90,1056,89,4249,88,6849,87,7372,86,6,91,3029,92,10600,93,13681,94,7855,95,9474,90.5
2026-04-18 02:58:01 AM,KXWTAMATCH-26APR18KOSMAR-KOS,90,1056,89,4121,88,6849,87,7372,86,6,91,3029,92,10600,93,13681,94,7855,95,9474,90.5
2026-04-18 02:58:01 AM,KXWTAMATCH-26APR18KOSMAR-KOS,90,1056,89,4121,88,6849,87,7372,86,6,91,3298,92,10600,93,13681,94,7855,95,9474,90.5
2026-04-18 02:58:01 AM,KXWTAMATCH-26APR18KOSMAR-KOS,90,1056,89,4121,88,6849,87,7372,86,6,91,3298,92,10600,93,12499,94,7855,95,9474,90.5
2026-04-18 02:58:01 AM,KXWTAMATCH-26APR18KOSMAR-KOS,90,1056,89,4121,88,6849,87,7372,86,6,91,3298,92,10600,93,14357,94,7855,95,9474,90.5
2026-04-18 02:58:11 AM,KXWTAMATCH-26APR18KOSMAR-KOS,90,1056,89,3896,88,6849,87,7372,86,6,91,3298,92,10600,93,14357,94,7855,95,9474,90.5
2026-04-18 02:58:13 AM,KXWTAMATCH-26APR18KOSMAR-KOS,90,1056,89,3885,88,6849,87,7372,86,6,91,3298,92,10600,93,14357,94,7855,95,9474,90.5
2026-04-18 02:58:13 AM,KXWTAMATCH-26APR18KOSMAR-KOS,90,1056,89,3885,88,6849,87,7372,86,6,91,3029,92,10600,93,14357,94,7855,95,9474,90.5
2026-04-18 02:58:13 AM,KXWTAMATCH-26APR18KOSMAR-KOS,90,1056,89,3885,88,6624,87,7372,86,6,91,3029,92,10600,93,14357,94,7855,95,9474,90.5
2026-04-18 02:58:13 AM,KXWTAMATCH-26APR18KOSMAR-KOS,90,1056,89,3885,88,6624,87,8172,86,6,91,3029,92,10600,93,14357,94,7855,95,9474,90.5
2026-04-18 02:58:13 AM,KXWTAMATCH-26APR18KOSMAR-KOS,90,1056,89,3885,88,6624,87,8172,86,6,91,3534,92,10600,93,14357,94,7855,95,9474,90.5
2026-04-18 02:58:28 AM,KXWTAMATCH-26APR18KOSMAR-KOS,90,1056,89,3885,88,6624,87,8172,86,6,91,3534,92,10600,93,14357,94,7855,95,11974,90.5
2026-04-18 02:58:28 AM,KXWTAMATCH-26APR18KOSMAR-KOS,90,1056,89,3885,88,6624,87,8172,86,6,91,3534,92,10600,93,14357,94,7855,95,9474,90.5
2026-04-18 02:58:30 AM,KXWTAMATCH-26APR18KOSMAR-KOS,90,1056,89,3885,88,6624,87,8172,86,6,91,3534,92,15600,93,14357,94,7855,95,9474,90.5
2026-04-18 02:58:30 AM,KXWTAMATCH-26APR18KOSMAR-KOS,90,1056,89,3736,88,6624,87,8172,86,6,91,3534,92,15600,93,14357,94,7855,95,9474,90.5
2026-04-18 02:58:30 AM,KXWTAMATCH-26APR18KOSMAR-KOS,90,1056,89,3736,88,6624,87,8172,86,6,91,3534,92,15600,93,14357,94,2855,95,9474,90.5
2026-04-18 02:58:30 AM,KXWTAMATCH-26APR18KOSMAR-KOS,90,1056,89,3736,88,6624,87,8172,86,6,91,4953,92,15600,93,14357,94,2855,95,9474,90.5
2026-04-18 02:58:30 AM,KXWTAMATCH-26APR18KOSMAR-KOS,90,1056,89,3736,88,6624,87,8172,86,100,91,4953,92,15600,93,14357,94,2855,95,9474,90.5
2026-04-18 02:58:30 AM,KXWTAMATCH-26APR18KOSMAR-KOS,90,1056,89,3736,88,6624,87,8079,86,100,91,4953,92,15600,93,14357,94,2855,95,9474,90.5
2026-04-18 02:58:31 AM,KXWTAMATCH-26APR18KOSMAR-KOS,90,1056,89,3736,88,6624,87,8079,86,100,91,4953,92,15600,93,14357,94,2855,95,7851,90.5
2026-04-18 02:58:31 AM,KXWTAMATCH-26APR18KOSMAR-KOS,90,1056,89,3736,88,6624,87,8079,86,100,91,4953,92,15600,93,14357,94,2855,95,8948,90.5
2026-04-18 02:58:31 AM,KXWTAMATCH-26APR18KOSMAR-KOS,90,1056,89,3736,88,6624,87,8079,86,100,91,4953,92,15600,93,14357,94,2855,95,9474,90.5
2026-04-18 02:59:01 AM,KXWTAMATCH-26APR18KOSMAR-KOS,90,1056,89,3736,88,6624,87,8079,86,100,91,5921,92,15600,93,14357,94,2855,95,9474,90.5
2026-04-18 02:59:01 AM,KXWTAMATCH-26APR18KOSMAR-KOS,90,1056,89,3736,88,9124,87,8079,86,100,91,5921,92,15600,93,14357,94,2855,95,9474,90.5
2026-04-18 02:59:01 AM,KXWTAMATCH-26APR18KOSMAR-KOS,90,1056,89,1194,88,9124,87,8079,86,100,91,5921,92,15600,93,14357,94,2855,95,9474,90.5
2026-04-18 02:59:02 AM,KXWTAMATCH-26APR18KOSMAR-KOS,90,1056,89,1194,88,9124,87,8079,86,100,91,4502,92,15600,93,14357,94,2855,95,9474,90.5
2026-04-18 02:59:02 AM,KXWTAMATCH-26APR18KOSMAR-KOS,90,1056,89,2914,88,9124,87,8079,86,100,91,4502,92,15600,93,14357,94,2855,95,9474,90.5
2026-04-18 02:59:02 AM,KXWTAMATCH-26APR18KOSMAR-KOS,90,1056,89,2914,88,9124,87,8079,86,100,91,4502,92,10600,93,14357,94,2855,95,9474,90.5
2026-04-18 02:59:02 AM,KXWTAMATCH-26APR18KOSMAR-KOS,90,1056,89,2914,88,9124,87,8079,86,100,91,4502,92,10600,93,14357,94,7855,95,9474,90.5
2026-04-18 02:59:02 AM,KXWTAMATCH-26APR18KOSMAR-KOS,90,1056,89,2914,88,9124,87,8172,86,100,91,4502,92,10600,93,14357,94,7855,95,9474,90.5
2026-04-18 02:59:02 AM,KXWTAMATCH-26APR18KOSMAR-KOS,90,1056,89,2914,88,9124,87,8172,86,6,91,4502,92,10600,93,14357,94,7855,95,9474,90.5
2026-04-18 02:59:03 AM,KXWTAMATCH-26APR18KOSMAR-KOS,90,1056,89,2914,88,9124,87,8172,86,6,91,4502,92,10600,93,12499,94,7855,95,9474,90.5
2026-04-18 02:59:03 AM,KXWTAMATCH-26APR18KOSMAR-KOS,90,1056,89,2914,88,9124,87,8172,86,6,91,4502,92,10600,93,13681,94,7855,95,9474,90.5
2026-04-18 02:59:03 AM,KXWTAMATCH-26APR18KOSMAR-KOS,90,1056,89,2914,88,9124,87,8172,86,6,91,4502,92,10600,93,13681,94,7855,95,8377,90.5
2026-04-18 02:59:03 AM,KXWTAMATCH-26APR18KOSMAR-KOS,90,1056,89,2914,88,9124,87,8172,86,6,91,4502,92,10600,93,13681,94,7855,95,7851,90.5
2026-04-18 02:59:03 AM,KXWTAMATCH-26APR18KOSMAR-KOS,90,1056,89,2914,88,9124,87,8172,86,6,91,4502,92,10600,93,13681,94,7855,95,9474,90.5
2026-04-18 02:59:04 AM,KXWTAMATCH-26APR18KOSMAR-KOS,90,1056,89,2914,88,9124,87,8172,86,6,91,4502,92,10600,93,12499,94,7855,95,9474,90.5
2026-04-18 02:59:04 AM,KXWTAMATCH-26APR18KOSMAR-KOS,90,1056,89,2914,88,9124,87,8172,86,6,91,4502,92,12102,93,12499,94,7855,95,9474,90.5
2026-04-18 02:59:12 AM,KXWTAMATCH-26APR18KOSMAR-KOS,90,1056,89,5414,88,9124,87,8172,86,6,91,4502,92,12102,93,12499,94,7855,95,9474,90.5
2026-04-18 02:59:13 AM,KXWTAMATCH-26APR18KOSMAR-KOS,90,1056,89,5414,88,6624,87,8172,86,6,91,4502,92,12102,93,12499,94,7855,95,9474,90.5
2026-04-18 02:59:13 AM,KXWTAMATCH-26APR18KOSMAR-KOS,90,1056,89,5414,88,6624,87,8079,86,6,91,4502,92,12102,93,12499,94,7855,95,9474,90.5
2026-04-18 02:59:13 AM,KXWTAMATCH-26APR18KOSMAR-KOS,90,1056,89,5414,88,6624,87,8138,86,6,91,4502,92,12102,93,12499,94,7855,95,9474,90.5
2026-04-18 02:59:22 AM,KXWTAMATCH-26APR18KOSMAR-KOS,90,1056,89,5414,88,6624,87,8079,86,6,91,4502,92,12102,93,12499,94,7855,95,9474,90.5
2026-04-18 02:59:22 AM,KXWTAMATCH-26APR18KOSMAR-KOS,90,1056,89,5414,88,6624,87,8138,86,6,91,4502,92,12102,93,12499,94,7855,95,9474,90.5
2026-04-18 02:59:37 AM,KXWTAMATCH-26APR18KOSMAR-KOS,90,1056,89,5414,88,6624,87,8166,86,6,91,4502,92,12102,93,12499,94,7855,95,9474,90.5
2026-04-18 03:00:01 AM,KXWTAMATCH-26APR18KOSMAR-KOS,90,1056,89,5414,88,6624,87,8138,86,6,91,4502,92,12102,93,12499,94,7855,95,9474,90.5
2026-04-18 03:00:36 AM,KXWTAMATCH-26APR18KOSMAR-KOS,90,1056,89,5414,88,6624,87,8138,86,6,91,4502,92,12102,93,12499,94,7855,95,6974,90.5
2026-04-18 03:00:36 AM,KXWTAMATCH-26APR18KOSMAR-KOS,90,1056,89,5414,88,6624,87,8138,86,6,91,4502,92,12102,93,12499,94,7855,95,9474,90.5
2026-04-18 03:02:32 AM,KXWTAMATCH-26APR18KOSMAR-KOS,90,1056,89,5414,88,6624,87,8138,86,6,91,4502,92,12102,93,12499,94,7855,95,6974,90.5
2026-04-18 03:02:32 AM,KXWTAMATCH-26APR18KOSMAR-KOS,90,1056,89,5414,88,6624,87,8138,86,6,91,4502,92,12102,93,12499,94,7855,95,9474,90.5
2026-04-18 03:03:22 AM,KXWTAMATCH-26APR18KOSMAR-KOS,90,1056,89,5414,88,6624,87,8172,86,6,91,4502,92,12102,93,12499,94,7855,95,9474,90.5
2026-04-18 03:03:22 AM,KXWTAMATCH-26APR18KOSMAR-KOS,90,1056,89,5414,88,6624,87,8138,86,6,91,4502,92,12102,93,12499,94,7855,95,9474,90.5
2026-04-18 03:03:22 AM,KXWTAMATCH-26APR18KOSMAR-KOS,90,1056,89,5414,88,9124,87,8138,86,6,91,4502,92,12102,93,12499,94,7855,95,9474,90.5
2026-04-18 03:03:22 AM,KXWTAMATCH-26APR18KOSMAR-KOS,90,1056,89,2914,88,9124,87,8138,86,6,91,4502,92,12102,93,12499,94,7855,95,9474,90.5
2026-04-18 03:03:38 AM,KXWTAMATCH-26APR18KOSMAR-KOS,90,1056,89,5414,88,9124,87,8138,86,6,91,4502,92,12102,93,12499,94,7855,95,9474,90.5
2026-04-18 03:03:38 AM,KXWTAMATCH-26APR18KOSMAR-KOS,90,1056,89,5414,88,9124,87,8138,86,6,91,4000,92,12102,93,12499,94,7855,95,9474,90.5
2026-04-18 03:03:38 AM,KXWTAMATCH-26APR18KOSMAR-KOS,90,1056,89,5414,88,9124,87,8138,86,6,91,3900,92,12102,93,12499,94,7855,95,9474,90.5
2026-04-18 03:03:38 AM,KXWTAMATCH-26APR18KOSMAR-KOS,90,1056,89,5414,88,9124,87,8138,86,6,91,3899,92,12102,93,12499,94,7855,95,9474,90.5
