ts_et,ticker,bid_1,bid_1_sz,bid_2,bid_2_sz,bid_3,bid_3_sz,bid_4,bid_4_sz,bid_5,bid_5_sz,ask_1,ask_1_sz,ask_2,ask_2_sz,ask_3,ask_3_sz,ask_4,ask_4_sz,ask_5,ask_5_sz,mid
2026-04-17 09:43:06 PM,KXWTAMATCH-26APR18PODCIR-CIR,83,2720,82,6141,81,5415,80,58,79,406,85,1391,86,3700,87,6681,88,6688,89,1103,84.0
2026-04-17 09:43:27 PM,KXWTAMATCH-26APR18PODCIR-CIR,83,2618,82,6141,81,5415,80,58,79,406,85,1391,86,3700,87,6681,88,6688,89,1103,84.0
2026-04-17 09:43:27 PM,KXWTAMATCH-26APR18PODCIR-CIR,83,2618,82,6141,81,5415,80,58,79,406,85,1509,86,3700,87,6681,88,6688,89,1103,84.0
2026-04-17 09:43:39 PM,KXWTAMATCH-26APR18PODCIR-CIR,83,2618,82,6141,81,5415,80,58,79,406,85,1508,86,3700,87,6681,88,6688,89,1103,84.0
2026-04-17 09:43:39 PM,KXWTAMATCH-26APR18PODCIR-CIR,83,2577,82,6141,81,5415,80,58,79,406,85,1508,86,3700,87,6681,88,6688,89,1103,84.0
2026-04-17 09:45:37 PM,KXWTAMATCH-26APR18PODCIR-CIR,83,2577,82,6141,81,5415,80,58,79,406,85,1508,86,3700,87,6681,88,7184,89,1103,84.0
2026-04-17 09:45:37 PM,KXWTAMATCH-26APR18PODCIR-CIR,83,2577,82,6141,81,5415,80,58,79,406,85,1508,86,3700,87,6558,88,7184,89,1103,84.0
2026-04-17 09:45:37 PM,KXWTAMATCH-26APR18PODCIR-CIR,83,2577,82,6141,81,5415,80,58,79,406,85,1508,86,3700,87,6498,88,7184,89,1103,84.0
2026-04-17 09:45:37 PM,KXWTAMATCH-26APR18PODCIR-CIR,83,2577,82,6141,81,5415,80,58,79,406,85,1508,86,3700,87,6392,88,7184,89,1103,84.0
2026-04-17 09:45:37 PM,KXWTAMATCH-26APR18PODCIR-CIR,83,2577,82,6141,81,5415,80,58,79,406,85,1508,86,3700,87,6681,88,7184,89,1103,84.0
2026-04-17 09:45:37 PM,KXWTAMATCH-26APR18PODCIR-CIR,83,2577,82,6141,81,5415,80,58,79,406,85,1508,86,3700,87,6681,88,6688,89,1103,84.0
2026-04-17 09:49:50 PM,KXWTAMATCH-26APR18PODCIR-CIR,83,2595,82,6141,81,5415,80,58,79,406,85,1508,86,3700,87,6681,88,6688,89,1103,84.0
2026-04-17 09:50:47 PM,KXWTAMATCH-26APR18PODCIR-CIR,83,2595,82,6141,81,5415,80,58,79,406,85,1458,86,3700,87,6681,88,6688,89,1103,84.0
2026-04-17 09:50:48 PM,KXWTAMATCH-26APR18PODCIR-CIR,83,2646,82,6141,81,5415,80,58,79,406,85,1458,86,3700,87,6681,88,6688,89,1103,84.0
2026-04-17 09:52:36 PM,KXWTAMATCH-26APR18PODCIR-CIR,83,2646,82,6141,81,5415,80,58,79,406,85,1458,86,3700,87,6844,88,6688,89,1103,84.0
2026-04-17 09:52:36 PM,KXWTAMATCH-26APR18PODCIR-CIR,83,2646,82,6141,81,5415,80,58,79,406,85,1458,86,3700,87,6555,88,6688,89,1103,84.0
2026-04-17 09:52:39 PM,KXWTAMATCH-26APR18PODCIR-CIR,83,2646,82,6141,81,5415,80,58,79,406,85,1458,86,3700,87,6749,88,6688,89,1103,84.0
2026-04-17 09:53:09 PM,KXWTAMATCH-26APR18PODCIR-CIR,83,2646,82,6141,81,5415,80,58,79,406,85,1458,86,3700,87,6555,88,6688,89,1103,84.0
2026-04-17 09:53:15 PM,KXWTAMATCH-26APR18PODCIR-CIR,84,193,83,2646,82,6141,81,5415,80,58,85,1458,86,3700,87,6555,88,6688,89,1103,84.5
2026-04-17 09:53:15 PM,KXWTAMATCH-26APR18PODCIR-CIR,84,193,83,2646,82,6141,81,5415,80,58,85,1458,86,3507,87,6555,88,6688,89,1103,84.5
2026-04-17 09:53:15 PM,KXWTAMATCH-26APR18PODCIR-CIR,84,193,83,2646,82,6141,81,5415,80,58,85,1458,86,3507,87,6748,88,6688,89,1103,84.5
2026-04-17 09:53:15 PM,KXWTAMATCH-26APR18PODCIR-CIR,84,1061,83,2646,82,6141,81,5415,80,58,85,1458,86,3507,87,6748,88,6688,89,1103,84.5
2026-04-17 09:53:15 PM,KXWTAMATCH-26APR18PODCIR-CIR,84,1061,83,2646,82,6141,81,5415,80,58,85,1458,86,3507,87,1748,88,6688,89,1103,84.5
2026-04-17 09:53:15 PM,KXWTAMATCH-26APR18PODCIR-CIR,84,1061,83,2646,82,6141,81,5415,80,58,85,1458,86,3507,87,1748,88,6688,89,6103,84.5
2026-04-17 09:53:15 PM,KXWTAMATCH-26APR18PODCIR-CIR,84,868,83,2646,82,6141,81,5415,80,58,85,1458,86,3507,87,1748,88,6688,89,6103,84.5
2026-04-17 09:53:15 PM,KXWTAMATCH-26APR18PODCIR-CIR,84,868,83,2396,82,6141,81,5415,80,58,85,1458,86,3507,87,1748,88,6688,89,6103,84.5
2026-04-17 09:53:15 PM,KXWTAMATCH-26APR18PODCIR-CIR,84,1118,83,2396,82,6141,81,5415,80,58,85,1458,86,3507,87,1748,88,6688,89,6103,84.5
2026-04-17 09:53:15 PM,KXWTAMATCH-26APR18PODCIR-CIR,84,1118,83,2396,82,6141,81,5415,80,58,85,1458,86,3257,87,1748,88,6688,89,6103,84.5
2026-04-17 09:53:15 PM,KXWTAMATCH-26APR18PODCIR-CIR,84,1118,83,2396,82,6141,81,5415,80,101,85,1458,86,3257,87,1748,88,6688,89,6103,84.5
2026-04-17 09:53:15 PM,KXWTAMATCH-26APR18PODCIR-CIR,84,1118,83,2396,82,6141,81,5415,80,101,85,1458,86,3257,87,1585,88,6688,89,6103,84.5
2026-04-17 09:53:15 PM,KXWTAMATCH-26APR18PODCIR-CIR,84,1118,83,2396,82,6141,81,5415,80,101,85,1458,86,3257,87,1585,88,6736,89,6103,84.5
2026-04-17 09:53:15 PM,KXWTAMATCH-26APR18PODCIR-CIR,84,1118,83,2396,82,6141,81,5415,80,101,85,1458,86,3257,87,1835,88,6736,89,6103,84.5
2026-04-17 09:53:15 PM,KXWTAMATCH-26APR18PODCIR-CIR,84,1118,83,2396,82,6141,81,5415,80,101,85,1458,86,3257,87,1835,88,7364,89,6103,84.5
2026-04-17 09:53:23 PM,KXWTAMATCH-26APR18PODCIR-CIR,84,1118,83,2203,82,6141,81,5415,80,101,85,1458,86,3257,87,1835,88,7364,89,6103,84.5
2026-04-17 09:53:23 PM,KXWTAMATCH-26APR18PODCIR-CIR,84,1118,83,2203,82,6141,81,5415,80,101,85,1458,86,3257,87,1835,88,6736,89,6103,84.5
2026-04-17 09:53:23 PM,KXWTAMATCH-26APR18PODCIR-CIR,84,1118,83,2203,82,6141,81,5415,80,101,85,1458,86,3257,87,1835,88,6736,89,5000,84.5
2026-04-17 09:53:23 PM,KXWTAMATCH-26APR18PODCIR-CIR,84,1118,83,2203,82,6141,81,5415,80,101,85,1458,86,3257,87,3812,88,6736,89,5000,84.5
2026-04-17 09:53:23 PM,KXWTAMATCH-26APR18PODCIR-CIR,84,1118,83,2396,82,6141,81,5415,80,101,85,1458,86,3257,87,3812,88,6736,89,5000,84.5
2026-04-17 09:53:24 PM,KXWTAMATCH-26APR18PODCIR-CIR,84,1118,83,2396,82,6141,81,5415,80,101,85,1458,86,3450,87,3812,88,6736,89,5000,84.5
2026-04-17 09:53:24 PM,KXWTAMATCH-26APR18PODCIR-CIR,84,1118,83,2396,82,6141,81,5415,80,101,85,1458,86,3450,87,3619,88,6736,89,5000,84.5
2026-04-17 09:53:26 PM,KXWTAMATCH-26APR18PODCIR-CIR,84,1118,83,2396,82,6141,81,5415,80,58,85,1458,86,3450,87,3619,88,6736,89,5000,84.5
2026-04-17 09:53:26 PM,KXWTAMATCH-26APR18PODCIR-CIR,84,1118,83,2396,82,6141,81,5415,80,58,85,1458,86,3450,87,3619,88,6849,89,5000,84.5
2026-04-17 09:53:45 PM,KXWTAMATCH-26APR18PODCIR-CIR,84,1118,83,2396,82,6141,81,5415,80,96,85,1458,86,3450,87,3619,88,6849,89,5000,84.5
2026-04-17 09:53:45 PM,KXWTAMATCH-26APR18PODCIR-CIR,84,1118,83,2396,82,6141,81,5415,80,96,85,1458,86,3450,87,3812,88,6849,89,5000,84.5
2026-04-17 09:53:45 PM,KXWTAMATCH-26APR18PODCIR-CIR,84,1311,83,2396,82,6141,81,5415,80,96,85,1458,86,3450,87,3812,88,6849,89,5000,84.5
2026-04-17 09:53:45 PM,KXWTAMATCH-26APR18PODCIR-CIR,84,1311,83,2396,82,6141,81,5415,80,96,85,1458,86,3257,87,3812,88,6849,89,5000,84.5
2026-04-17 09:53:45 PM,KXWTAMATCH-26APR18PODCIR-CIR,84,1311,83,2396,82,6141,81,5415,80,96,85,1458,86,3257,87,3619,88,6849,89,5000,84.5
2026-04-17 09:53:45 PM,KXWTAMATCH-26APR18PODCIR-CIR,84,1311,83,2203,82,6141,81,5415,80,96,85,1458,86,3257,87,3619,88,6849,89,5000,84.5
2026-04-17 09:53:46 PM,KXWTAMATCH-26APR18PODCIR-CIR,84,1311,83,2203,82,6141,81,5415,80,96,85,1458,86,3257,87,1642,88,6849,89,5000,84.5
2026-04-17 09:53:46 PM,KXWTAMATCH-26APR18PODCIR-CIR,84,1311,83,2203,82,6141,81,5415,80,96,85,1458,86,3257,87,2383,88,6849,89,5000,84.5
2026-04-17 09:53:48 PM,KXWTAMATCH-26APR18PODCIR-CIR,84,1311,83,2203,82,6141,81,5415,80,96,85,1458,86,3257,87,2383,88,6736,89,5000,84.5
2026-04-17 09:53:57 PM,KXWTAMATCH-26APR18PODCIR-CIR,84,1311,83,2396,82,6141,81,5415,80,96,85,1458,86,3257,87,2383,88,6736,89,5000,84.5
2026-04-17 09:53:57 PM,KXWTAMATCH-26APR18PODCIR-CIR,84,1311,83,2396,82,6141,81,5415,80,96,85,1458,86,3257,87,2576,88,6736,89,5000,84.5
2026-04-17 09:53:57 PM,KXWTAMATCH-26APR18PODCIR-CIR,84,1118,83,2396,82,6141,81,5415,80,96,85,1458,86,3257,87,2576,88,6736,89,5000,84.5
2026-04-17 09:53:57 PM,KXWTAMATCH-26APR18PODCIR-CIR,84,1118,83,2396,82,6141,81,5415,80,96,85,1458,86,3257,87,2576,88,6849,89,5000,84.5
2026-04-17 09:54:06 PM,KXWTAMATCH-26APR18PODCIR-CIR,84,1311,83,2396,82,6141,81,5415,80,96,85,1458,86,3257,87,2576,88,6849,89,5000,84.5
2026-04-17 09:54:06 PM,KXWTAMATCH-26APR18PODCIR-CIR,84,1311,83,2396,82,6141,81,5415,80,96,85,1458,86,3257,87,2576,88,7364,89,5000,84.5
2026-04-17 09:54:06 PM,KXWTAMATCH-26APR18PODCIR-CIR,84,1311,83,2203,82,6141,81,5415,80,96,85,1458,86,3257,87,2576,88,7364,89,5000,84.5
2026-04-17 09:54:06 PM,KXWTAMATCH-26APR18PODCIR-CIR,84,1118,83,2203,82,6141,81,5415,80,96,85,1458,86,3257,87,2576,88,7364,89,5000,84.5
2026-04-17 09:54:16 PM,KXWTAMATCH-26APR18PODCIR-CIR,84,1118,83,2396,82,6141,81,5415,80,96,85,1458,86,3257,87,2576,88,7364,89,5000,84.5
2026-04-17 09:54:25 PM,KXWTAMATCH-26APR18PODCIR-CIR,84,1311,83,2396,82,6141,81,5415,80,96,85,1458,86,3257,87,2576,88,7364,89,5000,84.5
2026-04-17 09:54:25 PM,KXWTAMATCH-26APR18PODCIR-CIR,84,1311,83,2203,82,6141,81,5415,80,96,85,1458,86,3257,87,2576,88,7364,89,5000,84.5
2026-04-17 09:54:33 PM,KXWTAMATCH-26APR18PODCIR-CIR,84,1118,83,2203,82,6141,81,5415,80,96,85,1458,86,3257,87,2576,88,7364,89,5000,84.5
2026-04-17 09:54:33 PM,KXWTAMATCH-26APR18PODCIR-CIR,84,1118,83,2396,82,6141,81,5415,80,96,85,1458,86,3257,87,2576,88,7364,89,5000,84.5
2026-04-17 09:54:56 PM,KXWTAMATCH-26APR18PODCIR-CIR,84,1311,83,2396,82,6141,81,5415,80,96,85,1458,86,3257,87,2576,88,7364,89,5000,84.5
2026-04-17 09:54:56 PM,KXWTAMATCH-26APR18PODCIR-CIR,84,1311,83,2203,82,6141,81,5415,80,96,85,1458,86,3257,87,2576,88,7364,89,5000,84.5
2026-04-17 09:55:03 PM,KXWTAMATCH-26APR18PODCIR-CIR,84,1118,83,2203,82,6141,81,5415,80,96,85,1458,86,3257,87,2576,88,7364,89,5000,84.5
2026-04-17 09:55:04 PM,KXWTAMATCH-26APR18PODCIR-CIR,84,1118,83,2396,82,6141,81,5415,80,96,85,1458,86,3257,87,2576,88,7364,89,5000,84.5
2026-04-17 09:55:13 PM,KXWTAMATCH-26APR18PODCIR-CIR,84,1311,83,2396,82,6141,81,5415,80,96,85,1458,86,3257,87,2576,88,7364,89,5000,84.5
2026-04-17 09:55:13 PM,KXWTAMATCH-26APR18PODCIR-CIR,84,1311,83,2203,82,6141,81,5415,80,96,85,1458,86,3257,87,2576,88,7364,89,5000,84.5
2026-04-17 09:55:18 PM,KXWTAMATCH-26APR18PODCIR-CIR,84,1118,83,2203,82,6141,81,5415,80,96,85,1458,86,3257,87,2576,88,7364,89,5000,84.5
2026-04-17 09:55:23 PM,KXWTAMATCH-26APR18PODCIR-CIR,84,1118,83,2396,82,6141,81,5415,80,96,85,1458,86,3257,87,2576,88,7364,89,5000,84.5
2026-04-17 09:55:35 PM,KXWTAMATCH-26APR18PODCIR-CIR,84,1311,83,2396,82,6141,81,5415,80,96,85,1458,86,3257,87,2576,88,7364,89,5000,84.5
2026-04-17 09:55:36 PM,KXWTAMATCH-26APR18PODCIR-CIR,84,1311,83,2203,82,6141,81,5415,80,96,85,1458,86,3257,87,2576,88,7364,89,5000,84.5
2026-04-17 09:55:40 PM,KXWTAMATCH-26APR18PODCIR-CIR,84,1118,83,2203,82,6141,81,5415,80,96,85,1458,86,3257,87,2576,88,7364,89,5000,84.5
2026-04-17 09:55:52 PM,KXWTAMATCH-26APR18PODCIR-CIR,84,1118,83,2396,82,6141,81,5415,80,96,85,1458,86,3257,87,2576,88,7364,89,5000,84.5
2026-04-17 09:55:54 PM,KXWTAMATCH-26APR18PODCIR-CIR,84,1118,83,2391,82,6141,81,5415,80,96,85,1458,86,3257,87,2576,88,7364,89,5000,84.5
2026-04-17 09:55:54 PM,KXWTAMATCH-26APR18PODCIR-CIR,84,1118,83,2340,82,6141,81,5415,80,96,85,1458,86,3257,87,2576,88,7364,89,5000,84.5
2026-04-17 09:55:54 PM,KXWTAMATCH-26APR18PODCIR-CIR,84,1118,83,2340,82,6141,81,5415,80,96,85,1513,86,3257,87,2576,88,7364,89,5000,84.5
2026-04-17 09:56:39 PM,KXWTAMATCH-26APR18PODCIR-CIR,84,1118,83,2147,82,6141,81,5415,80,96,85,1513,86,3257,87,2576,88,7364,89,5000,84.5
2026-04-17 09:58:44 PM,KXWTAMATCH-26APR18PODCIR-CIR,84,1118,83,2340,82,6141,81,5415,80,96,85,1513,86,3257,87,2576,88,7364,89,5000,84.5
2026-04-17 09:58:50 PM,KXWTAMATCH-26APR18PODCIR-CIR,84,1118,83,2147,82,6141,81,5415,80,96,85,1513,86,3257,87,2576,88,7364,89,5000,84.5
2026-04-17 09:59:23 PM,KXWTAMATCH-26APR18PODCIR-CIR,84,1118,83,2147,82,6141,81,5415,80,96,85,1475,86,3257,87,2576,88,7364,89,5000,84.5
2026-04-17 09:59:23 PM,KXWTAMATCH-26APR18PODCIR-CIR,84,1118,83,2147,82,6141,81,5415,80,96,85,1464,86,3257,87,2576,88,7364,89,5000,84.5
2026-04-17 09:59:23 PM,KXWTAMATCH-26APR18PODCIR-CIR,84,1118,83,2187,82,6141,81,5415,80,96,85,1464,86,3257,87,2576,88,7364,89,5000,84.5
2026-04-17 09:59:23 PM,KXWTAMATCH-26APR18PODCIR-CIR,84,1118,83,2187,82,6141,81,5415,80,96,85,1475,86,3257,87,2576,88,7364,89,5000,84.5
2026-04-17 10:00:02 PM,KXWTAMATCH-26APR18PODCIR-CIR,84,1118,83,2380,82,6141,81,5415,80,96,85,1475,86,3257,87,2576,88,7364,89,5000,84.5
2026-04-17 10:00:03 PM,KXWTAMATCH-26APR18PODCIR-CIR,84,1118,83,2187,82,6141,81,5415,80,96,85,1475,86,3257,87,2576,88,7364,89,5000,84.5
2026-04-17 10:00:29 PM,KXWTAMATCH-26APR18PODCIR-CIR,84,1118,83,2380,82,6141,81,5415,80,96,85,1475,86,3257,87,2576,88,7364,89,5000,84.5
2026-04-17 10:00:43 PM,KXWTAMATCH-26APR18PODCIR-CIR,84,1118,83,2187,82,6141,81,5415,80,96,85,1475,86,3257,87,2576,88,7364,89,5000,84.5
2026-04-17 10:03:46 PM,KXWTAMATCH-26APR18PODCIR-CIR,84,1118,83,2169,82,6141,81,5415,80,96,85,1475,86,3257,87,2576,88,7364,89,5000,84.5
2026-04-17 10:03:46 PM,KXWTAMATCH-26APR18PODCIR-CIR,84,1136,83,2169,82,6141,81,5415,80,96,85,1475,86,3257,87,2576,88,7364,89,5000,84.5
2026-04-17 10:04:07 PM,KXWTAMATCH-26APR18PODCIR-CIR,84,1136,83,2362,82,6141,81,5415,80,96,85,1475,86,3257,87,2576,88,7364,89,5000,84.5
2026-04-17 10:04:46 PM,KXWTAMATCH-26APR18PODCIR-CIR,84,1136,83,2362,82,6099,81,5415,80,96,85,1475,86,3257,87,2576,88,7364,89,5000,84.5
2026-04-17 10:04:46 PM,KXWTAMATCH-26APR18PODCIR-CIR,84,1136,83,2319,82,6099,81,5415,80,96,85,1475,86,3257,87,2576,88,7364,89,5000,84.5
2026-04-17 10:04:46 PM,KXWTAMATCH-26APR18PODCIR-CIR,84,1136,83,2319,82,6049,81,5415,80,96,85,1475,86,3257,87,2576,88,7364,89,5000,84.5
2026-04-17 10:04:46 PM,KXWTAMATCH-26APR18PODCIR-CIR,84,1136,83,2319,82,6023,81,5415,80,96,85,1475,86,3257,87,2576,88,7364,89,5000,84.5
2026-04-17 10:04:46 PM,KXWTAMATCH-26APR18PODCIR-CIR,84,1136,83,2279,82,6023,81,5415,80,96,85,1475,86,3257,87,2576,88,7364,89,5000,84.5
2026-04-17 10:04:47 PM,KXWTAMATCH-26APR18PODCIR-CIR,84,1136,83,2279,82,6023,81,5415,80,96,85,2117,86,3257,87,2576,88,7364,89,5000,84.5
2026-04-17 10:07:52 PM,KXWTAMATCH-26APR18PODCIR-CIR,84,1136,83,2279,82,6023,81,5415,80,96,85,2104,86,3257,87,2576,88,7364,89,5000,84.5
2026-04-17 10:07:52 PM,KXWTAMATCH-26APR18PODCIR-CIR,84,1136,83,2279,82,6023,81,5415,80,96,85,2064,86,3257,87,2576,88,7364,89,5000,84.5
2026-04-17 10:07:52 PM,KXWTAMATCH-26APR18PODCIR-CIR,84,1136,83,2279,82,6023,81,5415,80,96,85,2060,86,3257,87,2576,88,7364,89,5000,84.5
2026-04-17 10:07:52 PM,KXWTAMATCH-26APR18PODCIR-CIR,84,1136,83,2279,82,6023,81,5391,80,96,85,2060,86,3257,87,2576,88,7364,89,5000,84.5
2026-04-17 10:07:52 PM,KXWTAMATCH-26APR18PODCIR-CIR,84,1136,83,2279,82,6023,81,5391,80,96,85,2049,86,3257,87,2576,88,7364,89,5000,84.5
2026-04-17 10:07:52 PM,KXWTAMATCH-26APR18PODCIR-CIR,84,1136,83,2290,82,6023,81,5391,80,96,85,2049,86,3257,87,2576,88,7364,89,5000,84.5
2026-04-17 10:07:52 PM,KXWTAMATCH-26APR18PODCIR-CIR,84,1136,83,2290,82,6033,81,5391,80,96,85,2049,86,3257,87,2576,88,7364,89,5000,84.5
2026-04-17 10:07:52 PM,KXWTAMATCH-26APR18PODCIR-CIR,84,1136,83,2290,82,6033,81,5391,80,96,85,2049,86,3239,87,2576,88,7364,89,5000,84.5
2026-04-17 10:07:52 PM,KXWTAMATCH-26APR18PODCIR-CIR,84,1136,83,2290,82,6033,81,5391,80,96,85,2049,86,3239,87,2606,88,7364,89,5000,84.5
2026-04-17 10:07:53 PM,KXWTAMATCH-26APR18PODCIR-CIR,84,1136,83,2304,82,6033,81,5391,80,96,85,2049,86,3239,87,2606,88,7364,89,5000,84.5
2026-04-17 10:07:53 PM,KXWTAMATCH-26APR18PODCIR-CIR,84,1136,83,2306,82,6033,81,5391,80,96,85,2049,86,3239,87,2606,88,7364,89,5000,84.5
2026-04-17 10:07:54 PM,KXWTAMATCH-26APR18PODCIR-CIR,84,1136,83,2306,82,6035,81,5391,80,96,85,2049,86,3239,87,2606,88,7364,89,5000,84.5
2026-04-17 10:08:15 PM,KXWTAMATCH-26APR18PODCIR-CIR,84,1136,83,2306,82,6035,81,5391,80,96,85,2082,86,3239,87,2606,88,7364,89,5000,84.5
2026-04-17 10:08:16 PM,KXWTAMATCH-26APR18PODCIR-CIR,84,1136,83,2304,82,6035,81,5391,80,96,85,2082,86,3239,87,2606,88,7364,89,5000,84.5
2026-04-17 10:08:16 PM,KXWTAMATCH-26APR18PODCIR-CIR,84,1136,83,2291,82,6035,81,5391,80,96,85,2082,86,3239,87,2606,88,7364,89,5000,84.5
2026-04-17 10:08:16 PM,KXWTAMATCH-26APR18PODCIR-CIR,84,1136,83,2291,82,6033,81,5391,80,96,85,2082,86,3239,87,2606,88,7364,89,5000,84.5
2026-04-17 10:08:16 PM,KXWTAMATCH-26APR18PODCIR-CIR,84,1136,83,2291,82,6020,81,5391,80,96,85,2082,86,3239,87,2606,88,7364,89,5000,84.5
2026-04-17 10:08:27 PM,KXWTAMATCH-26APR18PODCIR-CIR,84,1136,83,2291,82,6020,81,5391,80,96,85,2122,86,3239,87,2606,88,7364,89,5000,84.5
2026-04-17 10:09:03 PM,KXWTAMATCH-26APR18PODCIR-CIR,84,1136,83,2291,82,6020,81,5391,80,96,85,2121,86,3239,87,2606,88,7364,89,5000,84.5
2026-04-17 10:09:03 PM,KXWTAMATCH-26APR18PODCIR-CIR,84,1136,83,2291,82,6020,81,5391,80,96,85,2122,86,3239,87,2606,88,7364,89,5000,84.5
2026-04-17 10:09:04 PM,KXWTAMATCH-26APR18PODCIR-CIR,84,1136,83,2291,82,6020,81,5391,80,96,85,2121,86,3239,87,2606,88,7364,89,5000,84.5
2026-04-17 10:11:03 PM,KXWTAMATCH-26APR18PODCIR-CIR,84,1136,83,2098,82,6020,81,5391,80,96,85,2121,86,3239,87,2606,88,7364,89,5000,84.5
2026-04-17 10:11:11 PM,KXWTAMATCH-26APR18PODCIR-CIR,84,1136,83,2291,82,6020,81,5391,80,96,85,2121,86,3239,87,2606,88,7364,89,5000,84.5
2026-04-17 10:11:24 PM,KXWTAMATCH-26APR18PODCIR-CIR,84,1136,83,2280,82,6020,81,5391,80,96,85,2121,86,3239,87,2606,88,7364,89,5000,84.5
2026-04-17 10:11:24 PM,KXWTAMATCH-26APR18PODCIR-CIR,84,1136,83,2266,82,6020,81,5391,80,96,85,2121,86,3239,87,2606,88,7364,89,5000,84.5
2026-04-17 10:11:24 PM,KXWTAMATCH-26APR18PODCIR-CIR,84,1136,83,2266,82,6020,81,5391,80,96,85,2121,86,3239,87,2576,88,7364,89,5000,84.5
2026-04-17 10:11:24 PM,KXWTAMATCH-26APR18PODCIR-CIR,84,1136,83,2266,82,6020,81,5417,80,96,85,2121,86,3239,87,2576,88,7364,89,5000,84.5
2026-04-17 10:11:24 PM,KXWTAMATCH-26APR18PODCIR-CIR,84,1136,83,2266,82,6020,81,5417,80,96,85,2146,86,3239,87,2576,88,7364,89,5000,84.5
2026-04-17 10:11:24 PM,KXWTAMATCH-26APR18PODCIR-CIR,84,1136,83,2266,82,6020,81,5417,80,96,85,2146,86,3257,87,2576,88,7364,89,5000,84.5
2026-04-17 10:18:21 PM,KXWTAMATCH-26APR18PODCIR-CIR,84,1136,83,2266,82,6020,81,5417,80,96,85,2141,86,3257,87,2576,88,7364,89,5000,84.5
2026-04-17 10:18:21 PM,KXWTAMATCH-26APR18PODCIR-CIR,84,1136,83,2266,82,6020,81,5417,80,96,85,2146,86,3257,87,2576,88,7364,89,5000,84.5
2026-04-17 10:18:23 PM,KXWTAMATCH-26APR18PODCIR-CIR,84,1136,83,2266,82,6020,81,5417,80,96,85,2141,86,3257,87,2576,88,7364,89,5000,84.5
2026-04-17 10:18:23 PM,KXWTAMATCH-26APR18PODCIR-CIR,84,1136,83,2268,82,6020,81,5417,80,96,85,2141,86,3257,87,2576,88,7364,89,5000,84.5
2026-04-17 10:18:23 PM,KXWTAMATCH-26APR18PODCIR-CIR,84,1136,83,2268,82,6022,81,5417,80,96,85,2141,86,3257,87,2576,88,7364,89,5000,84.5
2026-04-17 10:20:39 PM,KXWTAMATCH-26APR18PODCIR-CIR,84,1136,83,2268,82,6022,81,5417,80,96,85,2193,86,3257,87,2576,88,7364,89,5000,84.5
2026-04-17 10:20:39 PM,KXWTAMATCH-26APR18PODCIR-CIR,84,1136,83,2266,82,6022,81,5417,80,96,85,2193,86,3257,87,2576,88,7364,89,5000,84.5
2026-04-17 10:20:39 PM,KXWTAMATCH-26APR18PODCIR-CIR,84,1136,83,2244,82,6022,81,5417,80,96,85,2193,86,3257,87,2576,88,7364,89,5000,84.5
2026-04-17 10:20:39 PM,KXWTAMATCH-26APR18PODCIR-CIR,84,1136,83,2244,82,6020,81,5417,80,96,85,2193,86,3257,87,2576,88,7364,89,5000,84.5
2026-04-17 10:20:39 PM,KXWTAMATCH-26APR18PODCIR-CIR,84,1136,83,2244,82,5998,81,5417,80,96,85,2193,86,3257,87,2576,88,7364,89,5000,84.5
2026-04-17 10:20:49 PM,KXWTAMATCH-26APR18PODCIR-CIR,84,1136,83,2244,82,5998,81,5417,80,58,85,2193,86,3257,87,2576,88,7364,89,5000,84.5
2026-04-17 10:20:49 PM,KXWTAMATCH-26APR18PODCIR-CIR,84,1136,83,2244,82,5998,81,5417,80,32,85,2193,86,3257,87,2576,88,7364,89,5000,84.5
2026-04-17 10:20:49 PM,KXWTAMATCH-26APR18PODCIR-CIR,84,1136,83,2244,82,5998,81,5467,80,32,85,2193,86,3257,87,2576,88,7364,89,5000,84.5
2026-04-17 10:20:49 PM,KXWTAMATCH-26APR18PODCIR-CIR,84,1136,83,2244,82,5998,81,5467,80,5032,85,2193,86,3257,87,2576,88,7364,89,5000,84.5
2026-04-17 10:20:49 PM,KXWTAMATCH-26APR18PODCIR-CIR,84,1136,83,2244,82,998,81,5467,80,5032,85,2193,86,3257,87,2576,88,7364,89,5000,84.5
2026-04-17 10:20:49 PM,KXWTAMATCH-26APR18PODCIR-CIR,84,1136,83,2244,82,998,81,467,80,5032,85,2193,86,3257,87,2576,88,7364,89,5000,84.5
2026-04-17 10:20:49 PM,KXWTAMATCH-26APR18PODCIR-CIR,84,1136,83,2244,82,998,81,467,80,32,85,2193,86,3257,87,2576,88,7364,89,5000,84.5
2026-04-17 10:20:49 PM,KXWTAMATCH-26APR18PODCIR-CIR,84,1136,83,2244,82,998,81,467,80,32,85,2193,86,3257,87,2576,88,7364,90,322,84.5
2026-04-17 10:20:50 PM,KXWTAMATCH-26APR18PODCIR-CIR,84,1136,83,2244,82,998,81,467,80,21,85,2193,86,3257,87,2576,88,7364,90,322,84.5
2026-04-17 10:20:50 PM,KXWTAMATCH-26APR18PODCIR-CIR,84,1136,83,2244,82,998,81,517,80,21,85,2193,86,3257,87,2576,88,7364,90,322,84.5
2026-04-17 10:20:50 PM,KXWTAMATCH-26APR18PODCIR-CIR,84,1136,83,2244,82,998,81,517,79,400,85,2193,86,3257,87,2576,88,7364,90,322,84.5
2026-04-17 10:20:50 PM,KXWTAMATCH-26APR18PODCIR-CIR,84,1136,83,2244,82,998,81,517,80,25,85,2193,86,3257,87,2576,88,7364,90,322,84.5
2026-04-17 10:20:50 PM,KXWTAMATCH-26APR18PODCIR-CIR,84,1136,83,2244,82,998,81,491,80,25,85,2193,86,3257,87,2576,88,7364,90,322,84.5
2026-04-17 10:20:50 PM,KXWTAMATCH-26APR18PODCIR-CIR,84,1136,83,2244,82,998,81,491,80,43,85,2193,86,3257,87,2576,88,7364,90,322,84.5
2026-04-17 10:20:54 PM,KXWTAMATCH-26APR18PODCIR-CIR,84,1136,83,1358,82,998,81,491,80,43,85,2193,86,3257,87,2576,88,7364,90,322,84.5
2026-04-17 10:20:54 PM,KXWTAMATCH-26APR18PODCIR-CIR,84,1136,83,1358,82,5998,81,491,80,43,85,2193,86,3257,87,2576,88,7364,90,322,84.5
2026-04-17 10:20:54 PM,KXWTAMATCH-26APR18PODCIR-CIR,84,1136,83,1358,82,5998,81,5491,80,43,85,2193,86,3257,87,2576,88,7364,90,322,84.5
2026-04-17 10:20:54 PM,KXWTAMATCH-26APR18PODCIR-CIR,84,1136,83,1358,82,5998,81,5491,80,43,85,2193,86,3257,87,7576,88,7364,90,322,84.5
2026-04-17 10:20:54 PM,KXWTAMATCH-26APR18PODCIR-CIR,84,886,83,1358,82,5998,81,5491,80,43,85,2193,86,3257,87,7576,88,7364,90,322,84.5
2026-04-17 10:20:55 PM,KXWTAMATCH-26APR18PODCIR-CIR,84,886,83,1608,82,5998,81,5491,80,43,85,2193,86,3257,87,7576,88,7364,90,322,84.5
2026-04-17 10:20:55 PM,KXWTAMATCH-26APR18PODCIR-CIR,84,886,83,1608,82,5998,81,5491,80,43,85,2193,86,3257,87,7383,88,7364,90,322,84.5
2026-04-17 10:20:55 PM,KXWTAMATCH-26APR18PODCIR-CIR,84,18,83,1608,82,5998,81,5491,80,43,85,2193,86,3257,87,7383,88,7364,90,322,84.5
2026-04-17 10:20:55 PM,KXWTAMATCH-26APR18PODCIR-CIR,84,18,83,1608,82,5998,81,5491,80,43,85,2193,86,3257,87,7133,88,7364,90,322,84.5
2026-04-17 10:20:55 PM,KXWTAMATCH-26APR18PODCIR-CIR,84,18,83,1608,82,5998,81,5491,80,43,85,2193,86,3507,87,7133,88,7364,90,322,84.5
2026-04-17 10:20:55 PM,KXWTAMATCH-26APR18PODCIR-CIR,84,18,83,1608,82,5998,81,5491,80,43,85,2193,86,3507,87,7326,88,7364,90,322,84.5
2026-04-17 10:21:04 PM,KXWTAMATCH-26APR18PODCIR-CIR,84,18,83,1608,82,5998,81,5491,80,43,85,2324,86,3507,87,7326,88,7364,90,322,84.5
2026-04-17 10:21:04 PM,KXWTAMATCH-26APR18PODCIR-CIR,84,18,83,1543,82,5998,81,5491,80,43,85,2324,86,3507,87,7326,88,7364,90,322,84.5
2026-04-17 10:21:04 PM,KXWTAMATCH-26APR18PODCIR-CIR,84,18,83,1543,82,5933,81,5491,80,43,85,2324,86,3507,87,7326,88,7364,90,322,84.5
2026-04-17 10:21:06 PM,KXWTAMATCH-26APR18PODCIR-CIR,84,18,83,1543,82,5933,81,5491,80,43,85,2324,86,3700,87,7326,88,7364,90,322,84.5
2026-04-17 10:21:06 PM,KXWTAMATCH-26APR18PODCIR-CIR,84,18,83,1543,82,5933,81,5491,80,43,85,2324,86,3700,87,7133,88,7364,90,322,84.5
2026-04-17 10:21:08 PM,KXWTAMATCH-26APR18PODCIR-CIR,84,18,83,1543,82,6126,81,5491,80,43,85,2324,86,3700,87,7133,88,7364,90,322,84.5
2026-04-17 10:21:08 PM,KXWTAMATCH-26APR18PODCIR-CIR,84,18,83,1350,82,6126,81,5491,80,43,85,2324,86,3700,87,7133,88,7364,90,322,84.5
2026-04-17 10:21:13 PM,KXWTAMATCH-26APR18PODCIR-CIR,84,18,83,1350,82,6126,81,5441,80,43,85,2324,86,3700,87,7133,88,7364,90,322,84.5
2026-04-17 10:21:13 PM,KXWTAMATCH-26APR18PODCIR-CIR,84,18,83,1350,82,6126,81,5441,80,144,85,2324,86,3700,87,7133,88,7364,90,322,84.5
2026-04-17 10:21:13 PM,KXWTAMATCH-26APR18PODCIR-CIR,84,18,83,1350,82,6126,81,5391,80,144,85,2324,86,3700,87,7133,88,7364,90,322,84.5
2026-04-17 10:21:13 PM,KXWTAMATCH-26APR18PODCIR-CIR,84,18,83,1350,82,6126,81,5417,80,144,85,2324,86,3700,87,7133,88,7364,90,322,84.5
2026-04-17 10:21:13 PM,KXWTAMATCH-26APR18PODCIR-CIR,84,18,83,1350,82,6126,81,5417,80,119,85,2324,86,3700,87,7133,88,7364,90,322,84.5
2026-04-17 10:21:13 PM,KXWTAMATCH-26APR18PODCIR-CIR,84,18,83,1350,82,6126,81,5417,80,101,85,2324,86,3700,87,7133,88,7364,90,322,84.5
2026-04-17 10:21:26 PM,KXWTAMATCH-26APR18PODCIR-CIR,84,18,83,1350,82,6126,81,5417,80,101,85,2517,86,3700,87,7133,88,7364,90,322,84.5
2026-04-17 10:21:26 PM,KXWTAMATCH-26APR18PODCIR-CIR,84,18,83,1350,82,6126,81,5417,80,101,85,2517,86,3507,87,7133,88,7364,90,322,84.5
2026-04-17 10:21:31 PM,KXWTAMATCH-26APR18PODCIR-CIR,84,18,83,1350,82,6126,81,5417,80,101,85,2324,86,3507,87,7133,88,7364,90,322,84.5
2026-04-17 10:21:43 PM,KXWTAMATCH-26APR18PODCIR-CIR,84,18,83,1350,82,6126,81,5417,80,101,85,2517,86,3507,87,7133,88,7364,90,322,84.5
2026-04-17 10:21:43 PM,KXWTAMATCH-26APR18PODCIR-CIR,84,18,83,1350,82,6126,81,5417,80,101,85,2618,86,3507,87,7133,88,7364,90,322,84.5
2026-04-17 10:21:43 PM,KXWTAMATCH-26APR18PODCIR-CIR,84,18,83,1300,82,6126,81,5417,80,101,85,2618,86,3507,87,7133,88,7364,90,322,84.5
2026-04-17 10:21:43 PM,KXWTAMATCH-26APR18PODCIR-CIR,84,18,83,1300,82,6076,81,5417,80,101,85,2618,86,3507,87,7133,88,7364,90,322,84.5
2026-04-17 10:21:48 PM,KXWTAMATCH-26APR18PODCIR-CIR,84,18,83,1300,82,6076,81,5417,80,101,85,2618,86,3507,87,6392,88,7364,90,322,84.5
2026-04-17 10:21:48 PM,KXWTAMATCH-26APR18PODCIR-CIR,84,18,83,1300,82,6076,81,5417,80,101,85,2618,86,3507,87,8385,88,7364,90,322,84.5
2026-04-17 10:22:07 PM,KXWTAMATCH-26APR18PODCIR-CIR,84,18,83,1300,82,6076,81,5417,80,101,85,2618,86,3700,87,8385,88,7364,90,322,84.5
2026-04-17 10:22:07 PM,KXWTAMATCH-26APR18PODCIR-CIR,84,18,83,1300,82,6076,81,5417,80,101,85,2425,86,3700,87,8385,88,7364,90,322,84.5
2026-04-17 10:22:19 PM,KXWTAMATCH-26APR18PODCIR-CIR,84,18,83,1300,82,6076,81,5417,80,101,85,2425,86,3700,87,6392,88,7364,90,322,84.5
2026-04-17 10:22:19 PM,KXWTAMATCH-26APR18PODCIR-CIR,84,18,83,1300,82,6076,81,5417,80,101,85,2425,86,3700,87,7377,88,7364,90,322,84.5
2026-04-17 10:22:36 PM,KXWTAMATCH-26APR18PODCIR-CIR,84,18,83,1300,82,6076,81,5417,80,101,85,2618,86,3700,87,7377,88,7364,90,322,84.5
2026-04-17 10:22:36 PM,KXWTAMATCH-26APR18PODCIR-CIR,84,18,83,1300,82,6076,81,5417,80,101,85,2618,86,3507,87,7377,88,7364,90,322,84.5
2026-04-17 10:22:39 PM,KXWTAMATCH-26APR18PODCIR-CIR,84,18,83,1300,82,6076,81,5417,80,101,85,2425,86,3507,87,7377,88,7364,90,322,84.5
2026-04-17 10:22:44 PM,KXWTAMATCH-26APR18PODCIR-CIR,84,18,83,1300,82,6076,81,5417,80,101,85,2425,86,3700,87,7377,88,7364,90,322,84.5
2026-04-17 10:24:04 PM,KXWTAMATCH-26APR18PODCIR-CIR,84,8,83,1300,82,6076,81,5417,80,101,85,2425,86,3700,87,7377,88,7364,90,322,84.5
2026-04-17 10:26:17 PM,KXWTAMATCH-26APR18PODCIR-CIR,84,8,83,1300,82,6076,81,5417,80,101,85,2424,86,3700,87,7377,88,7364,90,322,84.5
2026-04-17 10:29:58 PM,KXWTAMATCH-26APR18PODCIR-CIR,84,8,83,1300,82,6076,81,5417,80,101,85,3213,86,3700,87,7377,88,7364,90,322,84.5
2026-04-17 10:30:00 PM,KXWTAMATCH-26APR18PODCIR-CIR,84,8,83,906,82,6076,81,5417,80,101,85,3213,86,3700,87,7377,88,7364,90,322,84.5
2026-04-17 10:30:00 PM,KXWTAMATCH-26APR18PODCIR-CIR,84,8,83,906,82,5682,81,5417,80,101,85,3213,86,3700,87,7377,88,7364,90,322,84.5
2026-04-17 10:31:05 PM,KXWTAMATCH-26APR18PODCIR-CIR,84,8,83,906,82,5682,81,5417,80,101,85,3344,86,3700,87,7377,88,7364,90,322,84.5
2026-04-17 10:31:05 PM,KXWTAMATCH-26APR18PODCIR-CIR,84,8,83,841,82,5682,81,5417,80,101,85,3344,86,3700,87,7377,88,7364,90,322,84.5
2026-04-17 10:31:05 PM,KXWTAMATCH-26APR18PODCIR-CIR,84,8,83,841,82,5617,81,5417,80,101,85,3344,86,3700,87,7377,88,7364,90,322,84.5
2026-04-17 10:31:46 PM,KXWTAMATCH-26APR18PODCIR-CIR,84,8,83,841,82,5617,81,5417,80,101,85,3344,86,3507,87,7377,88,7364,90,322,84.5
2026-04-17 10:31:46 PM,KXWTAMATCH-26APR18PODCIR-CIR,84,8,83,841,82,617,81,5417,80,101,85,3344,86,3507,87,7377,88,7364,90,322,84.5
2026-04-17 10:31:46 PM,KXWTAMATCH-26APR18PODCIR-CIR,84,8,83,841,82,617,81,5417,80,5101,85,3344,86,3507,87,7377,88,7364,90,322,84.5
2026-04-17 10:31:46 PM,KXWTAMATCH-26APR18PODCIR-CIR,84,8,83,841,82,617,81,417,80,5101,85,3344,86,3507,87,7377,88,7364,90,322,84.5
2026-04-17 10:31:46 PM,KXWTAMATCH-26APR18PODCIR-CIR,84,8,83,841,82,617,81,417,80,101,85,3344,86,3507,87,7377,88,7364,90,322,84.5
2026-04-17 10:31:46 PM,KXWTAMATCH-26APR18PODCIR-CIR,84,8,83,841,82,617,81,417,80,101,85,3344,86,3507,87,7377,88,6181,90,322,84.5
2026-04-17 10:31:46 PM,KXWTAMATCH-26APR18PODCIR-CIR,84,8,83,841,82,617,81,417,80,101,85,3344,86,3321,87,7377,88,6181,90,322,84.5
2026-04-17 10:31:46 PM,KXWTAMATCH-26APR18PODCIR-CIR,84,8,83,841,82,617,81,417,80,101,85,3344,86,3321,87,7363,88,6181,90,322,84.5
2026-04-17 10:31:46 PM,KXWTAMATCH-26APR18PODCIR-CIR,84,8,83,841,82,617,81,417,80,101,85,3527,86,3321,87,7363,88,6181,90,322,84.5
2026-04-17 10:31:46 PM,KXWTAMATCH-26APR18PODCIR-CIR,84,8,83,841,82,617,81,417,80,101,85,4595,86,3321,87,7363,88,6181,90,322,84.5
2026-04-17 10:31:47 PM,KXWTAMATCH-26APR18PODCIR-CIR,84,8,83,841,82,617,81,417,80,101,85,4595,86,3321,87,7363,88,5956,90,322,84.5
2026-04-17 10:31:47 PM,KXWTAMATCH-26APR18PODCIR-CIR,84,8,83,841,82,617,81,417,80,101,85,4412,86,3321,87,7363,88,5956,90,322,84.5
2026-04-17 10:31:47 PM,KXWTAMATCH-26APR18PODCIR-CIR,84,8,83,591,82,617,81,417,80,101,85,4412,86,3321,87,7363,88,5956,90,322,84.5
2026-04-17 10:31:47 PM,KXWTAMATCH-26APR18PODCIR-CIR,84,8,83,591,82,867,81,417,80,101,85,4412,86,3321,87,7363,88,5956,90,322,84.5
2026-04-17 10:31:47 PM,KXWTAMATCH-26APR18PODCIR-CIR,84,8,83,591,82,867,81,417,80,101,85,5898,86,3321,87,7363,88,5956,90,322,84.5
2026-04-17 10:31:47 PM,KXWTAMATCH-26APR18PODCIR-CIR,84,8,83,591,82,867,81,417,80,101,85,5898,86,3071,87,7363,88,5956,90,322,84.5
2026-04-17 10:31:47 PM,KXWTAMATCH-26APR18PODCIR-CIR,84,8,83,591,82,867,81,417,80,101,85,5898,86,3071,87,7363,88,956,90,322,84.5
2026-04-17 10:31:47 PM,KXWTAMATCH-26APR18PODCIR-CIR,84,8,83,591,82,867,81,417,80,101,85,6148,86,3071,87,7363,88,956,90,322,84.5
2026-04-17 10:31:47 PM,KXWTAMATCH-26APR18PODCIR-CIR,84,8,83,591,82,867,81,417,80,101,85,6148,86,3071,87,7363,88,2430,90,322,84.5
2026-04-17 10:31:47 PM,KXWTAMATCH-26APR18PODCIR-CIR,84,8,83,591,82,867,81,417,80,101,85,6148,86,3071,87,6378,88,2430,90,322,84.5
2026-04-17 10:31:47 PM,KXWTAMATCH-26APR18PODCIR-CIR,84,8,83,591,82,867,81,417,80,101,85,6148,86,3071,87,8372,88,2430,90,322,84.5
2026-04-17 10:31:47 PM,KXWTAMATCH-26APR18PODCIR-CIR,84,8,83,591,82,867,81,417,79,400,85,6148,86,3071,87,8372,88,2430,90,322,84.5
2026-04-17 10:31:47 PM,KXWTAMATCH-26APR18PODCIR-CIR,84,8,83,591,82,867,81,417,80,6,85,6148,86,3071,87,8372,88,2430,90,322,84.5
2026-04-17 10:31:47 PM,KXWTAMATCH-26APR18PODCIR-CIR,84,8,83,591,82,867,81,417,80,31,85,6148,86,3071,87,8372,88,2430,90,322,84.5
2026-04-17 10:31:47 PM,KXWTAMATCH-26APR18PODCIR-CIR,84,8,83,591,82,867,81,391,80,31,85,6148,86,3071,87,8372,88,2430,90,322,84.5
2026-04-17 10:31:48 PM,KXWTAMATCH-26APR18PODCIR-CIR,84,8,83,591,82,867,81,417,80,31,85,6148,86,3071,87,8372,88,2430,90,322,84.5
2026-04-17 10:31:48 PM,KXWTAMATCH-26APR18PODCIR-CIR,84,8,83,591,82,867,81,417,80,6,85,6148,86,3071,87,8372,88,2430,90,322,84.5
2026-04-17 10:31:56 PM,KXWTAMATCH-26APR18PODCIR-CIR,84,8,83,591,82,867,81,417,80,6,85,6148,86,3254,87,8372,88,2430,90,322,84.5
2026-04-17 10:31:56 PM,KXWTAMATCH-26APR18PODCIR-CIR,84,8,83,591,82,867,81,417,80,5006,85,6148,86,3254,87,8372,88,2430,90,322,84.5
2026-04-17 10:31:56 PM,KXWTAMATCH-26APR18PODCIR-CIR,84,8,83,591,82,867,81,417,80,5006,85,6148,86,8254,87,8372,88,2430,90,322,84.5
2026-04-17 10:32:16 PM,KXWTAMATCH-26APR18PODCIR-CIR,84,8,83,591,82,867,81,417,80,5006,85,6148,86,8176,87,8372,88,2430,90,322,84.5
2026-04-17 10:32:36 PM,KXWTAMATCH-26APR18PODCIR-CIR,84,8,83,212,82,867,81,417,80,5006,85,6148,86,8176,87,8372,88,2430,90,322,84.5
2026-04-17 10:32:36 PM,KXWTAMATCH-26APR18PODCIR-CIR,84,8,83,212,82,867,81,417,80,5006,85,6148,86,8176,87,8372,88,956,90,322,84.5
2026-04-17 10:32:53 PM,KXWTAMATCH-26APR18PODCIR-CIR,84,8,83,212,82,867,81,417,80,6,85,6148,86,8176,87,8372,88,956,90,322,84.5
2026-04-17 10:33:30 PM,KXWTAMATCH-26APR18PODCIR-CIR,84,8,83,212,82,867,81,417,80,6,85,6148,86,7993,87,8372,88,956,90,322,84.5
2026-04-17 10:33:30 PM,KXWTAMATCH-26APR18PODCIR-CIR,84,8,83,212,82,867,81,417,80,6,85,6148,86,8176,87,8372,88,956,90,322,84.5
2026-04-17 10:33:37 PM,KXWTAMATCH-26APR18PODCIR-CIR,84,8,83,212,82,867,81,417,80,6,85,6148,86,7993,87,8372,88,956,90,322,84.5
2026-04-17 10:33:37 PM,KXWTAMATCH-26APR18PODCIR-CIR,84,8,83,212,82,867,81,417,80,6,85,6202,86,7993,87,8372,88,956,90,322,84.5
2026-04-17 10:33:37 PM,KXWTAMATCH-26APR18PODCIR-CIR,84,8,83,185,82,867,81,417,80,6,85,6202,86,7993,87,8372,88,956,90,322,84.5
2026-04-17 10:33:37 PM,KXWTAMATCH-26APR18PODCIR-CIR,84,8,83,185,82,840,81,417,80,6,85,6202,86,7993,87,8372,88,956,90,322,84.5
2026-04-17 10:33:45 PM,KXWTAMATCH-26APR18PODCIR-CIR,84,8,83,185,82,840,81,417,80,6,85,6202,86,7994,87,8372,88,956,90,322,84.5
2026-04-17 10:33:45 PM,KXWTAMATCH-26APR18PODCIR-CIR,84,8,83,185,82,840,81,417,80,6,85,6202,86,8177,87,8372,88,956,90,322,84.5
2026-04-17 10:33:46 PM,KXWTAMATCH-26APR18PODCIR-CIR,84,8,83,185,82,840,81,417,80,6,85,6202,86,8176,87,8372,88,956,90,322,84.5
2026-04-17 10:33:48 PM,KXWTAMATCH-26APR18PODCIR-CIR,84,8,83,185,82,840,81,417,80,6,85,6202,86,8177,87,8372,88,956,90,322,84.5
2026-04-17 10:33:48 PM,KXWTAMATCH-26APR18PODCIR-CIR,84,8,83,185,82,840,81,417,80,6,85,6202,86,8176,87,8372,88,956,90,322,84.5
2026-04-17 10:34:17 PM,KXWTAMATCH-26APR18PODCIR-CIR,84,8,83,185,82,840,81,417,80,6,85,6202,86,7993,87,8372,88,956,90,322,84.5
2026-04-17 10:34:55 PM,KXWTAMATCH-26APR18PODCIR-CIR,83,185,82,840,81,417,80,6,79,5000,85,6202,86,7993,87,8372,88,956,90,322,84.0
2026-04-17 10:34:56 PM,KXWTAMATCH-26APR18PODCIR-CIR,83,185,82,840,81,417,80,6,79,5000,85,6202,86,8176,87,8372,88,956,90,322,84.0
2026-04-17 10:35:10 PM,KXWTAMATCH-26APR18PODCIR-CIR,83,185,82,840,81,417,80,6,79,5000,85,6202,86,7993,87,8372,88,956,90,322,84.0
2026-04-17 10:35:10 PM,KXWTAMATCH-26APR18PODCIR-CIR,83,185,82,840,81,417,80,6,79,5000,85,6202,86,8176,87,8372,88,956,90,322,84.0
2026-04-17 10:36:26 PM,KXWTAMATCH-26APR18PODCIR-CIR,83,185,82,840,81,417,80,6,79,5000,85,6202,86,7993,87,8372,88,956,90,322,84.0
2026-04-17 10:36:42 PM,KXWTAMATCH-26APR18PODCIR-CIR,83,185,82,840,81,417,80,6,79,5000,85,6202,86,8176,87,8372,88,956,90,322,84.0
2026-04-17 10:37:01 PM,KXWTAMATCH-26APR18PODCIR-CIR,83,185,82,840,81,417,80,6,79,5000,85,6202,86,7993,87,8372,88,956,90,322,84.0
2026-04-17 10:37:02 PM,KXWTAMATCH-26APR18PODCIR-CIR,83,185,82,840,81,417,80,6,79,5000,85,6385,86,7993,87,8372,88,956,90,322,84.0
2026-04-17 10:37:02 PM,KXWTAMATCH-26APR18PODCIR-CIR,83,185,82,840,81,417,80,6,79,5000,85,6385,86,6966,87,8372,88,956,90,322,84.0
2026-04-17 10:37:02 PM,KXWTAMATCH-26APR18PODCIR-CIR,83,185,82,840,81,417,80,6,79,5000,85,6385,86,6951,87,8372,88,956,90,322,84.0
2026-04-17 10:37:02 PM,KXWTAMATCH-26APR18PODCIR-CIR,83,185,82,840,81,417,80,6,79,5000,85,6385,86,6757,87,8372,88,956,90,322,84.0
2026-04-17 10:37:02 PM,KXWTAMATCH-26APR18PODCIR-CIR,83,185,82,840,81,417,80,6,79,5000,85,6385,86,6554,87,8372,88,956,90,322,84.0
2026-04-17 10:37:02 PM,KXWTAMATCH-26APR18PODCIR-CIR,83,185,82,840,81,417,80,6,79,5000,84,2515,85,6385,86,6554,87,8372,88,956,83.5
2026-04-17 10:37:02 PM,KXWTAMATCH-26APR18PODCIR-CIR,83,185,82,840,81,417,80,783,79,5000,84,2515,85,6385,86,6554,87,8372,88,956,83.5
2026-04-17 10:37:02 PM,KXWTAMATCH-26APR18PODCIR-CIR,83,185,82,840,81,417,80,783,79,5000,84,2515,85,6385,86,6529,87,8372,88,956,83.5
2026-04-17 10:37:02 PM,KXWTAMATCH-26APR18PODCIR-CIR,83,185,82,840,81,417,80,783,79,5000,84,2538,85,6385,86,6529,87,8372,88,956,83.5
2026-04-17 10:37:02 PM,KXWTAMATCH-26APR18PODCIR-CIR,83,185,82,840,81,417,80,783,79,5000,84,2538,85,6385,86,6511,87,8372,88,956,83.5
2026-04-17 10:37:02 PM,KXWTAMATCH-26APR18PODCIR-CIR,83,185,82,840,81,417,80,783,79,5000,84,2538,85,6331,86,6511,87,8372,88,956,83.5
2026-04-17 10:37:02 PM,KXWTAMATCH-26APR18PODCIR-CIR,83,185,82,840,81,600,80,783,79,5000,84,2538,85,6331,86,6511,87,8372,88,956,83.5
2026-04-17 10:37:02 PM,KXWTAMATCH-26APR18PODCIR-CIR,83,185,82,840,81,600,80,783,79,5000,84,2538,85,6200,86,6511,87,8372,88,956,83.5
2026-04-17 10:37:02 PM,KXWTAMATCH-26APR18PODCIR-CIR,83,185,82,647,81,600,80,783,79,5000,84,2538,85,6200,86,6511,87,8372,88,956,83.5
2026-04-17 10:37:02 PM,KXWTAMATCH-26APR18PODCIR-CIR,83,185,82,647,81,600,80,783,79,5000,84,2538,85,5411,86,6511,87,8372,88,956,83.5
2026-04-17 10:37:02 PM,KXWTAMATCH-26APR18PODCIR-CIR,83,185,82,647,81,600,80,783,79,5000,84,2538,85,5310,86,6511,87,8372,88,956,83.5
2026-04-17 10:37:02 PM,KXWTAMATCH-26APR18PODCIR-CIR,83,185,82,647,81,600,80,783,79,5000,84,2538,85,5310,86,6511,87,8372,88,441,83.5
2026-04-17 10:37:02 PM,KXWTAMATCH-26APR18PODCIR-CIR,83,185,82,647,81,600,80,783,79,5000,84,2538,85,5310,86,6511,87,8372,88,328,83.5
2026-04-17 10:37:02 PM,KXWTAMATCH-26APR18PODCIR-CIR,83,185,82,647,81,600,80,783,79,5000,84,2538,85,5310,86,6511,87,8996,88,328,83.5
2026-04-17 10:37:02 PM,KXWTAMATCH-26APR18PODCIR-CIR,83,185,82,647,81,600,80,783,79,5000,84,2538,85,5310,86,6511,87,8996,88,280,83.5
2026-04-17 10:37:03 PM,KXWTAMATCH-26APR18PODCIR-CIR,83,185,82,647,81,600,80,783,79,5000,84,2538,85,5270,86,6511,87,8996,88,280,83.5
2026-04-17 10:37:03 PM,KXWTAMATCH-26APR18PODCIR-CIR,83,185,82,647,81,600,80,783,79,5000,84,2578,85,5270,86,6511,87,8996,88,280,83.5
2026-04-17 10:37:28 PM,KXWTAMATCH-26APR18PODCIR-CIR,83,185,82,830,81,600,80,783,79,5000,84,2578,85,5270,86,6511,87,8996,88,280,83.5
2026-04-17 10:37:28 PM,KXWTAMATCH-26APR18PODCIR-CIR,83,185,82,830,81,417,80,783,79,5000,84,2578,85,5270,86,6511,87,8996,88,280,83.5
2026-04-17 10:37:34 PM,KXWTAMATCH-26APR18PODCIR-CIR,83,185,82,830,81,417,80,783,79,5000,84,2578,85,5270,86,6511,87,8372,88,280,83.5
2026-04-17 10:37:34 PM,KXWTAMATCH-26APR18PODCIR-CIR,83,185,82,830,81,417,80,783,79,5000,84,2578,85,5270,86,6511,87,8372,88,908,83.5
2026-04-17 10:38:17 PM,KXWTAMATCH-26APR18PODCIR-CIR,83,185,82,830,81,417,80,783,79,5000,84,2578,85,5215,86,6511,87,8372,88,908,83.5
2026-04-17 10:38:17 PM,KXWTAMATCH-26APR18PODCIR-CIR,83,185,82,830,81,417,80,783,79,5000,84,2578,85,4573,86,6511,87,8372,88,908,83.5
2026-04-17 10:38:17 PM,KXWTAMATCH-26APR18PODCIR-CIR,83,185,82,830,81,417,80,783,79,5000,84,2578,85,4455,86,6511,87,8372,88,908,83.5
2026-04-17 10:38:17 PM,KXWTAMATCH-26APR18PODCIR-CIR,83,185,82,830,81,417,80,783,79,5000,84,2578,85,4757,86,6511,87,8372,88,908,83.5
2026-04-17 10:38:17 PM,KXWTAMATCH-26APR18PODCIR-CIR,83,185,82,830,81,417,80,783,79,5000,84,3394,85,4757,86,6511,87,8372,88,908,83.5
2026-04-17 10:38:18 PM,KXWTAMATCH-26APR18PODCIR-CIR,83,3,82,830,81,417,80,783,79,5000,84,3394,85,4757,86,6511,87,8372,88,908,83.5
2026-04-17 10:38:18 PM,KXWTAMATCH-26APR18PODCIR-CIR,83,3,82,830,81,417,80,6,79,5000,84,3394,85,4757,86,6511,87,8372,88,908,83.5
2026-04-17 10:38:18 PM,KXWTAMATCH-26APR18PODCIR-CIR,83,3,82,830,81,599,80,6,79,5000,84,3394,85,4757,86,6511,87,8372,88,908,83.5
2026-04-17 10:38:18 PM,KXWTAMATCH-26APR18PODCIR-CIR,83,3,82,580,81,599,80,6,79,5000,84,3394,85,4757,86,6511,87,8372,88,908,83.5
2026-04-17 10:38:18 PM,KXWTAMATCH-26APR18PODCIR-CIR,83,3,82,580,81,849,80,6,79,5000,84,3394,85,4757,86,6511,87,8372,88,908,83.5
2026-04-17 10:38:18 PM,KXWTAMATCH-26APR18PODCIR-CIR,83,3,82,580,81,849,80,6,79,5000,84,3394,85,4507,86,6511,87,8372,88,908,83.5
2026-04-17 10:38:18 PM,KXWTAMATCH-26APR18PODCIR-CIR,83,3,82,580,81,849,80,6,79,5000,84,3644,85,4507,86,6511,87,8372,88,908,83.5
2026-04-17 10:38:26 PM,KXWTAMATCH-26APR18PODCIR-CIR,83,3,82,580,81,849,80,6,79,5000,84,3644,85,4852,86,6511,87,8372,88,908,83.5
2026-04-17 10:38:33 PM,KXWTAMATCH-26APR18PODCIR-CIR,83,4,82,580,81,849,80,6,79,5000,84,3644,85,4852,86,6511,87,8372,88,908,83.5
2026-04-17 10:39:01 PM,KXWTAMATCH-26APR18PODCIR-CIR,83,4,82,580,81,849,80,6,79,5000,84,3644,85,5785,86,6511,87,8372,88,908,83.5
2026-04-17 10:39:01 PM,KXWTAMATCH-26APR18PODCIR-CIR,83,4,82,580,81,849,80,6,79,5000,84,3644,85,5785,86,6511,87,8372,88,628,83.5
2026-04-17 10:39:38 PM,KXWTAMATCH-26APR18PODCIR-CIR,83,4,82,580,81,849,80,6,78,5000,84,3644,85,5785,86,6511,87,8372,88,628,83.5
2026-04-17 10:39:38 PM,KXWTAMATCH-26APR18PODCIR-CIR,83,4,82,580,81,849,80,6,76,7,84,3644,85,5785,86,6511,87,8372,88,628,83.5
2026-04-17 10:39:41 PM,KXWTAMATCH-26APR18PODCIR-CIR,83,4,82,580,81,849,80,6,77,400,84,3644,85,5785,86,6511,87,8372,88,628,83.5
2026-04-17 10:39:45 PM,KXWTAMATCH-26APR18PODCIR-CIR,83,4,82,580,81,849,80,6,77,400,84,3644,85,5854,86,6511,87,8372,88,628,83.5
2026-04-17 10:39:45 PM,KXWTAMATCH-26APR18PODCIR-CIR,83,4,82,580,81,849,80,1495,77,400,84,3644,85,5854,86,6511,87,8372,88,628,83.5
2026-04-17 10:39:45 PM,KXWTAMATCH-26APR18PODCIR-CIR,83,4,82,580,81,849,80,1495,78,5000,84,3644,85,5854,86,6511,87,8372,88,628,83.5
2026-04-17 10:39:45 PM,KXWTAMATCH-26APR18PODCIR-CIR,83,4,82,580,81,849,80,1495,77,5400,84,3644,85,5854,86,6511,87,8372,88,628,83.5
2026-04-17 10:39:45 PM,KXWTAMATCH-26APR18PODCIR-CIR,83,4,82,580,81,849,80,1495,77,400,84,3644,85,5854,86,6511,87,8372,88,628,83.5
2026-04-17 10:39:46 PM,KXWTAMATCH-26APR18PODCIR-CIR,83,4,82,580,81,849,80,1495,77,400,84,3644,85,5854,86,6512,87,8372,88,628,83.5
2026-04-17 10:39:47 PM,KXWTAMATCH-26APR18PODCIR-CIR,83,4,82,580,81,849,80,1495,77,400,84,3644,85,5854,86,6511,87,8372,88,628,83.5
2026-04-17 10:39:49 PM,KXWTAMATCH-26APR18PODCIR-CIR,83,4,82,580,81,849,80,1495,77,400,84,3644,85,5854,86,6512,87,8372,88,628,83.5
2026-04-17 10:39:49 PM,KXWTAMATCH-26APR18PODCIR-CIR,83,4,82,580,81,849,80,1495,78,5000,84,3644,85,5854,86,6512,87,8372,88,628,83.5
2026-04-17 10:39:49 PM,KXWTAMATCH-26APR18PODCIR-CIR,83,4,82,580,81,849,80,1495,78,5000,84,3644,85,5854,86,6511,87,8372,88,628,83.5
2026-04-17 10:40:10 PM,KXWTAMATCH-26APR18PODCIR-CIR,83,4,82,580,81,849,80,1495,78,5000,84,3644,85,5854,86,6511,87,7272,88,628,83.5
2026-04-17 10:40:10 PM,KXWTAMATCH-26APR18PODCIR-CIR,83,4,82,580,81,849,80,1495,78,5000,84,3644,85,5774,86,6511,87,7272,88,628,83.5
2026-04-17 10:40:10 PM,KXWTAMATCH-26APR18PODCIR-CIR,83,4,82,580,81,849,80,1495,78,5000,84,3644,85,5774,86,6499,87,7272,88,628,83.5
2026-04-17 10:40:10 PM,KXWTAMATCH-26APR18PODCIR-CIR,83,4,82,580,81,849,80,1495,78,5000,84,4601,85,5774,86,6499,87,7272,88,628,83.5
2026-04-17 10:40:10 PM,KXWTAMATCH-26APR18PODCIR-CIR,83,4,82,580,81,849,80,1495,78,5000,84,5528,85,5774,86,6499,87,7272,88,628,83.5
2026-04-17 10:40:10 PM,KXWTAMATCH-26APR18PODCIR-CIR,83,4,82,580,81,849,80,1495,78,5000,84,5528,85,5774,86,6499,87,7142,88,628,83.5
2026-04-17 10:40:11 PM,KXWTAMATCH-26APR18PODCIR-CIR,83,4,82,580,81,849,80,1495,78,5000,84,5528,85,5774,86,6499,87,7766,88,628,83.5
2026-04-17 10:40:11 PM,KXWTAMATCH-26APR18PODCIR-CIR,83,4,82,580,81,849,80,1495,78,5000,84,5528,85,5774,86,6499,87,7766,90,322,83.5
2026-04-17 10:40:40 PM,KXWTAMATCH-26APR18PODCIR-CIR,83,4,82,580,81,849,80,1495,78,5000,84,5528,85,5058,86,6499,87,7766,90,322,83.5
2026-04-17 10:40:50 PM,KXWTAMATCH-26APR18PODCIR-CIR,83,4,82,580,81,849,80,1495,78,5000,84,5488,85,5058,86,6499,87,7766,90,322,83.5
2026-04-17 10:40:58 PM,KXWTAMATCH-26APR18PODCIR-CIR,83,4,82,580,81,849,80,1495,78,5000,84,5528,85,5058,86,6499,87,7766,90,322,83.5
2026-04-17 10:42:08 PM,KXWTAMATCH-26APR18PODCIR-CIR,83,4,82,580,81,1022,80,1495,78,5000,84,5528,85,5058,86,6499,87,7766,90,322,83.5
2026-04-17 10:42:08 PM,KXWTAMATCH-26APR18PODCIR-CIR,83,4,82,397,81,1022,80,1495,78,5000,84,5528,85,5058,86,6499,87,7766,90,322,83.5
2026-04-17 10:42:08 PM,KXWTAMATCH-26APR18PODCIR-CIR,83,4,82,397,81,849,80,1495,78,5000,84,5528,85,5058,86,6499,87,7766,90,322,83.5
2026-04-17 10:45:47 PM,KXWTAMATCH-26APR18PODCIR-CIR,83,4,82,397,81,849,80,1495,78,5000,84,5528,85,5058,86,6500,87,7766,90,322,83.5
2026-04-17 10:45:47 PM,KXWTAMATCH-26APR18PODCIR-CIR,83,4,82,397,81,849,80,1495,78,5000,84,5528,85,5058,86,6499,87,7766,90,322,83.5
2026-04-17 10:45:49 PM,KXWTAMATCH-26APR18PODCIR-CIR,83,4,82,397,81,849,80,1495,78,5000,84,5528,85,5058,86,6500,87,7766,90,322,83.5
2026-04-17 10:45:49 PM,KXWTAMATCH-26APR18PODCIR-CIR,83,4,82,397,81,849,80,1495,78,5000,84,5528,85,5058,86,6499,87,7766,90,322,83.5
2026-04-17 10:45:57 PM,KXWTAMATCH-26APR18PODCIR-CIR,83,4,82,570,81,849,80,1495,78,5000,84,5528,85,5058,86,6499,87,7766,90,322,83.5
2026-04-17 10:45:57 PM,KXWTAMATCH-26APR18PODCIR-CIR,83,4,82,570,81,849,80,1495,78,5000,84,5528,85,5058,86,6499,87,7142,90,322,83.5
2026-04-17 10:45:57 PM,KXWTAMATCH-26APR18PODCIR-CIR,83,4,82,570,81,849,80,1495,78,5000,84,5528,85,5058,86,6499,87,7445,90,322,83.5
2026-04-17 10:45:57 PM,KXWTAMATCH-26APR18PODCIR-CIR,83,4,82,570,81,849,80,1495,78,5000,84,5528,85,5058,86,6499,87,7445,88,467,83.5
2026-04-17 10:45:57 PM,KXWTAMATCH-26APR18PODCIR-CIR,83,4,82,570,81,849,80,1495,78,5000,84,4601,85,5058,86,6499,87,7445,88,467,83.5
2026-04-17 10:45:58 PM,KXWTAMATCH-26APR18PODCIR-CIR,83,4,82,570,81,849,80,1495,78,5000,84,4601,85,5058,86,6499,87,7142,88,467,83.5
2026-04-17 10:45:58 PM,KXWTAMATCH-26APR18PODCIR-CIR,83,4,82,570,81,849,80,1495,78,5000,84,4601,85,5058,86,6499,87,7142,88,676,83.5
2026-04-17 10:49:49 PM,KXWTAMATCH-26APR18PODCIR-CIR,83,4,82,570,81,849,80,1495,78,5000,84,4817,85,5058,86,6499,87,7142,88,676,83.5
2026-04-17 10:49:57 PM,KXWTAMATCH-26APR18PODCIR-CIR,83,4,82,570,81,1020,80,1495,78,5000,84,4817,85,5058,86,6499,87,7142,88,676,83.5
2026-04-17 10:49:57 PM,KXWTAMATCH-26APR18PODCIR-CIR,83,4,82,570,81,1020,80,1495,78,5000,84,4988,85,5058,86,6499,87,7142,88,676,83.5
2026-04-17 10:49:57 PM,KXWTAMATCH-26APR18PODCIR-CIR,83,4,82,397,81,1020,80,1495,78,5000,84,4988,85,5058,86,6499,87,7142,88,676,83.5
2026-04-17 10:49:57 PM,KXWTAMATCH-26APR18PODCIR-CIR,83,4,82,397,81,1020,80,1495,78,5000,84,4988,85,5058,86,6499,87,7766,88,676,83.5
2026-04-17 10:49:57 PM,KXWTAMATCH-26APR18PODCIR-CIR,83,4,82,397,81,1020,80,1495,78,5000,84,4988,85,5058,86,6499,87,7766,88,467,83.5
2026-04-17 10:49:57 PM,KXWTAMATCH-26APR18PODCIR-CIR,83,4,82,397,81,1020,80,1495,78,5000,84,4988,85,5058,86,6499,87,7766,90,322,83.5
2026-04-17 10:49:57 PM,KXWTAMATCH-26APR18PODCIR-CIR,83,4,82,397,81,1020,80,1495,78,5000,84,4988,85,4875,86,6499,87,7766,90,322,83.5
2026-04-17 10:49:58 PM,KXWTAMATCH-26APR18PODCIR-CIR,83,4,82,397,81,1020,80,1495,78,5000,84,4988,85,4875,86,6499,87,5772,90,322,83.5
2026-04-17 10:49:58 PM,KXWTAMATCH-26APR18PODCIR-CIR,83,4,82,397,81,1020,80,1495,78,5000,84,4988,85,4875,86,6499,87,5772,89,1052,83.5
2026-04-17 10:49:59 PM,KXWTAMATCH-26APR18PODCIR-CIR,83,4,82,397,81,1020,80,1495,78,5000,84,4988,85,4875,86,6499,87,5772,90,322,83.5
2026-04-17 10:49:59 PM,KXWTAMATCH-26APR18PODCIR-CIR,83,4,82,397,81,1020,80,1495,78,5000,84,4988,85,4875,86,7440,87,5772,90,322,83.5
2026-04-17 10:49:59 PM,KXWTAMATCH-26APR18PODCIR-CIR,83,4,82,397,81,1020,80,1495,78,5000,84,4817,85,4875,86,7440,87,5772,90,322,83.5
2026-04-17 10:50:09 PM,KXWTAMATCH-26APR18PODCIR-CIR,83,4,82,397,81,1020,80,1495,78,5000,84,4817,85,5046,86,7440,87,5772,90,322,83.5
2026-04-17 10:50:09 PM,KXWTAMATCH-26APR18PODCIR-CIR,83,4,82,397,81,849,80,1495,78,5000,84,4817,85,5046,86,7440,87,5772,90,322,83.5
2026-04-17 10:50:09 PM,KXWTAMATCH-26APR18PODCIR-CIR,83,4,82,397,81,1020,80,1495,78,5000,84,4817,85,5046,86,7440,87,5772,90,322,83.5
2026-04-17 10:50:11 PM,KXWTAMATCH-26APR18PODCIR-CIR,83,4,82,397,81,849,80,1495,78,5000,84,4817,85,5046,86,7440,87,5772,90,322,83.5
2026-04-17 10:50:17 PM,KXWTAMATCH-26APR18PODCIR-CIR,83,4,82,397,81,849,80,1495,78,5000,84,4988,85,5046,86,7440,87,5772,90,322,83.5
2026-04-17 10:50:17 PM,KXWTAMATCH-26APR18PODCIR-CIR,83,4,82,397,81,849,80,1532,78,5000,84,4988,85,5046,86,7440,87,5772,90,322,83.5
2026-04-17 10:50:17 PM,KXWTAMATCH-26APR18PODCIR-CIR,83,4,82,397,81,5849,80,1532,78,5000,84,4988,85,5046,86,7440,87,5772,90,322,83.5
2026-04-17 10:50:17 PM,KXWTAMATCH-26APR18PODCIR-CIR,83,4,82,397,81,5849,80,6532,78,5000,84,4988,85,5046,86,7440,87,5772,90,322,83.5
2026-04-17 10:50:17 PM,KXWTAMATCH-26APR18PODCIR-CIR,83,4,82,397,81,5849,80,6532,78,5000,84,4988,85,10046,86,7440,87,5772,90,322,83.5
2026-04-17 10:50:17 PM,KXWTAMATCH-26APR18PODCIR-CIR,83,4,82,397,81,5849,80,6532,78,5000,84,4988,85,10046,86,7440,87,772,90,322,83.5
2026-04-17 10:50:17 PM,KXWTAMATCH-26APR18PODCIR-CIR,83,4,82,397,81,5849,80,6532,77,5400,84,4988,85,10046,86,7440,87,772,90,322,83.5
2026-04-17 10:50:17 PM,KXWTAMATCH-26APR18PODCIR-CIR,83,4,82,397,81,5849,80,6532,77,400,84,4988,85,10046,86,7440,87,772,90,322,83.5
2026-04-17 10:50:17 PM,KXWTAMATCH-26APR18PODCIR-CIR,83,4,82,397,81,5849,80,6532,77,400,84,4988,85,9875,86,7440,87,772,90,322,83.5
2026-04-17 10:50:17 PM,KXWTAMATCH-26APR18PODCIR-CIR,83,4,82,397,81,6020,80,6532,77,400,84,4988,85,9875,86,7440,87,772,90,322,83.5
2026-04-17 10:50:17 PM,KXWTAMATCH-26APR18PODCIR-CIR,83,4,82,397,81,6020,80,6532,77,400,84,4988,85,9875,86,7440,87,148,90,322,83.5
2026-04-17 10:50:17 PM,KXWTAMATCH-26APR18PODCIR-CIR,83,4,82,397,81,6020,80,6532,77,400,84,4988,85,9875,86,8019,87,148,90,322,83.5
2026-04-17 10:50:19 PM,KXWTAMATCH-26APR18PODCIR-CIR,83,4,82,397,81,6020,80,6532,77,400,84,4988,85,9875,86,7440,87,148,90,322,83.5
2026-04-17 10:50:19 PM,KXWTAMATCH-26APR18PODCIR-CIR,83,4,82,397,81,6020,80,6532,77,400,84,4988,85,4875,86,7440,87,148,90,322,83.5
2026-04-17 10:50:19 PM,KXWTAMATCH-26APR18PODCIR-CIR,83,4,82,397,81,6020,80,6532,77,400,84,4988,85,4875,86,2440,87,148,90,322,83.5
2026-04-17 10:50:20 PM,KXWTAMATCH-26APR18PODCIR-CIR,83,4,82,397,81,6020,80,6532,77,400,84,4988,85,4875,86,2440,87,772,90,322,83.5
2026-04-17 10:50:20 PM,KXWTAMATCH-26APR18PODCIR-CIR,83,4,82,397,81,5770,80,6532,77,400,84,4988,85,4875,86,2440,87,772,90,322,83.5
2026-04-17 10:50:20 PM,KXWTAMATCH-26APR18PODCIR-CIR,83,4,82,647,81,5770,80,6532,77,400,84,4988,85,4875,86,2440,87,772,90,322,83.5
2026-04-17 10:50:20 PM,KXWTAMATCH-26APR18PODCIR-CIR,83,4,82,647,81,5770,80,6532,77,400,84,4738,85,4875,86,2440,87,772,90,322,83.5
2026-04-17 10:50:20 PM,KXWTAMATCH-26APR18PODCIR-CIR,83,4,82,647,81,5770,80,6532,77,400,84,4738,85,4875,86,7440,87,772,90,322,83.5
2026-04-17 10:50:20 PM,KXWTAMATCH-26APR18PODCIR-CIR,83,4,82,647,81,5770,80,6532,77,400,84,4738,85,4875,86,7440,87,5772,90,322,83.5
2026-04-17 10:50:20 PM,KXWTAMATCH-26APR18PODCIR-CIR,83,4,82,647,81,5770,80,6532,77,400,84,4738,85,5125,86,7440,87,5772,90,322,83.5
2026-04-17 10:50:22 PM,KXWTAMATCH-26APR18PODCIR-CIR,83,4,82,647,81,5770,80,6532,77,400,84,4567,85,5125,86,7440,87,5772,90,322,83.5
2026-04-17 10:50:25 PM,KXWTAMATCH-26APR18PODCIR-CIR,83,4,82,647,81,5770,80,6532,77,400,84,4567,85,5296,86,7440,87,5772,90,322,83.5
2026-04-17 10:50:34 PM,KXWTAMATCH-26APR18PODCIR-CIR,83,4,82,647,81,5770,80,6532,77,400,84,4567,85,5125,86,7440,87,5772,90,322,83.5
2026-04-17 10:50:34 PM,KXWTAMATCH-26APR18PODCIR-CIR,83,4,82,647,81,5770,80,6532,77,400,84,4567,85,5296,86,7440,87,5772,90,322,83.5
2026-04-17 10:50:57 PM,KXWTAMATCH-26APR18PODCIR-CIR,83,4,82,647,81,5770,80,6532,77,400,84,4567,85,5296,86,6499,87,5772,90,322,83.5
2026-04-17 10:50:57 PM,KXWTAMATCH-26APR18PODCIR-CIR,83,4,82,647,81,5770,80,6532,77,400,84,4567,85,5296,86,8507,87,5772,90,322,83.5
2026-04-17 10:50:57 PM,KXWTAMATCH-26APR18PODCIR-CIR,83,4,82,647,81,5770,80,6572,77,400,84,4567,85,5296,86,8507,87,5772,90,322,83.5
2026-04-17 10:50:57 PM,KXWTAMATCH-26APR18PODCIR-CIR,83,4,82,818,81,5770,80,6572,77,400,84,4567,85,5296,86,8507,87,5772,90,322,83.5
2026-04-17 10:50:57 PM,KXWTAMATCH-26APR18PODCIR-CIR,83,4,82,5818,81,5770,80,6572,77,400,84,4567,85,5296,86,8507,87,5772,90,322,83.5
2026-04-17 10:50:57 PM,KXWTAMATCH-26APR18PODCIR-CIR,83,4,82,5818,81,5770,80,1572,77,400,84,4567,85,5296,86,8507,87,5772,90,322,83.5
2026-04-17 10:50:57 PM,KXWTAMATCH-26APR18PODCIR-CIR,83,4,82,5818,81,5599,80,1572,77,400,84,4567,85,5296,86,8507,87,5772,90,322,83.5
2026-04-17 10:50:58 PM,KXWTAMATCH-26APR18PODCIR-CIR,83,4,82,5647,81,5599,80,1572,77,400,84,4567,85,5296,86,8507,87,5772,90,322,83.5
2026-04-17 10:51:08 PM,KXWTAMATCH-26APR18PODCIR-CIR,83,4,82,5647,81,5770,80,1572,77,400,84,4567,85,5296,86,8507,87,5772,90,322,83.5
2026-04-17 10:51:28 PM,KXWTAMATCH-26APR18PODCIR-CIR,83,4,82,5647,81,5770,80,1572,77,400,84,4567,85,5296,86,6499,87,5772,90,322,83.5
2026-04-17 10:51:28 PM,KXWTAMATCH-26APR18PODCIR-CIR,83,4,82,5647,81,5770,80,1572,77,400,84,4567,85,5296,86,7437,87,5772,90,322,83.5
2026-04-17 10:51:48 PM,KXWTAMATCH-26APR18PODCIR-CIR,83,4,82,5647,81,5770,80,1572,77,400,84,4567,85,5296,86,7438,87,5772,90,322,83.5
2026-04-17 10:51:50 PM,KXWTAMATCH-26APR18PODCIR-CIR,83,4,82,5647,81,5770,80,1572,77,400,84,4567,85,5296,86,7437,87,5772,90,322,83.5
2026-04-17 10:53:04 PM,KXWTAMATCH-26APR18PODCIR-CIR,83,4,82,5647,81,5770,80,1572,77,400,84,4634,85,5296,86,7437,87,5772,90,322,83.5
2026-04-17 10:55:28 PM,KXWTAMATCH-26APR18PODCIR-CIR,83,4,82,5647,81,5770,80,1572,77,400,84,4777,85,5296,86,7437,87,5772,90,322,83.5
2026-04-17 10:55:28 PM,KXWTAMATCH-26APR18PODCIR-CIR,83,4,82,5576,81,5770,80,1572,77,400,84,4777,85,5296,86,7437,87,5772,90,322,83.5
2026-04-17 10:55:28 PM,KXWTAMATCH-26APR18PODCIR-CIR,83,4,82,5576,81,5699,80,1572,77,400,84,4777,85,5296,86,7437,87,5772,90,322,83.5
2026-04-17 10:57:19 PM,KXWTAMATCH-26APR18PODCIR-CIR,83,4,82,5576,81,5699,80,1572,77,400,84,4997,85,5296,86,7437,87,5772,90,322,83.5
2026-04-17 10:57:20 PM,KXWTAMATCH-26APR18PODCIR-CIR,83,4,82,5466,81,5699,80,1572,77,400,84,4997,85,5296,86,7437,87,5772,90,322,83.5
2026-04-17 10:57:20 PM,KXWTAMATCH-26APR18PODCIR-CIR,83,4,82,5466,81,5589,80,1572,77,400,84,4997,85,5296,86,7437,87,5772,90,322,83.5
2026-04-17 10:57:50 PM,KXWTAMATCH-26APR18PODCIR-CIR,83,4,82,5466,81,5589,80,1572,77,400,84,4997,85,5296,86,7438,87,5772,90,322,83.5
2026-04-17 10:57:51 PM,KXWTAMATCH-26APR18PODCIR-CIR,83,4,82,5466,81,5589,80,1572,77,400,84,4997,85,5296,86,7437,87,5772,90,322,83.5
2026-04-17 10:59:01 PM,KXWTAMATCH-26APR18PODCIR-CIR,83,4,82,5636,81,5589,80,1572,77,400,84,4997,85,5296,86,7437,87,5772,90,322,83.5
2026-04-17 10:59:02 PM,KXWTAMATCH-26APR18PODCIR-CIR,83,4,82,5636,81,5589,80,1535,77,400,84,4997,85,5296,86,7437,87,5772,90,322,83.5
2026-04-17 10:59:02 PM,KXWTAMATCH-26APR18PODCIR-CIR,83,4,82,5636,81,589,80,1535,77,400,84,4997,85,5296,86,7437,87,5772,90,322,83.5
2026-04-17 10:59:02 PM,KXWTAMATCH-26APR18PODCIR-CIR,83,4,82,636,81,589,80,1535,77,400,84,4997,85,5296,86,7437,87,5772,90,322,83.5
2026-04-17 10:59:02 PM,KXWTAMATCH-26APR18PODCIR-CIR,83,4,82,636,81,589,80,1535,78,5000,84,4997,85,5296,86,7437,87,5772,90,322,83.5
2026-04-17 10:59:02 PM,KXWTAMATCH-26APR18PODCIR-CIR,83,4,82,466,81,589,80,1535,78,5000,84,4997,85,5296,86,7437,87,5772,90,322,83.5
2026-04-17 10:59:02 PM,KXWTAMATCH-26APR18PODCIR-CIR,83,4,82,466,81,589,80,1495,78,5000,84,4997,85,5296,86,7437,87,5772,90,322,83.5
2026-04-17 10:59:02 PM,KXWTAMATCH-26APR18PODCIR-CIR,83,4,82,466,81,589,80,1503,78,5000,84,4997,85,5296,86,7437,87,5772,90,322,83.5
2026-04-17 10:59:02 PM,KXWTAMATCH-26APR18PODCIR-CIR,83,4,82,216,81,589,80,1503,78,5000,84,4997,85,5296,86,7437,87,5772,90,322,83.5
2026-04-17 10:59:02 PM,KXWTAMATCH-26APR18PODCIR-CIR,83,4,82,216,81,589,80,1503,78,5000,84,5167,85,5296,86,7437,87,5772,90,322,83.5
2026-04-17 10:59:02 PM,KXWTAMATCH-26APR18PODCIR-CIR,83,4,82,216,81,839,80,1503,78,5000,84,5167,85,5296,86,7437,87,5772,90,322,83.5
2026-04-17 10:59:02 PM,KXWTAMATCH-26APR18PODCIR-CIR,83,4,82,216,81,839,80,1585,78,5000,84,5167,85,5296,86,7437,87,5772,90,322,83.5
2026-04-17 10:59:02 PM,KXWTAMATCH-26APR18PODCIR-CIR,83,4,82,216,81,839,80,1585,78,5000,84,5167,85,5046,86,7437,87,5772,90,322,83.5
2026-04-17 10:59:02 PM,KXWTAMATCH-26APR18PODCIR-CIR,83,4,82,216,81,839,80,1585,78,5000,84,4997,85,5046,86,7437,87,5772,90,322,83.5
2026-04-17 10:59:02 PM,KXWTAMATCH-26APR18PODCIR-CIR,83,4,82,216,81,839,80,1585,78,5000,84,5247,85,5046,86,7437,87,5772,90,322,83.5
2026-04-17 10:59:02 PM,KXWTAMATCH-26APR18PODCIR-CIR,83,4,82,216,81,839,80,1585,78,5000,84,5247,85,5046,86,7437,87,5148,90,322,83.5
2026-04-17 10:59:02 PM,KXWTAMATCH-26APR18PODCIR-CIR,83,4,82,216,81,839,80,1585,78,5000,84,5247,85,5046,86,8016,87,5148,90,322,83.5
2026-04-17 10:59:02 PM,KXWTAMATCH-26APR18PODCIR-CIR,83,4,82,216,81,839,80,2709,78,5000,84,5247,85,5046,86,8016,87,5148,90,322,83.5
2026-04-17 10:59:06 PM,KXWTAMATCH-26APR18PODCIR-CIR,83,4,82,216,81,839,80,2709,78,5000,84,5247,85,5046,86,7078,87,5148,90,322,83.5
2026-04-17 10:59:06 PM,KXWTAMATCH-26APR18PODCIR-CIR,83,4,82,216,81,839,80,2709,78,5000,84,5247,85,5046,86,9087,87,5148,90,322,83.5
2026-04-17 10:59:08 PM,KXWTAMATCH-26APR18PODCIR-CIR,83,4,82,216,81,839,80,2709,78,5000,84,5247,85,5046,86,7078,87,5148,90,322,83.5
2026-04-17 10:59:08 PM,KXWTAMATCH-26APR18PODCIR-CIR,83,4,82,216,81,839,80,2709,78,5000,84,5247,85,5046,86,8013,87,5148,90,322,83.5
2026-04-17 10:59:12 PM,KXWTAMATCH-26APR18PODCIR-CIR,83,4,82,216,81,839,80,2709,78,5000,84,5417,85,5046,86,8013,87,5148,90,322,83.5
2026-04-17 10:59:12 PM,KXWTAMATCH-26APR18PODCIR-CIR,83,4,82,216,81,839,80,2701,78,5000,84,5417,85,5046,86,8013,87,5148,90,322,83.5
2026-04-17 10:59:12 PM,KXWTAMATCH-26APR18PODCIR-CIR,83,4,82,216,81,839,80,2701,78,5000,84,5417,85,5046,86,8013,87,5000,90,322,83.5
2026-04-17 10:59:12 PM,KXWTAMATCH-26APR18PODCIR-CIR,83,4,82,216,81,839,80,2701,78,5000,84,5417,85,10046,86,8013,87,5000,90,322,83.5
2026-04-17 10:59:13 PM,KXWTAMATCH-26APR18PODCIR-CIR,83,4,82,216,81,839,80,2701,78,5000,84,5417,85,10046,86,8013,90,322,91,100,83.5
2026-04-17 10:59:13 PM,KXWTAMATCH-26APR18PODCIR-CIR,83,4,82,216,81,839,80,2701,79,97,84,5417,85,10046,86,8013,90,322,91,100,83.5
2026-04-17 10:59:13 PM,KXWTAMATCH-26APR18PODCIR-CIR,83,4,82,216,81,839,80,2701,79,97,84,6195,85,10046,86,8013,90,322,91,100,83.5
2026-04-17 10:59:13 PM,KXWTAMATCH-26APR18PODCIR-CIR,83,4,82,216,81,839,80,2695,79,97,84,6195,85,10046,86,8013,90,322,91,100,83.5
2026-04-17 10:59:13 PM,KXWTAMATCH-26APR18PODCIR-CIR,83,4,82,216,81,839,80,2613,79,97,84,6195,85,10046,86,8013,90,322,91,100,83.5
2026-04-17 10:59:13 PM,KXWTAMATCH-26APR18PODCIR-CIR,83,4,82,216,81,839,80,2613,79,97,84,6195,85,9875,86,8013,90,322,91,100,83.5
2026-04-17 10:59:27 PM,KXWTAMATCH-26APR18PODCIR-CIR,83,4,82,216,81,839,80,2613,79,97,84,6172,85,9875,86,8013,90,322,91,100,83.5
2026-04-17 10:59:27 PM,KXWTAMATCH-26APR18PODCIR-CIR,83,4,82,216,81,589,80,2613,79,97,84,6172,85,9875,86,8013,90,322,91,100,83.5
2026-04-17 10:59:27 PM,KXWTAMATCH-26APR18PODCIR-CIR,83,4,82,466,81,589,80,2613,79,97,84,6172,85,9875,86,8013,90,322,91,100,83.5
2026-04-17 10:59:27 PM,KXWTAMATCH-26APR18PODCIR-CIR,83,4,82,466,81,589,80,2613,79,97,84,5922,85,9875,86,8013,90,322,91,100,83.5
2026-04-17 10:59:27 PM,KXWTAMATCH-26APR18PODCIR-CIR,83,4,82,466,81,589,80,2613,79,97,84,5922,85,10125,86,8013,90,322,91,100,83.5
2026-04-17 10:59:27 PM,KXWTAMATCH-26APR18PODCIR-CIR,83,4,82,477,81,589,80,2613,79,97,84,5922,85,10125,86,8013,90,322,91,100,83.5
2026-04-17 10:59:27 PM,KXWTAMATCH-26APR18PODCIR-CIR,83,4,82,477,81,600,80,2613,79,97,84,5922,85,10125,86,8013,90,322,91,100,83.5
2026-04-17 10:59:50 PM,KXWTAMATCH-26APR18PODCIR-CIR,83,4,82,477,81,600,80,2613,79,97,84,7077,85,10125,86,8013,90,322,91,100,83.5
2026-04-17 10:59:52 PM,KXWTAMATCH-26APR18PODCIR-CIR,83,4,82,477,81,600,80,2613,79,97,84,7077,85,10125,86,7078,90,322,91,100,83.5
2026-04-17 10:59:52 PM,KXWTAMATCH-26APR18PODCIR-CIR,83,4,82,477,81,600,80,2613,79,97,84,7077,85,10125,86,9088,90,322,91,100,83.5
2026-04-17 11:00:10 PM,KXWTAMATCH-26APR18PODCIR-CIR,83,4,82,477,81,600,80,2613,79,97,84,7077,85,10125,86,7078,90,322,91,100,83.5
2026-04-17 11:00:10 PM,KXWTAMATCH-26APR18PODCIR-CIR,83,4,82,477,81,600,80,2613,79,97,84,7077,85,10125,86,8012,90,322,91,100,83.5
2026-04-17 11:00:16 PM,KXWTAMATCH-26APR18PODCIR-CIR,83,4,82,364,81,600,80,2613,79,97,84,7077,85,10125,86,8012,90,322,91,100,83.5
2026-04-17 11:00:27 PM,KXWTAMATCH-26APR18PODCIR-CIR,83,4,82,364,81,600,80,2613,79,97,84,7077,85,10125,86,7078,90,322,91,100,83.5
2026-04-17 11:00:27 PM,KXWTAMATCH-26APR18PODCIR-CIR,83,4,82,364,81,600,80,2613,79,97,84,7077,85,10125,86,9100,90,322,91,100,83.5
2026-04-17 11:00:29 PM,KXWTAMATCH-26APR18PODCIR-CIR,83,4,82,364,81,600,80,2783,79,97,84,7077,85,10125,86,9100,90,322,91,100,83.5
2026-04-17 11:00:29 PM,KXWTAMATCH-26APR18PODCIR-CIR,83,4,82,364,81,429,80,2783,79,97,84,7077,85,10125,86,9100,90,322,91,100,83.5
2026-04-17 11:00:40 PM,KXWTAMATCH-26APR18PODCIR-CIR,83,4,82,364,81,599,80,2783,79,97,84,7077,85,10125,86,9100,90,322,91,100,83.5
2026-04-17 11:00:40 PM,KXWTAMATCH-26APR18PODCIR-CIR,83,4,82,364,81,599,80,2613,79,97,84,7077,85,10125,86,9100,90,322,91,100,83.5
2026-04-17 11:00:45 PM,KXWTAMATCH-26APR18PODCIR-CIR,83,4,82,364,81,599,80,2613,79,97,84,7077,85,10125,86,7078,90,322,91,100,83.5
2026-04-17 11:00:45 PM,KXWTAMATCH-26APR18PODCIR-CIR,83,4,82,364,81,599,80,2613,79,97,84,7077,85,10125,86,7982,90,322,91,100,83.5
2026-04-17 11:00:53 PM,KXWTAMATCH-26APR18PODCIR-CIR,83,4,82,364,81,599,80,2783,79,97,84,7077,85,10125,86,7982,90,322,91,100,83.5
2026-04-17 11:00:53 PM,KXWTAMATCH-26APR18PODCIR-CIR,83,4,82,364,81,429,80,2783,79,97,84,7077,85,10125,86,7982,90,322,91,100,83.5
2026-04-17 11:01:03 PM,KXWTAMATCH-26APR18PODCIR-CIR,83,4,82,364,81,599,80,2783,79,97,84,7077,85,10125,86,7982,90,322,91,100,83.5
2026-04-17 11:01:03 PM,KXWTAMATCH-26APR18PODCIR-CIR,83,4,82,364,81,599,80,2783,79,1135,84,7077,85,10125,86,7982,90,322,91,100,83.5
2026-04-17 11:01:03 PM,KXWTAMATCH-26APR18PODCIR-CIR,83,4,82,291,81,599,80,2783,79,1135,84,7077,85,10125,86,7982,90,322,91,100,83.5
2026-04-17 11:01:03 PM,KXWTAMATCH-26APR18PODCIR-CIR,83,4,82,291,81,599,80,7783,79,1135,84,7077,85,10125,86,7982,90,322,91,100,83.5
2026-04-17 11:01:03 PM,KXWTAMATCH-26APR18PODCIR-CIR,83,4,82,291,81,599,80,7783,79,6135,84,7077,85,10125,86,7982,90,322,91,100,83.5
2026-04-17 11:01:03 PM,KXWTAMATCH-26APR18PODCIR-CIR,83,4,82,291,81,599,80,7613,79,6135,84,7077,85,10125,86,7982,90,322,91,100,83.5
2026-04-17 11:01:03 PM,KXWTAMATCH-26APR18PODCIR-CIR,83,4,82,41,81,599,80,7613,79,6135,84,7077,85,10125,86,7982,90,322,91,100,83.5
2026-04-17 11:01:03 PM,KXWTAMATCH-26APR18PODCIR-CIR,83,4,82,41,81,849,80,7613,79,6135,84,7077,85,10125,86,7982,90,322,91,100,83.5
2026-04-17 11:01:04 PM,KXWTAMATCH-26APR18PODCIR-CIR,83,4,82,41,81,849,80,7613,79,6135,84,7077,85,9875,86,7982,90,322,91,100,83.5
2026-04-17 11:01:04 PM,KXWTAMATCH-26APR18PODCIR-CIR,83,4,82,41,81,849,80,7613,79,6135,84,7327,85,9875,86,7982,90,322,91,100,83.5
2026-04-17 11:01:13 PM,KXWTAMATCH-26APR18PODCIR-CIR,83,4,82,41,81,849,80,7783,79,6135,84,7327,85,9875,86,7982,90,322,91,100,83.5
2026-04-17 11:01:13 PM,KXWTAMATCH-26APR18PODCIR-CIR,83,4,82,41,81,679,80,7783,79,6135,84,7327,85,9875,86,7982,90,322,91,100,83.5
2026-04-17 11:01:19 PM,KXWTAMATCH-26APR18PODCIR-CIR,83,4,82,41,81,679,80,7783,79,6135,84,7330,85,9875,86,7982,90,322,91,100,83.5
2026-04-17 11:01:19 PM,KXWTAMATCH-26APR18PODCIR-CIR,83,4,82,40,81,679,80,7783,79,6135,84,7330,85,9875,86,7982,90,322,91,100,83.5
2026-04-17 11:01:19 PM,KXWTAMATCH-26APR18PODCIR-CIR,83,4,82,40,81,678,80,7783,79,6135,84,7330,85,9875,86,7982,90,322,91,100,83.5
2026-04-17 11:01:31 PM,KXWTAMATCH-26APR18PODCIR-CIR,83,4,82,40,81,848,80,7783,79,6135,84,7330,85,9875,86,7982,90,322,91,100,83.5
2026-04-17 11:01:31 PM,KXWTAMATCH-26APR18PODCIR-CIR,83,4,82,926,81,848,80,7783,79,6135,84,7330,85,9875,86,7982,90,322,91,100,83.5
2026-04-17 11:01:31 PM,KXWTAMATCH-26APR18PODCIR-CIR,83,4,82,926,81,848,80,7613,79,6135,84,7330,85,9875,86,7982,90,322,91,100,83.5
2026-04-17 11:01:31 PM,KXWTAMATCH-26APR18PODCIR-CIR,83,4,82,926,81,598,80,7613,79,6135,84,7330,85,9875,86,7982,90,322,91,100,83.5
2026-04-17 11:01:31 PM,KXWTAMATCH-26APR18PODCIR-CIR,83,4,82,1176,81,598,80,7613,79,6135,84,7330,85,9875,86,7982,90,322,91,100,83.5
2026-04-17 11:01:31 PM,KXWTAMATCH-26APR18PODCIR-CIR,83,4,82,1176,81,598,80,7613,79,6135,84,7080,85,9875,86,7982,90,322,91,100,83.5
2026-04-17 11:01:31 PM,KXWTAMATCH-26APR18PODCIR-CIR,83,4,82,1176,81,598,80,7613,79,6135,84,7080,85,10125,86,7982,90,322,91,100,83.5
2026-04-17 11:01:55 PM,KXWTAMATCH-26APR18PODCIR-CIR,83,4,82,1176,81,598,80,7613,79,6135,84,7080,85,10125,86,7078,90,322,91,100,83.5
2026-04-17 11:01:55 PM,KXWTAMATCH-26APR18PODCIR-CIR,83,4,82,1176,81,598,80,7613,79,6135,84,7080,85,12156,86,7078,90,322,91,100,83.5
2026-04-17 11:02:04 PM,KXWTAMATCH-26APR18PODCIR-CIR,83,4,82,1176,81,598,80,7613,79,6135,84,7080,85,10125,86,7078,90,322,91,100,83.5
2026-04-17 11:02:04 PM,KXWTAMATCH-26APR18PODCIR-CIR,83,4,82,1176,81,598,80,7613,79,6135,84,7080,85,11001,86,7078,90,322,91,100,83.5
2026-04-17 11:03:11 PM,KXWTAMATCH-26APR18PODCIR-CIR,83,4,82,1176,81,598,80,7613,79,6135,84,7351,85,11001,86,7078,90,322,91,100,83.5
2026-04-17 11:03:12 PM,KXWTAMATCH-26APR18PODCIR-CIR,83,4,82,1176,81,598,80,7613,79,6038,84,7351,85,11001,86,7078,90,322,91,100,83.5
2026-04-17 11:03:12 PM,KXWTAMATCH-26APR18PODCIR-CIR,83,4,82,1176,81,598,80,7613,79,6096,84,7351,85,11001,86,7078,90,322,91,100,83.5
2026-04-17 11:03:12 PM,KXWTAMATCH-26APR18PODCIR-CIR,83,4,82,1176,81,363,80,7613,79,6096,84,7351,85,11001,86,7078,90,322,91,100,83.5
2026-04-17 11:03:12 PM,KXWTAMATCH-26APR18PODCIR-CIR,83,4,82,1176,81,363,80,7613,79,6096,84,7351,85,10125,86,7078,90,322,91,100,83.5
2026-04-17 11:03:12 PM,KXWTAMATCH-26APR18PODCIR-CIR,83,4,82,1176,81,363,80,7613,79,6096,84,7351,85,12158,86,7078,90,322,91,100,83.5
2026-04-17 11:03:32 PM,KXWTAMATCH-26APR18PODCIR-CIR,83,4,82,1176,81,363,80,7613,79,6096,84,7371,85,12158,86,7078,90,322,91,100,83.5
2026-04-17 11:03:34 PM,KXWTAMATCH-26APR18PODCIR-CIR,83,4,82,1166,81,363,80,7613,79,6096,84,7371,85,12158,86,7078,90,322,91,100,83.5
2026-04-17 11:03:34 PM,KXWTAMATCH-26APR18PODCIR-CIR,83,4,82,1166,81,353,80,7613,79,6096,84,7371,85,12158,86,7078,90,322,91,100,83.5
2026-04-17 11:03:48 PM,KXWTAMATCH-26APR18PODCIR-CIR,83,4,82,1166,81,353,80,7613,79,6038,84,7371,85,12158,86,7078,90,322,91,100,83.5
2026-04-17 11:03:48 PM,KXWTAMATCH-26APR18PODCIR-CIR,83,4,82,1166,81,353,80,7613,79,6096,84,7371,85,12158,86,7078,90,322,91,100,83.5
2026-04-17 11:03:51 PM,KXWTAMATCH-26APR18PODCIR-CIR,83,4,82,1166,81,353,80,7613,79,6096,84,7371,85,12158,86,7079,90,322,91,100,83.5
2026-04-17 11:03:52 PM,KXWTAMATCH-26APR18PODCIR-CIR,83,4,82,1166,81,353,80,7613,79,6096,84,7371,85,12158,86,7078,90,322,91,100,83.5
2026-04-17 11:04:02 PM,KXWTAMATCH-26APR18PODCIR-CIR,83,4,82,1166,81,353,80,7613,79,6123,84,7371,85,12158,86,7078,90,322,91,100,83.5
2026-04-17 11:04:02 PM,KXWTAMATCH-26APR18PODCIR-CIR,83,4,82,1166,81,353,80,7613,79,6096,84,7371,85,12158,86,7078,90,322,91,100,83.5
2026-04-17 11:09:52 PM,KXWTAMATCH-26APR18PODCIR-CIR,83,4,82,1166,81,353,80,7613,79,6096,84,7371,85,12158,86,7079,90,322,91,100,83.5
2026-04-17 11:09:53 PM,KXWTAMATCH-26APR18PODCIR-CIR,83,4,82,1166,81,353,80,7613,79,6096,84,7371,85,12158,86,7078,90,322,91,100,83.5
2026-04-17 11:14:06 PM,KXWTAMATCH-26APR18PODCIR-CIR,83,4,82,1166,81,353,80,7613,79,6096,84,7366,85,12158,86,7078,90,322,91,100,83.5
2026-04-17 11:14:06 PM,KXWTAMATCH-26APR18PODCIR-CIR,83,4,82,1168,81,353,80,7613,79,6096,84,7366,85,12158,86,7078,90,322,91,100,83.5
2026-04-17 11:14:06 PM,KXWTAMATCH-26APR18PODCIR-CIR,83,4,82,1168,81,355,80,7613,79,6096,84,7366,85,12158,86,7078,90,322,91,100,83.5
2026-04-17 11:15:53 PM,KXWTAMATCH-26APR18PODCIR-CIR,83,4,82,1168,81,355,80,7613,79,6096,84,7366,85,12158,86,7079,90,322,91,100,83.5
2026-04-17 11:15:54 PM,KXWTAMATCH-26APR18PODCIR-CIR,83,4,82,1168,81,355,80,7613,79,6096,84,7366,85,12158,86,7078,90,322,91,100,83.5
2026-04-17 11:18:16 PM,KXWTAMATCH-26APR18PODCIR-CIR,83,4,82,1168,81,355,80,7613,79,6096,84,7366,85,12158,86,7078,87,3000,90,322,83.5
2026-04-17 11:18:17 PM,KXWTAMATCH-26APR18PODCIR-CIR,83,4,82,1168,81,355,80,7613,79,6096,84,7366,85,12158,86,7078,87,3001,90,322,83.5
2026-04-17 11:18:19 PM,KXWTAMATCH-26APR18PODCIR-CIR,83,4,82,1168,81,355,80,7613,79,6096,84,7366,85,12158,86,7078,87,3000,90,322,83.5
2026-04-17 11:20:22 PM,KXWTAMATCH-26APR18PODCIR-CIR,83,4,82,1168,81,355,80,7613,79,6096,84,7366,85,12158,86,7078,90,322,91,100,83.5
2026-04-17 11:20:40 PM,KXWTAMATCH-26APR18PODCIR-CIR,83,4,82,1168,81,355,80,7613,79,6096,84,7366,85,12158,86,7078,87,3000,90,322,83.5
2026-04-17 11:21:20 PM,KXWTAMATCH-26APR18PODCIR-CIR,83,4,82,1168,81,355,80,7781,79,6096,84,7366,85,12158,86,7078,87,3000,90,322,83.5
2026-04-17 11:21:20 PM,KXWTAMATCH-26APR18PODCIR-CIR,83,4,82,1168,81,185,80,7781,79,6096,84,7366,85,12158,86,7078,87,3000,90,322,83.5
2026-04-17 11:21:49 PM,KXWTAMATCH-26APR18PODCIR-CIR,83,4,82,1168,81,353,80,7781,79,6096,84,7366,85,12158,86,7078,87,3000,90,322,83.5
2026-04-17 11:21:49 PM,KXWTAMATCH-26APR18PODCIR-CIR,83,4,82,282,81,353,80,7781,79,6096,84,7366,85,12158,86,7078,87,3000,90,322,83.5
2026-04-17 11:21:49 PM,KXWTAMATCH-26APR18PODCIR-CIR,83,4,82,282,81,1177,80,7781,79,6096,84,7366,85,12158,86,7078,87,3000,90,322,83.5
2026-04-17 11:21:49 PM,KXWTAMATCH-26APR18PODCIR-CIR,83,4,82,282,81,1177,80,7613,79,6096,84,7366,85,12158,86,7078,87,3000,90,322,83.5
2026-04-17 11:21:49 PM,KXWTAMATCH-26APR18PODCIR-CIR,83,4,82,32,81,1177,80,7613,79,6096,84,7366,85,12158,86,7078,87,3000,90,322,83.5
2026-04-17 11:21:49 PM,KXWTAMATCH-26APR18PODCIR-CIR,83,4,82,32,81,1427,80,7613,79,6096,84,7366,85,12158,86,7078,87,3000,90,322,83.5
2026-04-17 11:21:49 PM,KXWTAMATCH-26APR18PODCIR-CIR,83,4,82,32,81,1427,80,7613,79,6096,84,7366,85,11908,86,7078,87,3000,90,322,83.5
2026-04-17 11:21:49 PM,KXWTAMATCH-26APR18PODCIR-CIR,83,4,82,32,81,1427,80,7613,79,6096,84,7616,85,11908,86,7078,87,3000,90,322,83.5
2026-04-17 11:21:56 PM,KXWTAMATCH-26APR18PODCIR-CIR,83,4,82,32,81,1427,80,7613,79,6096,84,7616,85,11908,86,7079,87,3000,90,322,83.5
2026-04-17 11:21:56 PM,KXWTAMATCH-26APR18PODCIR-CIR,83,4,82,32,81,1427,80,7613,79,6096,84,7616,85,11908,86,7078,87,3000,90,322,83.5
2026-04-17 11:23:43 PM,KXWTAMATCH-26APR18PODCIR-CIR,83,4,82,32,81,1259,80,7613,79,6096,84,7616,85,11908,86,7078,87,3000,90,322,83.5
2026-04-17 11:23:43 PM,KXWTAMATCH-26APR18PODCIR-CIR,83,4,82,32,81,435,80,7613,79,6096,84,7616,85,11908,86,7078,87,3000,90,322,83.5
2026-04-17 11:23:43 PM,KXWTAMATCH-26APR18PODCIR-CIR,83,4,82,32,81,435,80,7781,79,6096,84,7616,85,11908,86,7078,87,3000,90,322,83.5
2026-04-17 11:23:51 PM,KXWTAMATCH-26APR18PODCIR-CIR,83,4,82,32,81,435,80,7781,79,6096,84,7615,85,11908,86,7078,87,3000,90,322,83.5
2026-04-17 11:25:34 PM,KXWTAMATCH-26APR18PODCIR-CIR,83,4,82,32,81,435,80,7613,79,6096,84,7615,85,11908,86,7078,87,3000,90,322,83.5
2026-04-17 11:26:12 PM,KXWTAMATCH-26APR18PODCIR-CIR,83,4,82,32,81,435,80,7613,79,6096,84,7615,85,11908,86,7078,90,322,91,100,83.5
2026-04-17 11:26:12 PM,KXWTAMATCH-26APR18PODCIR-CIR,83,4,82,32,81,435,80,7613,79,6096,84,7615,85,11908,86,10078,90,322,91,100,83.5
2026-04-17 11:27:56 PM,KXWTAMATCH-26APR18PODCIR-CIR,83,4,82,32,81,435,80,7613,79,6096,84,7615,85,11908,86,10079,90,322,91,100,83.5
2026-04-17 11:27:56 PM,KXWTAMATCH-26APR18PODCIR-CIR,83,4,82,32,81,435,80,7613,79,6096,84,7615,85,11908,86,10078,90,322,91,100,83.5
2026-04-17 11:28:38 PM,KXWTAMATCH-26APR18PODCIR-CIR,83,4,82,32,81,435,80,7781,79,6096,84,7615,85,11908,86,10078,90,322,91,100,83.5
2026-04-17 11:28:39 PM,KXWTAMATCH-26APR18PODCIR-CIR,83,4,82,32,81,435,80,7781,79,6096,84,7620,85,11908,86,10078,90,322,91,100,83.5
2026-04-17 11:28:41 PM,KXWTAMATCH-26APR18PODCIR-CIR,83,4,82,30,81,435,80,7781,79,6096,84,7620,85,11908,86,10078,90,322,91,100,83.5
2026-04-17 11:28:41 PM,KXWTAMATCH-26APR18PODCIR-CIR,83,4,82,30,81,433,80,7781,79,6096,84,7620,85,11908,86,10078,90,322,91,100,83.5
2026-04-17 11:28:41 PM,KXWTAMATCH-26APR18PODCIR-CIR,83,4,82,30,81,433,80,7781,79,6096,84,7621,85,11908,86,10078,90,322,91,100,83.5
2026-04-17 11:28:53 PM,KXWTAMATCH-26APR18PODCIR-CIR,83,4,82,30,81,433,80,7781,79,6096,84,7787,85,11908,86,10078,90,322,91,100,83.5
2026-04-17 11:28:53 PM,KXWTAMATCH-26APR18PODCIR-CIR,83,4,82,30,81,433,80,7613,79,6096,84,7787,85,11908,86,10078,90,322,91,100,83.5
2026-04-17 11:28:54 PM,KXWTAMATCH-26APR18PODCIR-CIR,83,4,82,30,81,433,80,7613,79,6734,84,7787,85,11908,86,10078,90,322,91,100,83.5
2026-04-17 11:28:54 PM,KXWTAMATCH-26APR18PODCIR-CIR,83,4,82,30,81,601,80,7613,79,6734,84,7787,85,11908,86,10078,90,322,91,100,83.5
2026-04-17 11:29:04 PM,KXWTAMATCH-26APR18PODCIR-CIR,83,4,82,30,81,601,80,7781,79,6734,84,7787,85,11908,86,10078,90,322,91,100,83.5
2026-04-17 11:29:04 PM,KXWTAMATCH-26APR18PODCIR-CIR,83,4,82,30,81,450,80,7781,79,6734,84,7787,85,11908,86,10078,90,322,91,100,83.5
2026-04-17 11:29:04 PM,KXWTAMATCH-26APR18PODCIR-CIR,83,4,82,30,81,282,80,7781,79,6734,84,7787,85,11908,86,10078,90,322,91,100,83.5
2026-04-17 11:29:17 PM,KXWTAMATCH-26APR18PODCIR-CIR,83,4,82,30,81,282,80,7781,79,6734,84,8144,85,11908,86,10078,90,322,91,100,83.5
2026-04-17 11:31:05 PM,KXWTAMATCH-26APR18PODCIR-CIR,83,10,82,30,81,282,80,7781,79,6734,84,8144,85,11908,86,10078,90,322,91,100,83.5
2026-04-17 11:31:05 PM,KXWTAMATCH-26APR18PODCIR-CIR,83,10,82,36,81,282,80,7781,79,6734,84,8144,85,11908,86,10078,90,322,91,100,83.5
2026-04-17 11:31:05 PM,KXWTAMATCH-26APR18PODCIR-CIR,83,10,82,36,81,288,80,7781,79,6734,84,8144,85,11908,86,10078,90,322,91,100,83.5
2026-04-17 11:31:05 PM,KXWTAMATCH-26APR18PODCIR-CIR,83,10,82,36,81,288,80,7787,79,6734,84,8144,85,11908,86,10078,90,322,91,100,83.5
2026-04-17 11:31:05 PM,KXWTAMATCH-26APR18PODCIR-CIR,83,10,82,36,81,288,80,7787,79,6740,84,8144,85,11908,86,10078,90,322,91,100,83.5
2026-04-17 11:31:06 PM,KXWTAMATCH-26APR18PODCIR-CIR,83,10,82,36,81,1234,80,7787,79,6740,84,8144,85,11908,86,10078,90,322,91,100,83.5
2026-04-17 11:33:56 PM,KXWTAMATCH-26APR18PODCIR-CIR,83,10,82,36,81,1234,80,7787,79,6740,84,8143,85,11908,86,10078,90,322,91,100,83.5
2026-04-17 11:33:56 PM,KXWTAMATCH-26APR18PODCIR-CIR,83,10,82,36,81,1234,80,7787,79,6740,84,8143,85,11908,86,10079,90,322,91,100,83.5
2026-04-17 11:33:57 PM,KXWTAMATCH-26APR18PODCIR-CIR,83,10,82,36,81,1234,80,7787,79,6740,84,8143,85,11908,86,10078,90,322,91,100,83.5
2026-04-17 11:39:58 PM,KXWTAMATCH-26APR18PODCIR-CIR,83,10,82,36,81,1234,80,7787,79,6740,84,8143,85,11908,86,10079,90,322,91,100,83.5
2026-04-17 11:39:59 PM,KXWTAMATCH-26APR18PODCIR-CIR,83,10,82,36,81,1234,80,7787,79,6740,84,8143,85,11908,86,10078,90,322,91,100,83.5
2026-04-17 11:43:30 PM,KXWTAMATCH-26APR18PODCIR-CIR,83,10,82,36,81,1234,80,7787,79,6740,84,13143,85,11908,86,10078,90,322,91,100,83.5
2026-04-17 11:43:30 PM,KXWTAMATCH-26APR18PODCIR-CIR,83,10,82,36,81,1234,80,7787,79,6740,84,13143,85,11908,86,5078,90,322,91,100,83.5
2026-04-17 11:46:00 PM,KXWTAMATCH-26APR18PODCIR-CIR,83,10,82,36,81,1234,80,7787,79,6740,84,13143,85,11908,86,5079,90,322,91,100,83.5
2026-04-17 11:46:00 PM,KXWTAMATCH-26APR18PODCIR-CIR,83,10,82,36,81,1234,80,7787,79,6740,84,13143,85,11908,86,5078,90,322,91,100,83.5
2026-04-17 11:48:02 PM,KXWTAMATCH-26APR18PODCIR-CIR,83,10,82,36,81,1234,80,7787,79,6740,84,13143,85,11908,86,5079,90,322,91,100,83.5
2026-04-17 11:48:02 PM,KXWTAMATCH-26APR18PODCIR-CIR,83,10,82,36,81,1234,80,7787,79,6740,84,13143,85,11908,86,5078,90,322,91,100,83.5
2026-04-17 11:54:02 PM,KXWTAMATCH-26APR18PODCIR-CIR,83,10,82,36,81,1234,80,7787,79,6740,84,13143,85,11908,86,5079,90,322,91,100,83.5
2026-04-17 11:54:02 PM,KXWTAMATCH-26APR18PODCIR-CIR,83,10,82,36,81,1234,80,7787,79,6740,84,13143,85,11908,86,5078,90,322,91,100,83.5
2026-04-17 11:56:07 PM,KXWTAMATCH-26APR18PODCIR-CIR,83,10,82,36,81,1234,80,7787,79,6740,84,13142,85,11908,86,5078,90,322,91,100,83.5
2026-04-17 11:56:07 PM,KXWTAMATCH-26APR18PODCIR-CIR,83,10,82,36,81,1234,80,7787,79,6740,84,13137,85,11908,86,5078,90,322,91,100,83.5
2026-04-17 11:56:07 PM,KXWTAMATCH-26APR18PODCIR-CIR,83,10,82,36,81,1234,80,7787,79,6740,84,13117,85,11908,86,5078,90,322,91,100,83.5
2026-04-17 11:56:07 PM,KXWTAMATCH-26APR18PODCIR-CIR,83,10,82,36,81,1234,80,7787,79,6740,84,13114,85,11908,86,5078,90,322,91,100,83.5
2026-04-17 11:56:07 PM,KXWTAMATCH-26APR18PODCIR-CIR,83,10,82,36,81,1248,80,7787,79,6740,84,13114,85,11908,86,5078,90,322,91,100,83.5
2026-04-17 11:56:07 PM,KXWTAMATCH-26APR18PODCIR-CIR,83,10,82,36,81,1248,80,7801,79,6740,84,13114,85,11908,86,5078,90,322,91,100,83.5
2026-04-17 11:57:15 PM,KXWTAMATCH-26APR18PODCIR-CIR,83,10,82,36,81,1248,80,7801,79,6740,84,12944,85,11908,86,5078,90,322,91,100,83.5
2026-04-17 11:57:30 PM,KXWTAMATCH-26APR18PODCIR-CIR,83,10,82,36,81,1248,80,7801,79,6740,84,13112,85,11908,86,5078,90,322,91,100,83.5
2026-04-18 12:00:02 AM,KXWTAMATCH-26APR18PODCIR-CIR,83,10,82,36,81,1248,80,7801,79,6740,84,13112,85,11908,86,5079,90,322,91,100,83.5
2026-04-18 12:00:03 AM,KXWTAMATCH-26APR18PODCIR-CIR,83,10,82,36,81,1248,80,7801,79,6740,84,13112,85,11908,86,5078,90,322,91,100,83.5
2026-04-18 12:00:19 AM,KXWTAMATCH-26APR18PODCIR-CIR,83,10,82,36,81,1416,80,7801,79,6740,84,13112,85,11908,86,5078,90,322,91,100,83.5
2026-04-18 12:00:19 AM,KXWTAMATCH-26APR18PODCIR-CIR,83,10,82,36,81,1416,80,7633,79,6740,84,13112,85,11908,86,5078,90,322,91,100,83.5
2026-04-18 12:00:19 AM,KXWTAMATCH-26APR18PODCIR-CIR,83,10,82,36,81,1416,80,7633,79,6740,84,13112,85,9875,86,5078,90,322,91,100,83.5
2026-04-18 12:00:19 AM,KXWTAMATCH-26APR18PODCIR-CIR,83,10,82,36,81,1416,80,7633,79,6740,84,13112,85,10748,86,5078,90,322,91,100,83.5
2026-04-18 12:00:20 AM,KXWTAMATCH-26APR18PODCIR-CIR,83,10,82,36,81,1416,80,7633,79,6740,84,13112,85,10749,86,5078,90,322,91,100,83.5
2026-04-18 12:00:20 AM,KXWTAMATCH-26APR18PODCIR-CIR,83,10,82,36,81,1416,80,7633,79,6740,84,13112,85,10748,86,5078,90,322,91,100,83.5
2026-04-18 12:00:24 AM,KXWTAMATCH-26APR18PODCIR-CIR,83,10,82,36,81,1248,80,7633,79,6740,84,13112,85,10748,86,5078,90,322,91,100,83.5
2026-04-18 12:00:27 AM,KXWTAMATCH-26APR18PODCIR-CIR,83,10,82,36,81,1248,80,7801,79,6740,84,13112,85,10748,86,5078,90,322,91,100,83.5
2026-04-18 12:01:13 AM,KXWTAMATCH-26APR18PODCIR-CIR,83,10,82,36,81,1248,80,7801,79,6740,84,13112,85,10748,86,2078,90,322,91,100,83.5
2026-04-18 12:01:13 AM,KXWTAMATCH-26APR18PODCIR-CIR,83,10,82,36,81,1248,80,7801,79,6740,84,13112,85,12748,86,2078,90,322,91,100,83.5
2026-04-18 12:05:24 AM,KXWTAMATCH-26APR18PODCIR-CIR,83,10,82,36,81,1248,80,7801,79,6740,84,13112,85,10748,86,2078,90,322,91,100,83.5
2026-04-18 12:06:03 AM,KXWTAMATCH-26APR18PODCIR-CIR,83,10,82,36,81,1248,80,7801,79,6740,84,13112,85,10748,86,2079,90,322,91,100,83.5
2026-04-18 12:06:04 AM,KXWTAMATCH-26APR18PODCIR-CIR,83,10,82,36,81,1248,80,7801,79,6740,84,13112,85,10748,86,2078,90,322,91,100,83.5
2026-04-18 12:06:13 AM,KXWTAMATCH-26APR18PODCIR-CIR,83,10,82,26,81,1248,80,7801,79,6740,84,13112,85,10748,86,2078,90,322,91,100,83.5
2026-04-18 12:06:13 AM,KXWTAMATCH-26APR18PODCIR-CIR,83,10,82,20,81,1248,80,7801,79,6740,84,13112,85,10748,86,2078,90,322,91,100,83.5
2026-04-18 12:06:13 AM,KXWTAMATCH-26APR18PODCIR-CIR,83,10,82,10,81,1248,80,7801,79,6740,84,13112,85,10748,86,2078,90,322,91,100,83.5
2026-04-18 12:06:13 AM,KXWTAMATCH-26APR18PODCIR-CIR,83,10,82,10,81,1248,80,7801,79,6740,84,13089,85,10748,86,2078,90,322,91,100,83.5
2026-04-18 12:06:13 AM,KXWTAMATCH-26APR18PODCIR-CIR,83,10,82,10,81,1248,80,7829,79,6740,84,13089,85,10748,86,2078,90,322,91,100,83.5
2026-04-18 12:06:13 AM,KXWTAMATCH-26APR18PODCIR-CIR,83,10,82,10,81,1248,80,7829,79,6740,84,13089,85,10748,86,2105,90,322,91,100,83.5
2026-04-18 12:06:13 AM,KXWTAMATCH-26APR18PODCIR-CIR,83,10,82,10,81,302,80,7829,79,6740,84,13089,85,10748,86,2105,90,322,91,100,83.5
2026-04-18 12:06:21 AM,KXWTAMATCH-26APR18PODCIR-CIR,83,10,82,10,81,302,80,7829,79,6740,84,13089,85,10749,86,2105,90,322,91,100,83.5
2026-04-18 12:06:21 AM,KXWTAMATCH-26APR18PODCIR-CIR,83,10,82,10,81,302,80,7829,79,6740,84,13089,85,10748,86,2105,90,322,91,100,83.5
2026-04-18 12:07:01 AM,KXWTAMATCH-26APR18PODCIR-CIR,83,10,82,10,81,302,80,7829,79,6740,84,15016,85,10748,86,2105,90,322,91,100,83.5
2026-04-18 12:07:10 AM,KXWTAMATCH-26APR18PODCIR-CIR,83,10,82,10,81,302,80,7829,79,6740,84,17066,85,10748,86,2105,90,322,91,100,83.5
2026-04-18 12:07:11 AM,KXWTAMATCH-26APR18PODCIR-CIR,83,10,82,10,81,302,80,7661,79,6740,84,17066,85,10748,86,2105,90,322,91,100,83.5
2026-04-18 12:10:18 AM,KXWTAMATCH-26APR18PODCIR-CIR,83,10,82,10,81,302,80,7661,79,6740,84,17065,85,10748,86,2105,90,322,91,100,83.5
2026-04-18 12:11:48 AM,KXWTAMATCH-26APR18PODCIR-CIR,83,10,82,10,81,302,80,7661,79,6740,84,17053,85,10748,86,2105,90,322,91,100,83.5
2026-04-18 12:11:49 AM,KXWTAMATCH-26APR18PODCIR-CIR,83,10,82,10,81,308,80,7661,79,6740,84,17053,85,10748,86,2105,90,322,91,100,83.5
2026-04-18 12:11:49 AM,KXWTAMATCH-26APR18PODCIR-CIR,83,10,82,10,81,308,80,7667,79,6740,84,17053,85,10748,86,2105,90,322,91,100,83.5
2026-04-18 12:12:04 AM,KXWTAMATCH-26APR18PODCIR-CIR,83,10,82,10,81,308,80,7667,79,6740,84,17053,85,10748,86,2106,90,322,91,100,83.5
2026-04-18 12:12:06 AM,KXWTAMATCH-26APR18PODCIR-CIR,83,10,82,10,81,308,80,7667,79,6740,84,17053,85,10748,86,2105,90,322,91,100,83.5
2026-04-18 12:15:59 AM,KXWTAMATCH-26APR18PODCIR-CIR,83,10,82,10,81,308,80,7639,79,6740,84,17053,85,10748,86,2105,90,322,91,100,83.5
2026-04-18 12:15:59 AM,KXWTAMATCH-26APR18PODCIR-CIR,83,10,82,10,81,308,80,7639,79,6740,84,17053,85,10748,86,2078,90,322,91,100,83.5
2026-04-18 12:15:59 AM,KXWTAMATCH-26APR18PODCIR-CIR,83,10,82,17,81,308,80,7639,79,6740,84,17053,85,10748,86,2078,90,322,91,100,83.5
2026-04-18 12:15:59 AM,KXWTAMATCH-26APR18PODCIR-CIR,83,10,82,17,81,308,80,7639,79,6740,84,17078,85,10748,86,2078,90,322,91,100,83.5
2026-04-18 12:16:00 AM,KXWTAMATCH-26APR18PODCIR-CIR,83,10,82,35,81,308,80,7639,79,6740,84,17078,85,10748,86,2078,90,322,91,100,83.5
2026-04-18 12:16:01 AM,KXWTAMATCH-26APR18PODCIR-CIR,83,10,82,35,81,1180,80,7639,79,6740,84,17078,85,10748,86,2078,90,322,91,100,83.5
2026-04-18 12:18:08 AM,KXWTAMATCH-26APR18PODCIR-CIR,83,10,82,35,81,1180,80,7639,79,6740,84,17078,85,10748,86,2079,90,322,91,100,83.5
2026-04-18 12:18:08 AM,KXWTAMATCH-26APR18PODCIR-CIR,83,10,82,35,81,1180,80,7639,79,6740,84,17078,85,10748,86,2078,90,322,91,100,83.5
2026-04-18 12:24:10 AM,KXWTAMATCH-26APR18PODCIR-CIR,83,10,82,35,81,1180,80,7639,79,6740,84,17078,85,10748,86,2079,90,322,91,100,83.5
2026-04-18 12:24:12 AM,KXWTAMATCH-26APR18PODCIR-CIR,83,10,82,35,81,1180,80,7639,79,6740,84,17078,85,10748,86,2078,90,322,91,100,83.5
2026-04-18 12:25:38 AM,KXWTAMATCH-26APR18PODCIR-CIR,83,10,82,35,81,1180,80,7639,79,6740,84,15028,85,10748,86,2078,90,322,91,100,83.5
2026-04-18 12:25:38 AM,KXWTAMATCH-26APR18PODCIR-CIR,83,10,82,35,81,1180,80,7639,79,6740,84,13101,85,10748,86,2078,90,322,91,100,83.5
2026-04-18 12:25:38 AM,KXWTAMATCH-26APR18PODCIR-CIR,83,10,82,35,81,1180,80,7639,79,6740,84,12933,85,10748,86,2078,90,322,91,100,83.5
2026-04-18 12:25:39 AM,KXWTAMATCH-26APR18PODCIR-CIR,83,10,82,35,81,1180,80,7639,79,6740,84,17079,85,10748,86,2078,90,322,91,100,83.5
2026-04-18 12:26:59 AM,KXWTAMATCH-26APR18PODCIR-CIR,83,10,82,35,81,1180,80,7639,79,6740,84,17080,85,10748,86,2078,90,322,91,100,83.5
2026-04-18 12:27:00 AM,KXWTAMATCH-26APR18PODCIR-CIR,83,10,82,35,81,1180,80,7639,79,6740,84,17109,85,10748,86,2078,90,322,91,100,83.5
2026-04-18 12:27:01 AM,KXWTAMATCH-26APR18PODCIR-CIR,83,10,82,35,81,1175,80,7639,79,6740,84,17109,85,10748,86,2078,90,322,91,100,83.5
2026-04-18 12:27:02 AM,KXWTAMATCH-26APR18PODCIR-CIR,83,10,82,35,81,1167,80,7639,79,6740,84,17109,85,10748,86,2078,90,322,91,100,83.5
2026-04-18 12:27:02 AM,KXWTAMATCH-26APR18PODCIR-CIR,83,10,82,35,81,1167,80,7634,79,6740,84,17109,85,10748,86,2078,90,322,91,100,83.5
2026-04-18 12:27:02 AM,KXWTAMATCH-26APR18PODCIR-CIR,83,10,82,35,81,1167,80,7626,79,6740,84,17109,85,10748,86,2078,90,322,91,100,83.5
2026-04-18 12:27:03 AM,KXWTAMATCH-26APR18PODCIR-CIR,83,10,82,35,81,1167,80,7626,79,6740,84,17110,85,10748,86,2078,90,322,91,100,83.5
2026-04-18 12:27:03 AM,KXWTAMATCH-26APR18PODCIR-CIR,83,10,82,35,81,1167,80,7626,79,6740,84,17122,85,10748,86,2078,90,322,91,100,83.5
2026-04-18 12:27:03 AM,KXWTAMATCH-26APR18PODCIR-CIR,83,10,82,35,81,1162,80,7626,79,6740,84,17122,85,10748,86,2078,90,322,91,100,83.5
2026-04-18 12:27:04 AM,KXWTAMATCH-26APR18PODCIR-CIR,83,10,82,35,81,1162,80,7621,79,6740,84,17122,85,10748,86,2078,90,322,91,100,83.5
2026-04-18 12:27:46 AM,KXWTAMATCH-26APR18PODCIR-CIR,83,10,82,35,81,1136,80,7621,79,6740,84,17122,85,10748,86,2078,90,322,91,100,83.5
2026-04-18 12:27:46 AM,KXWTAMATCH-26APR18PODCIR-CIR,83,10,82,28,81,1136,80,7621,79,6740,84,17122,85,10748,86,2078,90,322,91,100,83.5
2026-04-18 12:27:46 AM,KXWTAMATCH-26APR18PODCIR-CIR,83,10,82,10,81,1136,80,7621,79,6740,84,17122,85,10748,86,2078,90,322,91,100,83.5
2026-04-18 12:27:46 AM,KXWTAMATCH-26APR18PODCIR-CIR,83,10,82,10,81,1136,80,7621,79,6740,84,17122,85,10723,86,2078,90,322,91,100,83.5
2026-04-18 12:27:46 AM,KXWTAMATCH-26APR18PODCIR-CIR,83,10,82,10,81,1136,80,7621,79,6740,84,17097,85,10723,86,2078,90,322,91,100,83.5
2026-04-18 12:27:46 AM,KXWTAMATCH-26APR18PODCIR-CIR,83,10,82,35,81,1136,80,7621,79,6740,84,17097,85,10723,86,2078,90,322,91,100,83.5
2026-04-18 12:27:46 AM,KXWTAMATCH-26APR18PODCIR-CIR,83,10,82,35,81,1146,80,7621,79,6740,84,17097,85,10723,86,2078,90,322,91,100,83.5
2026-04-18 12:27:46 AM,KXWTAMATCH-26APR18PODCIR-CIR,83,10,82,35,81,1146,80,7621,79,6740,84,17122,85,10723,86,2078,90,322,91,100,83.5
2026-04-18 12:27:46 AM,KXWTAMATCH-26APR18PODCIR-CIR,83,10,82,35,81,1146,80,7621,79,6740,84,17122,85,10749,86,2078,90,322,91,100,83.5
2026-04-18 12:27:46 AM,KXWTAMATCH-26APR18PODCIR-CIR,83,10,82,35,81,274,80,7621,79,6740,84,17122,85,10749,86,2078,90,322,91,100,83.5
2026-04-18 12:27:47 AM,KXWTAMATCH-26APR18PODCIR-CIR,83,10,82,35,81,292,80,7621,79,6740,84,17122,85,10749,86,2078,90,322,91,100,83.5
2026-04-18 12:28:20 AM,KXWTAMATCH-26APR18PODCIR-CIR,83,10,82,35,81,292,80,7621,79,6740,84,17121,85,10749,86,2078,90,322,91,100,83.5
2026-04-18 12:28:24 AM,KXWTAMATCH-26APR18PODCIR-CIR,83,10,82,35,81,292,80,7621,79,6740,84,15944,85,10749,86,2078,90,322,91,100,83.5
2026-04-18 12:28:25 AM,KXWTAMATCH-26APR18PODCIR-CIR,83,10,82,624,81,292,80,7621,79,6740,84,15944,85,10749,86,2078,90,322,91,100,83.5
2026-04-18 12:28:25 AM,KXWTAMATCH-26APR18PODCIR-CIR,83,10,82,624,81,880,80,7621,79,6740,84,15944,85,10749,86,2078,90,322,91,100,83.5
2026-04-18 12:28:25 AM,KXWTAMATCH-26APR18PODCIR-CIR,83,10,82,624,81,880,80,11767,79,6740,84,15944,85,10749,86,2078,90,322,91,100,83.5
2026-04-18 12:28:25 AM,KXWTAMATCH-26APR18PODCIR-CIR,83,10,82,624,81,630,80,11767,79,6740,84,15944,85,10749,86,2078,90,322,91,100,83.5
2026-04-18 12:28:25 AM,KXWTAMATCH-26APR18PODCIR-CIR,83,10,82,624,81,1458,80,11767,79,6740,84,15944,85,10749,86,2078,90,322,91,100,83.5
2026-04-18 12:28:25 AM,KXWTAMATCH-26APR18PODCIR-CIR,83,10,82,874,81,1458,80,11767,79,6740,84,15944,85,10749,86,2078,90,322,91,100,83.5
2026-04-18 12:28:25 AM,KXWTAMATCH-26APR18PODCIR-CIR,83,10,82,874,81,1458,80,11767,79,6740,84,15694,85,10749,86,2078,90,322,91,100,83.5
2026-04-18 12:28:25 AM,KXWTAMATCH-26APR18PODCIR-CIR,83,10,82,874,81,1458,80,11767,79,6740,84,15694,85,10999,86,2078,90,322,91,100,83.5
2026-04-18 12:29:53 AM,KXWTAMATCH-26APR18PODCIR-CIR,83,10,82,874,81,1458,80,11767,79,6740,84,15729,85,10999,86,2078,90,322,91,100,83.5
2026-04-18 12:29:53 AM,KXWTAMATCH-26APR18PODCIR-CIR,83,10,82,874,81,1493,80,11767,79,6740,84,15729,85,10999,86,2078,90,322,91,100,83.5
2026-04-18 12:30:14 AM,KXWTAMATCH-26APR18PODCIR-CIR,83,10,82,874,81,1493,80,11767,79,6740,84,15729,85,10999,86,2079,90,322,91,100,83.5
2026-04-18 12:30:14 AM,KXWTAMATCH-26APR18PODCIR-CIR,83,10,82,874,81,1493,80,11767,79,6740,84,15729,85,10999,86,2078,90,322,91,100,83.5
2026-04-18 12:31:34 AM,KXWTAMATCH-26APR18PODCIR-CIR,83,10,82,874,81,1493,80,11767,79,6740,84,15726,85,10999,86,2078,90,322,91,100,83.5
2026-04-18 12:31:34 AM,KXWTAMATCH-26APR18PODCIR-CIR,83,10,82,874,81,1458,80,11767,79,6740,84,15726,85,10999,86,2078,90,322,91,100,83.5
2026-04-18 12:31:34 AM,KXWTAMATCH-26APR18PODCIR-CIR,83,10,82,874,81,1458,80,11767,79,6740,84,15691,85,10999,86,2078,90,322,91,100,83.5
2026-04-18 12:31:34 AM,KXWTAMATCH-26APR18PODCIR-CIR,83,10,82,874,81,1458,80,11767,79,6740,84,15694,85,10999,86,2078,90,322,91,100,83.5
2026-04-18 12:31:36 AM,KXWTAMATCH-26APR18PODCIR-CIR,83,10,82,874,81,1458,80,11767,79,6740,84,15691,85,10999,86,2078,90,322,91,100,83.5
2026-04-18 12:31:36 AM,KXWTAMATCH-26APR18PODCIR-CIR,83,10,82,875,81,1458,80,11767,79,6740,84,15691,85,10999,86,2078,90,322,91,100,83.5
2026-04-18 12:31:36 AM,KXWTAMATCH-26APR18PODCIR-CIR,83,10,82,875,81,1459,80,11767,79,6740,84,15691,85,10999,86,2078,90,322,91,100,83.5
2026-04-18 12:31:36 AM,KXWTAMATCH-26APR18PODCIR-CIR,83,10,82,875,81,1459,80,11767,79,6740,84,15726,85,10999,86,2078,90,322,91,100,83.5
2026-04-18 12:31:46 AM,KXWTAMATCH-26APR18PODCIR-CIR,83,10,82,875,81,1494,80,11767,79,6740,84,15726,85,10999,86,2078,90,322,91,100,83.5
2026-04-18 12:33:44 AM,KXWTAMATCH-26APR18PODCIR-CIR,83,10,82,875,81,1494,80,11767,79,6740,84,15691,85,10999,86,2078,90,322,91,100,83.5
2026-04-18 12:33:44 AM,KXWTAMATCH-26APR18PODCIR-CIR,83,10,82,875,81,1459,80,11767,79,6740,84,15691,85,10999,86,2078,90,322,91,100,83.5
2026-04-18 12:35:17 AM,KXWTAMATCH-26APR18PODCIR-CIR,83,10,82,875,81,5605,80,11767,79,6740,84,15691,85,10999,86,2078,90,322,91,100,83.5
2026-04-18 12:35:19 AM,KXWTAMATCH-26APR18PODCIR-CIR,83,10,82,875,81,5605,80,7621,79,6740,84,15691,85,10999,86,2078,90,322,91,100,83.5
2026-04-18 12:35:39 AM,KXWTAMATCH-26APR18PODCIR-CIR,83,10,82,875,81,5605,80,7621,79,6740,84,15675,85,10999,86,2078,90,322,91,100,83.5
2026-04-18 12:35:39 AM,KXWTAMATCH-26APR18PODCIR-CIR,83,10,82,875,81,5605,80,7621,79,6740,84,15691,85,10999,86,2078,90,322,91,100,83.5
2026-04-18 12:35:41 AM,KXWTAMATCH-26APR18PODCIR-CIR,83,10,82,875,81,5605,80,7621,79,6740,84,15675,85,10999,86,2078,90,322,91,100,83.5
2026-04-18 12:35:41 AM,KXWTAMATCH-26APR18PODCIR-CIR,83,10,82,883,81,5605,80,7621,79,6740,84,15675,85,10999,86,2078,90,322,91,100,83.5
2026-04-18 12:35:41 AM,KXWTAMATCH-26APR18PODCIR-CIR,83,10,82,883,81,5613,80,7621,79,6740,84,15675,85,10999,86,2078,90,322,91,100,83.5
2026-04-18 12:36:15 AM,KXWTAMATCH-26APR18PODCIR-CIR,83,10,82,883,81,5613,80,7621,79,6740,84,15675,85,10999,86,2079,90,322,91,100,83.5
2026-04-18 12:36:16 AM,KXWTAMATCH-26APR18PODCIR-CIR,83,10,82,883,81,5613,80,7621,79,6740,84,15675,85,10999,86,2078,90,322,91,100,83.5
2026-04-18 12:36:54 AM,KXWTAMATCH-26APR18PODCIR-CIR,83,9,82,883,81,5613,80,7621,79,6740,84,15675,85,10999,86,2078,90,322,91,100,83.5
2026-04-18 12:36:54 AM,KXWTAMATCH-26APR18PODCIR-CIR,83,3,82,883,81,5613,80,7621,79,6740,84,15675,85,10999,86,2078,90,322,91,100,83.5
2026-04-18 12:36:54 AM,KXWTAMATCH-26APR18PODCIR-CIR,83,3,82,883,81,5613,80,7621,79,6740,84,14859,85,10999,86,2078,90,322,91,100,83.5
2026-04-18 12:36:54 AM,KXWTAMATCH-26APR18PODCIR-CIR,83,3,82,883,81,5613,80,7621,79,6740,84,14693,85,10999,86,2078,90,322,91,100,83.5
2026-04-18 12:36:54 AM,KXWTAMATCH-26APR18PODCIR-CIR,83,3,82,883,81,5613,80,7621,79,6740,84,14336,85,10999,86,2078,90,322,91,100,83.5
2026-04-18 12:36:54 AM,KXWTAMATCH-26APR18PODCIR-CIR,83,3,82,883,81,5613,80,7621,79,6740,83,1339,84,14336,85,10999,86,2078,90,322,83.0
2026-04-18 12:36:54 AM,KXWTAMATCH-26APR18PODCIR-CIR,83,3,82,877,81,5613,80,7621,79,6740,83,1339,84,14336,85,10999,86,2078,90,322,83.0
2026-04-18 12:36:54 AM,KXWTAMATCH-26APR18PODCIR-CIR,83,3,82,870,81,5613,80,7621,79,6740,83,1339,84,14336,85,10999,86,2078,90,322,83.0
2026-04-18 12:36:54 AM,KXWTAMATCH-26APR18PODCIR-CIR,83,3,82,620,81,5613,80,7621,79,6740,83,1339,84,14336,85,10999,86,2078,90,322,83.0
2026-04-18 12:36:54 AM,KXWTAMATCH-26APR18PODCIR-CIR,83,3,82,620,81,5863,80,7621,79,6740,83,1339,84,14336,85,10999,86,2078,90,322,83.0
2026-04-18 12:36:54 AM,KXWTAMATCH-26APR18PODCIR-CIR,83,3,82,620,81,5863,80,11767,79,6740,83,1339,84,14336,85,10999,86,2078,90,322,83.0
2026-04-18 12:36:54 AM,KXWTAMATCH-26APR18PODCIR-CIR,83,3,82,620,81,5863,80,11767,79,6740,83,1339,84,14336,85,10749,86,2078,90,322,83.0
2026-04-18 12:36:54 AM,KXWTAMATCH-26APR18PODCIR-CIR,83,3,82,620,81,5863,80,11767,79,6740,83,1339,84,14586,85,10749,86,2078,90,322,83.0
2026-04-18 12:36:54 AM,KXWTAMATCH-26APR18PODCIR-CIR,83,3,82,620,81,5863,80,11767,79,6740,83,1339,84,14586,85,9525,86,2078,90,322,83.0
2026-04-18 12:36:54 AM,KXWTAMATCH-26APR18PODCIR-CIR,83,3,82,620,81,5863,80,11767,79,6740,83,1339,84,14586,85,9492,86,2078,90,322,83.0
2026-04-18 12:36:54 AM,KXWTAMATCH-26APR18PODCIR-CIR,83,3,82,620,81,5863,80,11767,79,6740,83,1339,84,14586,85,9440,86,2078,90,322,83.0
2026-04-18 12:36:54 AM,KXWTAMATCH-26APR18PODCIR-CIR,83,3,82,620,81,5863,80,11767,79,6740,83,1339,84,14586,85,9310,86,2078,90,322,83.0
2026-04-18 12:36:54 AM,KXWTAMATCH-26APR18PODCIR-CIR,83,3,82,602,81,5863,80,11767,79,6740,83,1339,84,14586,85,9310,86,2078,90,322,83.0
2026-04-18 12:36:54 AM,KXWTAMATCH-26APR18PODCIR-CIR,83,3,82,600,81,5863,80,11767,79,6740,83,1339,84,14586,85,9310,86,2078,90,322,83.0
2026-04-18 12:36:54 AM,KXWTAMATCH-26APR18PODCIR-CIR,83,3,82,600,81,5863,80,11767,79,6740,83,3021,84,14586,85,9310,86,2078,90,322,83.0
2026-04-18 12:36:54 AM,KXWTAMATCH-26APR18PODCIR-CIR,83,3,82,617,81,5863,80,11767,79,6740,83,3021,84,14586,85,9310,86,2078,90,322,83.0
2026-04-18 12:36:54 AM,KXWTAMATCH-26APR18PODCIR-CIR,83,3,82,617,81,5863,80,11767,79,6740,83,3021,84,14586,85,9320,86,2078,90,322,83.0
2026-04-18 12:36:54 AM,KXWTAMATCH-26APR18PODCIR-CIR,83,3,82,617,81,1717,80,11767,79,6740,83,3021,84,14586,85,9320,86,2078,90,322,83.0
2026-04-18 12:36:54 AM,KXWTAMATCH-26APR18PODCIR-CIR,83,3,82,597,81,1717,80,11767,79,6740,83,3021,84,14586,85,9320,86,2078,90,322,83.0
2026-04-18 12:36:55 AM,KXWTAMATCH-26APR18PODCIR-CIR,83,3,82,577,81,1717,80,11767,79,6740,83,3021,84,14586,85,9320,86,2078,90,322,83.0
2026-04-18 12:36:55 AM,KXWTAMATCH-26APR18PODCIR-CIR,83,3,82,557,81,1717,80,11767,79,6740,83,3021,84,14586,85,9320,86,2078,90,322,83.0
2026-04-18 12:36:55 AM,KXWTAMATCH-26APR18PODCIR-CIR,83,3,82,557,81,889,80,11767,79,6740,83,3021,84,14586,85,9320,86,2078,90,322,83.0
2026-04-18 12:36:55 AM,KXWTAMATCH-26APR18PODCIR-CIR,83,3,82,537,81,889,80,11767,79,6740,83,3021,84,14586,85,9320,86,2078,90,322,83.0
2026-04-18 12:36:55 AM,KXWTAMATCH-26APR18PODCIR-CIR,83,3,82,517,81,889,80,11767,79,6740,83,3021,84,14586,85,9320,86,2078,90,322,83.0
2026-04-18 12:36:55 AM,KXWTAMATCH-26APR18PODCIR-CIR,83,3,82,497,81,889,80,11767,79,6740,83,3021,84,14586,85,9320,86,2078,90,322,83.0
2026-04-18 12:36:55 AM,KXWTAMATCH-26APR18PODCIR-CIR,83,3,82,497,81,889,80,11767,79,6740,83,3021,84,14574,85,9320,86,2078,90,322,83.0
2026-04-18 12:36:56 AM,KXWTAMATCH-26APR18PODCIR-CIR,83,3,82,497,81,889,80,11767,79,6740,83,3021,84,14573,85,9320,86,2078,90,322,83.0
2026-04-18 12:36:56 AM,KXWTAMATCH-26APR18PODCIR-CIR,83,3,82,497,81,889,80,11767,79,6740,83,3021,84,14544,85,9320,86,2078,90,322,83.0
2026-04-18 12:36:56 AM,KXWTAMATCH-26APR18PODCIR-CIR,83,3,82,497,81,889,80,11767,79,6740,83,3021,84,14543,85,9320,86,2078,90,322,83.0
2026-04-18 12:36:56 AM,KXWTAMATCH-26APR18PODCIR-CIR,83,3,82,497,81,889,80,11767,79,6740,83,3021,84,14345,85,9320,86,2078,90,322,83.0
2026-04-18 12:36:56 AM,KXWTAMATCH-26APR18PODCIR-CIR,83,3,82,347,81,889,80,11767,79,6740,83,3021,84,14345,85,9320,86,2078,90,322,83.0
2026-04-18 12:36:56 AM,KXWTAMATCH-26APR18PODCIR-CIR,83,3,82,30,81,889,80,11767,79,6740,83,3021,84,14345,85,9320,86,2078,90,322,83.0
2026-04-18 12:36:56 AM,KXWTAMATCH-26APR18PODCIR-CIR,83,3,82,29,81,889,80,11767,79,6740,83,3021,84,14345,85,9320,86,2078,90,322,83.0
2026-04-18 12:36:56 AM,KXWTAMATCH-26APR18PODCIR-CIR,83,3,82,21,81,889,80,11767,79,6740,83,3021,84,14345,85,9320,86,2078,90,322,83.0
2026-04-18 12:36:56 AM,KXWTAMATCH-26APR18PODCIR-CIR,83,3,82,21,81,889,80,11810,79,6740,83,3021,84,14345,85,9320,86,2078,90,322,83.0
2026-04-18 12:36:56 AM,KXWTAMATCH-26APR18PODCIR-CIR,83,3,82,4,81,889,80,11810,79,6740,83,3021,84,14345,85,9320,86,2078,90,322,83.0
2026-04-18 12:36:56 AM,KXWTAMATCH-26APR18PODCIR-CIR,83,3,82,4,81,884,80,11810,79,6740,83,3021,84,14345,85,9320,86,2078,90,322,83.0
2026-04-18 12:36:56 AM,KXWTAMATCH-26APR18PODCIR-CIR,83,3,82,4,81,878,80,11810,79,6740,83,3021,84,14345,85,9320,86,2078,90,322,83.0
2026-04-18 12:36:56 AM,KXWTAMATCH-26APR18PODCIR-CIR,83,3,82,4,81,872,80,11810,79,6740,83,3021,84,14345,85,9320,86,2078,90,322,83.0
2026-04-18 12:36:56 AM,KXWTAMATCH-26APR18PODCIR-CIR,83,3,82,4,81,872,80,12408,79,6740,83,3021,84,14345,85,9320,86,2078,90,322,83.0
2026-04-18 12:36:56 AM,KXWTAMATCH-26APR18PODCIR-CIR,83,3,82,4,81,622,80,12408,79,6740,83,3021,84,14345,85,9320,86,2078,90,322,83.0
2026-04-18 12:36:56 AM,KXWTAMATCH-26APR18PODCIR-CIR,83,3,82,4,81,619,80,12408,79,6740,83,3021,84,14345,85,9320,86,2078,90,322,83.0
2026-04-18 12:36:56 AM,KXWTAMATCH-26APR18PODCIR-CIR,83,3,82,4,81,619,80,12658,79,6740,83,3021,84,14345,85,9320,86,2078,90,322,83.0
2026-04-18 12:36:56 AM,KXWTAMATCH-26APR18PODCIR-CIR,83,3,82,4,81,619,80,12658,79,6740,83,3021,84,14095,85,9320,86,2078,90,322,83.0
2026-04-18 12:36:56 AM,KXWTAMATCH-26APR18PODCIR-CIR,83,3,82,4,81,619,80,12658,79,6740,83,3271,84,14095,85,9320,86,2078,90,322,83.0
2026-04-18 12:36:56 AM,KXWTAMATCH-26APR18PODCIR-CIR,83,3,82,4,81,619,80,12658,79,6740,83,3393,84,14095,85,9320,86,2078,90,322,83.0
2026-04-18 12:36:56 AM,KXWTAMATCH-26APR18PODCIR-CIR,83,3,82,4,81,611,80,12658,79,6740,83,3393,84,14095,85,9320,86,2078,90,322,83.0
2026-04-18 12:36:57 AM,KXWTAMATCH-26APR18PODCIR-CIR,83,3,82,4,81,610,80,12658,79,6740,83,3393,84,14095,85,9320,86,2078,90,322,83.0
2026-04-18 12:36:57 AM,KXWTAMATCH-26APR18PODCIR-CIR,83,3,82,4,81,559,80,12658,79,6740,83,3393,84,14095,85,9320,86,2078,90,322,83.0
2026-04-18 12:36:57 AM,KXWTAMATCH-26APR18PODCIR-CIR,83,3,82,4,81,559,80,8512,79,6740,83,3393,84,14095,85,9320,86,2078,90,322,83.0
2026-04-18 12:36:57 AM,KXWTAMATCH-26APR18PODCIR-CIR,83,3,82,4,81,559,80,8451,79,6740,83,3393,84,14095,85,9320,86,2078,90,322,83.0
2026-04-18 12:36:57 AM,KXWTAMATCH-26APR18PODCIR-CIR,83,3,82,4,81,559,80,8451,79,6740,83,3543,84,14095,85,9320,86,2078,90,322,83.0
2026-04-18 12:36:57 AM,KXWTAMATCH-26APR18PODCIR-CIR,83,3,82,4,81,484,80,8451,79,6740,83,3543,84,14095,85,9320,86,2078,90,322,83.0
2026-04-18 12:36:57 AM,KXWTAMATCH-26APR18PODCIR-CIR,83,3,82,4,81,484,80,8376,79,6740,83,3543,84,14095,85,9320,86,2078,90,322,83.0
2026-04-18 12:37:00 AM,KXWTAMATCH-26APR18PODCIR-CIR,83,3,82,4,81,484,80,8376,79,6784,83,3543,84,14095,85,9320,86,2078,90,322,83.0
2026-04-18 12:37:00 AM,KXWTAMATCH-26APR18PODCIR-CIR,83,3,82,4,81,484,80,8376,79,6784,83,4311,84,14095,85,9320,86,2078,90,322,83.0
2026-04-18 12:37:00 AM,KXWTAMATCH-26APR18PODCIR-CIR,83,3,82,4,81,484,80,8376,79,6784,83,5431,84,14095,85,9320,86,2078,90,322,83.0
2026-04-18 12:37:00 AM,KXWTAMATCH-26APR18PODCIR-CIR,83,3,82,4,81,484,80,8376,79,6784,83,5431,84,9095,85,9320,86,2078,90,322,83.0
2026-04-18 12:37:00 AM,KXWTAMATCH-26APR18PODCIR-CIR,83,3,82,4,81,484,80,8376,79,6784,83,5431,84,9095,85,9320,86,7078,90,322,83.0
2026-04-18 12:37:00 AM,KXWTAMATCH-26APR18PODCIR-CIR,83,3,82,4,81,22,80,8376,79,6784,83,5431,84,9095,85,9320,86,7078,90,322,83.0
2026-04-18 12:37:01 AM,KXWTAMATCH-26APR18PODCIR-CIR,83,3,82,4,81,21,80,8376,79,6784,83,5431,84,9095,85,9320,86,7078,90,322,83.0
2026-04-18 12:37:01 AM,KXWTAMATCH-26APR18PODCIR-CIR,83,3,82,4,81,3,80,8376,79,6784,83,5431,84,9095,85,9320,86,7078,90,322,83.0
2026-04-18 12:37:01 AM,KXWTAMATCH-26APR18PODCIR-CIR,83,3,82,4,81,3,80,8333,79,6784,83,5431,84,9095,85,9320,86,7078,90,322,83.0
2026-04-18 12:37:01 AM,KXWTAMATCH-26APR18PODCIR-CIR,83,3,82,4,81,3,80,8333,79,6827,83,5431,84,9095,85,9320,86,7078,90,322,83.0
2026-04-18 12:37:01 AM,KXWTAMATCH-26APR18PODCIR-CIR,83,3,82,4,81,3,80,8333,79,7289,83,5431,84,9095,85,9320,86,7078,90,322,83.0
2026-04-18 12:37:01 AM,KXWTAMATCH-26APR18PODCIR-CIR,83,3,82,4,81,3,80,8334,79,7289,83,5431,84,9095,85,9320,86,7078,90,322,83.0
2026-04-18 12:37:02 AM,KXWTAMATCH-26APR18PODCIR-CIR,83,3,82,4,81,3,80,8358,79,7289,83,5431,84,9095,85,9320,86,7078,90,322,83.0
2026-04-18 12:37:02 AM,KXWTAMATCH-26APR18PODCIR-CIR,83,3,82,4,81,3,80,12504,79,7289,83,5431,84,9095,85,9320,86,7078,90,322,83.0
2026-04-18 12:37:16 AM,KXWTAMATCH-26APR18PODCIR-CIR,83,3,82,5,81,3,80,12504,79,7289,83,5431,84,9095,85,9320,86,7078,90,322,83.0
2026-04-18 12:37:16 AM,KXWTAMATCH-26APR18PODCIR-CIR,83,3,82,5,81,3,80,12504,79,7246,83,5431,84,9095,85,9320,86,7078,90,322,83.0
2026-04-18 12:37:16 AM,KXWTAMATCH-26APR18PODCIR-CIR,83,3,82,18,81,3,80,12504,79,7246,83,5431,84,9095,85,9320,86,7078,90,322,83.0
2026-04-18 12:37:16 AM,KXWTAMATCH-26APR18PODCIR-CIR,83,3,82,18,81,3,80,12503,79,7246,83,5431,84,9095,85,9320,86,7078,90,322,83.0
2026-04-18 12:37:16 AM,KXWTAMATCH-26APR18PODCIR-CIR,83,3,82,18,81,30,80,12503,79,7246,83,5431,84,9095,85,9320,86,7078,90,322,83.0
2026-04-18 12:37:16 AM,KXWTAMATCH-26APR18PODCIR-CIR,83,3,82,18,81,30,80,12479,79,7246,83,5431,84,9095,85,9320,86,7078,90,322,83.0
2026-04-18 12:37:16 AM,KXWTAMATCH-26APR18PODCIR-CIR,83,3,82,17,81,30,80,12479,79,7246,83,5431,84,9095,85,9320,86,7078,90,322,83.0
