ts_et,ticker,bid_1,bid_1_sz,bid_2,bid_2_sz,bid_3,bid_3_sz,bid_4,bid_4_sz,bid_5,bid_5_sz,ask_1,ask_1_sz,ask_2,ask_2_sz,ask_3,ask_3_sz,ask_4,ask_4_sz,ask_5,ask_5_sz,mid
2026-04-17 09:43:06 PM,KXWTACHALLENGERMATCH-26APR18CHWMON-MON,29,342,28,1764,27,959,7,296,6,507,31,296,32,1367,33,818,34,780,35,329,30.0
2026-04-17 09:45:27 PM,KXWTACHALLENGERMATCH-26APR18CHWMON-MON,29,342,28,1764,27,959,7,296,6,507,31,246,32,1367,33,818,34,780,35,329,30.0
2026-04-17 09:49:04 PM,KXWTACHALLENGERMATCH-26APR18CHWMON-MON,29,342,28,1764,27,959,7,296,6,507,32,1367,33,818,34,780,35,329,51,50,30.5
2026-04-17 09:49:47 PM,KXWTACHALLENGERMATCH-26APR18CHWMON-MON,29,342,28,1764,27,959,7,296,6,507,31,250,32,1367,33,818,34,780,35,329,30.0
2026-04-17 09:54:49 PM,KXWTACHALLENGERMATCH-26APR18CHWMON-MON,29,342,28,1764,27,1841,7,296,6,507,31,250,32,1367,33,818,34,780,35,329,30.0
2026-04-17 09:54:49 PM,KXWTACHALLENGERMATCH-26APR18CHWMON-MON,29,342,28,882,27,1841,7,296,6,507,31,250,32,1367,33,818,34,780,35,329,30.0
2026-04-17 09:54:49 PM,KXWTACHALLENGERMATCH-26APR18CHWMON-MON,29,342,28,882,27,1841,7,296,6,507,31,250,32,485,33,818,34,780,35,329,30.0
2026-04-17 09:54:49 PM,KXWTACHALLENGERMATCH-26APR18CHWMON-MON,29,342,28,882,27,1841,7,296,6,507,31,250,32,1367,33,818,34,780,35,329,30.0
2026-04-17 09:54:58 PM,KXWTACHALLENGERMATCH-26APR18CHWMON-MON,29,342,28,1764,27,1841,7,296,6,507,31,250,32,1367,33,818,34,780,35,329,30.0
2026-04-17 09:54:59 PM,KXWTACHALLENGERMATCH-26APR18CHWMON-MON,29,342,28,1764,27,959,7,296,6,507,31,250,32,1367,33,818,34,780,35,329,30.0
2026-04-17 10:00:35 PM,KXWTACHALLENGERMATCH-26APR18CHWMON-MON,29,342,28,1774,27,959,7,296,6,507,31,250,32,1367,33,818,34,780,35,329,30.0
2026-04-17 10:00:35 PM,KXWTACHALLENGERMATCH-26APR18CHWMON-MON,29,342,28,1784,27,959,7,296,6,507,31,250,32,1367,33,818,34,780,35,329,30.0
2026-04-17 10:00:36 PM,KXWTACHALLENGERMATCH-26APR18CHWMON-MON,29,342,28,1794,27,959,7,296,6,507,31,250,32,1367,33,818,34,780,35,329,30.0
2026-04-17 10:00:36 PM,KXWTACHALLENGERMATCH-26APR18CHWMON-MON,29,342,28,1794,27,959,7,296,6,507,31,250,32,1367,33,828,34,780,35,329,30.0
2026-04-17 10:00:36 PM,KXWTACHALLENGERMATCH-26APR18CHWMON-MON,29,342,28,1794,27,959,7,296,6,507,31,250,32,1367,33,838,34,780,35,329,30.0
2026-04-17 10:01:10 PM,KXWTACHALLENGERMATCH-26APR18CHWMON-MON,29,342,28,1794,27,959,7,296,6,507,31,250,32,1367,33,1771,34,780,35,329,30.0
2026-04-17 10:02:57 PM,KXWTACHALLENGERMATCH-26APR18CHWMON-MON,29,342,28,1794,27,959,7,296,6,507,31,250,32,1367,33,838,34,780,35,329,30.0
2026-04-17 10:02:58 PM,KXWTACHALLENGERMATCH-26APR18CHWMON-MON,29,342,28,1794,27,959,7,296,6,507,31,250,32,1367,33,1771,34,780,35,329,30.0
2026-04-17 10:04:50 PM,KXWTACHALLENGERMATCH-26APR18CHWMON-MON,29,342,28,1794,27,959,7,296,6,507,31,250,32,1367,33,838,34,780,35,329,30.0
2026-04-17 10:04:50 PM,KXWTACHALLENGERMATCH-26APR18CHWMON-MON,29,342,28,1794,27,959,7,296,6,507,31,250,32,1367,33,1771,34,780,35,329,30.0
2026-04-17 10:06:59 PM,KXWTACHALLENGERMATCH-26APR18CHWMON-MON,29,342,28,1794,27,959,7,296,6,507,31,250,32,1367,33,838,34,780,35,329,30.0
2026-04-17 10:06:59 PM,KXWTACHALLENGERMATCH-26APR18CHWMON-MON,29,342,28,1794,27,959,7,296,6,507,31,250,32,1367,33,1771,34,780,35,329,30.0
2026-04-17 10:06:59 PM,KXWTACHALLENGERMATCH-26APR18CHWMON-MON,29,342,28,1794,27,989,7,296,6,507,31,250,32,1367,33,1771,34,780,35,329,30.0
2026-04-17 10:06:59 PM,KXWTACHALLENGERMATCH-26APR18CHWMON-MON,29,342,28,1794,27,989,7,296,6,507,31,250,32,1392,33,1771,34,780,35,329,30.0
2026-04-17 10:06:59 PM,KXWTACHALLENGERMATCH-26APR18CHWMON-MON,29,317,28,1794,27,989,7,296,6,507,31,250,32,1392,33,1771,34,780,35,329,30.0
2026-04-17 10:06:59 PM,KXWTACHALLENGERMATCH-26APR18CHWMON-MON,29,317,28,1778,27,989,7,296,6,507,31,250,32,1392,33,1771,34,780,35,329,30.0
2026-04-17 10:06:59 PM,KXWTACHALLENGERMATCH-26APR18CHWMON-MON,29,317,28,1778,27,989,7,296,6,507,31,250,32,1392,33,1771,34,753,35,329,30.0
2026-04-17 10:08:56 PM,KXWTACHALLENGERMATCH-26APR18CHWMON-MON,29,317,28,1778,27,989,7,296,6,507,31,250,32,1392,33,838,34,753,35,329,30.0
2026-04-17 10:08:56 PM,KXWTACHALLENGERMATCH-26APR18CHWMON-MON,29,317,28,1778,27,989,7,296,6,507,31,250,32,1392,33,1771,34,753,35,329,30.0
2026-04-17 10:10:52 PM,KXWTACHALLENGERMATCH-26APR18CHWMON-MON,29,317,28,1778,27,989,7,296,6,507,31,250,32,1392,33,838,34,753,35,329,30.0
2026-04-17 10:10:52 PM,KXWTACHALLENGERMATCH-26APR18CHWMON-MON,29,317,28,1778,27,989,7,296,6,507,31,250,32,1392,33,1771,34,753,35,329,30.0
2026-04-17 10:12:25 PM,KXWTACHALLENGERMATCH-26APR18CHWMON-MON,29,334,28,1778,27,989,7,296,6,507,31,250,32,1392,33,1771,34,753,35,329,30.0
2026-04-17 10:12:26 PM,KXWTACHALLENGERMATCH-26APR18CHWMON-MON,29,334,28,1796,27,989,7,296,6,507,31,250,32,1392,33,1771,34,753,35,329,30.0
2026-04-17 10:12:26 PM,KXWTACHALLENGERMATCH-26APR18CHWMON-MON,29,334,28,1796,27,1008,7,296,6,507,31,250,32,1392,33,1771,34,753,35,329,30.0
2026-04-17 10:12:26 PM,KXWTACHALLENGERMATCH-26APR18CHWMON-MON,29,334,28,1796,27,1008,25,20,7,296,31,250,32,1392,33,1771,34,753,35,329,30.0
2026-04-17 10:12:26 PM,KXWTACHALLENGERMATCH-26APR18CHWMON-MON,29,334,28,1796,27,1008,25,20,23,22,31,250,32,1392,33,1771,34,753,35,329,30.0
2026-04-17 10:12:31 PM,KXWTACHALLENGERMATCH-26APR18CHWMON-MON,29,334,28,1796,27,1008,25,20,23,22,31,247,32,1392,33,1771,34,753,35,329,30.0
2026-04-17 10:12:56 PM,KXWTACHALLENGERMATCH-26APR18CHWMON-MON,29,334,28,1796,27,1008,25,20,23,22,31,247,32,1392,33,838,34,753,35,329,30.0
2026-04-17 10:12:56 PM,KXWTACHALLENGERMATCH-26APR18CHWMON-MON,29,334,28,1796,27,1008,25,20,23,22,31,247,32,1392,33,1771,34,753,35,329,30.0
2026-04-17 10:14:33 PM,KXWTACHALLENGERMATCH-26APR18CHWMON-MON,29,334,28,1796,27,1008,25,20,23,22,31,247,32,1392,33,838,34,753,35,329,30.0
2026-04-17 10:14:33 PM,KXWTACHALLENGERMATCH-26APR18CHWMON-MON,29,334,28,1796,27,1008,25,20,23,22,31,247,32,1392,33,1771,34,753,35,329,30.0
2026-04-17 10:16:58 PM,KXWTACHALLENGERMATCH-26APR18CHWMON-MON,29,334,28,1796,27,1008,25,20,23,22,31,247,32,1392,33,838,34,753,35,329,30.0
2026-04-17 10:16:58 PM,KXWTACHALLENGERMATCH-26APR18CHWMON-MON,29,334,28,1796,27,1008,25,20,23,22,31,247,32,1392,33,1771,34,753,35,329,30.0
2026-04-17 10:18:51 PM,KXWTACHALLENGERMATCH-26APR18CHWMON-MON,29,334,28,1796,27,1008,25,20,23,22,31,247,32,1392,33,838,34,753,35,329,30.0
2026-04-17 10:18:51 PM,KXWTACHALLENGERMATCH-26APR18CHWMON-MON,29,334,28,1796,27,1008,25,20,23,22,31,247,32,1392,33,1771,34,753,35,329,30.0
2026-04-17 10:19:24 PM,KXWTACHALLENGERMATCH-26APR18CHWMON-MON,29,334,28,1796,27,978,25,20,23,22,31,247,32,1392,33,1771,34,753,35,329,30.0
2026-04-17 10:19:24 PM,KXWTACHALLENGERMATCH-26APR18CHWMON-MON,29,359,28,1796,27,978,25,20,23,22,31,247,32,1392,33,1771,34,753,35,329,30.0
2026-04-17 10:21:07 PM,KXWTACHALLENGERMATCH-26APR18CHWMON-MON,29,359,28,1796,27,978,25,20,23,22,31,247,32,1392,33,838,34,753,35,329,30.0
2026-04-17 10:21:07 PM,KXWTACHALLENGERMATCH-26APR18CHWMON-MON,29,359,28,1796,27,978,25,20,23,22,31,247,32,1392,33,1771,34,753,35,329,30.0
2026-04-17 10:23:04 PM,KXWTACHALLENGERMATCH-26APR18CHWMON-MON,29,359,28,1796,27,978,25,20,23,22,31,247,32,1392,33,838,34,753,35,329,30.0
2026-04-17 10:23:04 PM,KXWTACHALLENGERMATCH-26APR18CHWMON-MON,29,359,28,1796,27,978,25,20,23,22,31,247,32,1392,33,1771,34,753,35,329,30.0
2026-04-17 10:25:22 PM,KXWTACHALLENGERMATCH-26APR18CHWMON-MON,29,359,28,1796,27,978,25,20,23,22,31,247,32,1392,33,838,34,753,35,329,30.0
2026-04-17 10:25:22 PM,KXWTACHALLENGERMATCH-26APR18CHWMON-MON,29,359,28,1796,27,978,25,20,23,22,31,247,32,1392,33,1771,34,753,35,329,30.0
2026-04-17 10:27:27 PM,KXWTACHALLENGERMATCH-26APR18CHWMON-MON,29,359,28,1796,27,978,25,20,23,22,31,247,32,1392,33,838,34,753,35,329,30.0
2026-04-17 10:27:28 PM,KXWTACHALLENGERMATCH-26APR18CHWMON-MON,29,359,28,1796,27,978,25,20,23,22,31,247,32,1392,33,1771,34,753,35,329,30.0
2026-04-17 10:29:16 PM,KXWTACHALLENGERMATCH-26APR18CHWMON-MON,29,359,28,1796,27,1860,25,20,23,22,31,247,32,1392,33,1771,34,753,35,329,30.0
2026-04-17 10:29:16 PM,KXWTACHALLENGERMATCH-26APR18CHWMON-MON,29,359,28,914,27,1860,25,20,23,22,31,247,32,1392,33,1771,34,753,35,329,30.0
2026-04-17 10:29:23 PM,KXWTACHALLENGERMATCH-26APR18CHWMON-MON,29,359,28,914,27,1860,25,20,23,22,31,247,32,1392,33,838,34,753,35,329,30.0
2026-04-17 10:29:23 PM,KXWTACHALLENGERMATCH-26APR18CHWMON-MON,29,359,28,914,27,1860,25,20,23,22,31,247,32,1392,33,1771,34,753,35,329,30.0
2026-04-17 10:29:25 PM,KXWTACHALLENGERMATCH-26APR18CHWMON-MON,29,359,28,1796,27,1860,25,20,23,22,31,247,32,1392,33,1771,34,753,35,329,30.0
2026-04-17 10:29:26 PM,KXWTACHALLENGERMATCH-26APR18CHWMON-MON,29,359,28,1796,27,978,25,20,23,22,31,247,32,1392,33,1771,34,753,35,329,30.0
2026-04-17 10:29:40 PM,KXWTACHALLENGERMATCH-26APR18CHWMON-MON,29,359,28,1796,27,1860,25,20,23,22,31,247,32,1392,33,1771,34,753,35,329,30.0
2026-04-17 10:29:40 PM,KXWTACHALLENGERMATCH-26APR18CHWMON-MON,29,359,28,914,27,1860,25,20,23,22,31,247,32,1392,33,1771,34,753,35,329,30.0
2026-04-17 10:30:10 PM,KXWTACHALLENGERMATCH-26APR18CHWMON-MON,29,359,28,1796,27,1860,25,20,23,22,31,247,32,1392,33,1771,34,753,35,329,30.0
2026-04-17 10:30:20 PM,KXWTACHALLENGERMATCH-26APR18CHWMON-MON,29,359,28,1796,27,978,25,20,23,22,31,247,32,1392,33,1771,34,753,35,329,30.0
2026-04-17 10:31:18 PM,KXWTACHALLENGERMATCH-26APR18CHWMON-MON,29,359,28,1796,27,978,25,20,23,22,31,247,32,1392,33,838,34,753,35,329,30.0
2026-04-17 10:31:18 PM,KXWTACHALLENGERMATCH-26APR18CHWMON-MON,29,359,28,1796,27,978,25,20,23,22,31,247,32,1392,33,1771,34,753,35,329,30.0
2026-04-17 10:32:49 PM,KXWTACHALLENGERMATCH-26APR18CHWMON-MON,29,359,28,1796,27,978,25,20,23,22,31,247,32,1392,33,838,34,753,35,329,30.0
2026-04-17 10:32:49 PM,KXWTACHALLENGERMATCH-26APR18CHWMON-MON,29,359,28,1796,27,978,25,20,23,22,31,247,32,1392,33,1771,34,753,35,329,30.0
2026-04-17 10:34:17 PM,KXWTACHALLENGERMATCH-26APR18CHWMON-MON,29,359,28,914,27,978,25,20,23,22,31,247,32,1392,33,1771,34,753,35,329,30.0
2026-04-17 10:34:17 PM,KXWTACHALLENGERMATCH-26APR18CHWMON-MON,29,359,28,914,27,1860,25,20,23,22,31,247,32,1392,33,1771,34,753,35,329,30.0
2026-04-17 10:34:28 PM,KXWTACHALLENGERMATCH-26APR18CHWMON-MON,29,359,28,1796,27,1860,25,20,23,22,31,247,32,1392,33,1771,34,753,35,329,30.0
2026-04-17 10:34:28 PM,KXWTACHALLENGERMATCH-26APR18CHWMON-MON,29,359,28,1796,27,978,25,20,23,22,31,247,32,1392,33,1771,34,753,35,329,30.0
2026-04-17 10:35:09 PM,KXWTACHALLENGERMATCH-26APR18CHWMON-MON,29,359,28,1796,27,978,25,20,23,22,31,247,32,1392,33,838,34,753,35,329,30.0
2026-04-17 10:35:09 PM,KXWTACHALLENGERMATCH-26APR18CHWMON-MON,29,359,28,1796,27,978,25,20,23,22,31,247,32,1392,33,1771,34,753,35,329,30.0
2026-04-17 10:37:27 PM,KXWTACHALLENGERMATCH-26APR18CHWMON-MON,29,359,28,1796,27,978,25,20,23,22,31,247,32,1392,33,838,34,753,35,329,30.0
2026-04-17 10:37:27 PM,KXWTACHALLENGERMATCH-26APR18CHWMON-MON,29,359,28,1796,27,978,25,20,23,22,31,247,32,1392,33,1771,34,753,35,329,30.0
2026-04-17 10:39:17 PM,KXWTACHALLENGERMATCH-26APR18CHWMON-MON,29,359,28,914,27,978,25,20,23,22,31,247,32,1392,33,1771,34,753,35,329,30.0
2026-04-17 10:39:18 PM,KXWTACHALLENGERMATCH-26APR18CHWMON-MON,29,359,28,914,27,1860,25,20,23,22,31,247,32,1392,33,1771,34,753,35,329,30.0
2026-04-17 10:39:24 PM,KXWTACHALLENGERMATCH-26APR18CHWMON-MON,29,359,28,914,27,1860,25,20,23,22,31,247,32,1392,33,838,34,753,35,329,30.0
2026-04-17 10:39:24 PM,KXWTACHALLENGERMATCH-26APR18CHWMON-MON,29,359,28,914,27,1860,25,20,23,22,31,247,32,1392,33,1771,34,753,35,329,30.0
2026-04-17 10:39:30 PM,KXWTACHALLENGERMATCH-26APR18CHWMON-MON,29,359,28,1796,27,1860,25,20,23,22,31,247,32,1392,33,1771,34,753,35,329,30.0
2026-04-17 10:39:35 PM,KXWTACHALLENGERMATCH-26APR18CHWMON-MON,29,359,28,1796,27,978,25,20,23,22,31,247,32,1392,33,1771,34,753,35,329,30.0
2026-04-17 10:39:35 PM,KXWTACHALLENGERMATCH-26APR18CHWMON-MON,29,359,28,914,27,978,25,20,23,22,31,247,32,1392,33,1771,34,753,35,329,30.0
2026-04-17 10:39:42 PM,KXWTACHALLENGERMATCH-26APR18CHWMON-MON,29,359,28,1796,27,978,25,20,23,22,31,247,32,1392,33,1771,34,753,35,329,30.0
2026-04-17 10:40:14 PM,KXWTACHALLENGERMATCH-26APR18CHWMON-MON,29,359,28,914,27,978,25,20,23,22,31,247,32,1392,33,1771,34,753,35,329,30.0
2026-04-17 10:40:15 PM,KXWTACHALLENGERMATCH-26APR18CHWMON-MON,29,359,28,914,27,1860,25,20,23,22,31,247,32,1392,33,1771,34,753,35,329,30.0
2026-04-17 10:40:38 PM,KXWTACHALLENGERMATCH-26APR18CHWMON-MON,29,359,28,1796,27,1860,25,20,23,22,31,247,32,1392,33,1771,34,753,35,329,30.0
2026-04-17 10:40:41 PM,KXWTACHALLENGERMATCH-26APR18CHWMON-MON,29,359,28,1796,27,978,25,20,23,22,31,247,32,1392,33,1771,34,753,35,329,30.0
2026-04-17 10:41:42 PM,KXWTACHALLENGERMATCH-26APR18CHWMON-MON,29,359,28,1796,27,978,25,20,23,22,31,247,32,1392,33,2704,34,753,35,329,30.0
2026-04-17 10:41:42 PM,KXWTACHALLENGERMATCH-26APR18CHWMON-MON,29,359,28,1796,27,978,25,20,23,22,31,247,32,1392,33,1771,34,753,35,329,30.0
2026-04-17 10:42:31 PM,KXWTACHALLENGERMATCH-26APR18CHWMON-MON,29,359,28,1796,27,978,25,20,23,22,31,247,32,1392,33,838,34,753,35,329,30.0
2026-04-17 10:42:31 PM,KXWTACHALLENGERMATCH-26APR18CHWMON-MON,29,359,28,1796,27,978,25,20,23,22,31,247,32,1392,33,1771,34,753,35,329,30.0
2026-04-17 10:43:23 PM,KXWTACHALLENGERMATCH-26APR18CHWMON-MON,29,359,28,1796,27,978,25,20,23,22,31,247,32,1392,33,838,34,753,35,329,30.0
2026-04-17 10:43:23 PM,KXWTACHALLENGERMATCH-26APR18CHWMON-MON,29,359,28,1796,27,978,25,20,23,22,31,247,32,1392,33,1771,34,753,35,329,30.0
2026-04-17 10:43:25 PM,KXWTACHALLENGERMATCH-26APR18CHWMON-MON,29,359,28,1796,27,1858,25,20,23,22,31,247,32,1392,33,1771,34,753,35,329,30.0
2026-04-17 10:43:25 PM,KXWTACHALLENGERMATCH-26APR18CHWMON-MON,29,359,28,1796,27,1858,25,20,23,22,31,1127,32,1392,33,1771,34,753,35,329,30.0
2026-04-17 10:43:25 PM,KXWTACHALLENGERMATCH-26APR18CHWMON-MON,29,359,28,914,27,1858,25,20,23,22,31,1127,32,1392,33,1771,34,753,35,329,30.0
2026-04-17 10:43:25 PM,KXWTACHALLENGERMATCH-26APR18CHWMON-MON,29,359,28,914,27,1858,25,20,23,22,31,1127,32,510,33,1771,34,753,35,329,30.0
2026-04-17 10:43:42 PM,KXWTACHALLENGERMATCH-26APR18CHWMON-MON,29,359,28,1794,27,1858,25,20,23,22,31,1127,32,510,33,1771,34,753,35,329,30.0
2026-04-17 10:43:42 PM,KXWTACHALLENGERMATCH-26APR18CHWMON-MON,29,359,28,1794,27,1858,25,20,23,22,31,1127,32,1390,33,1771,34,753,35,329,30.0
2026-04-17 10:43:42 PM,KXWTACHALLENGERMATCH-26APR18CHWMON-MON,29,359,28,1794,27,1858,25,20,23,22,31,247,32,1390,33,1771,34,753,35,329,30.0
2026-04-17 10:43:42 PM,KXWTACHALLENGERMATCH-26APR18CHWMON-MON,29,359,28,1794,27,978,25,20,23,22,31,247,32,1390,33,1771,34,753,35,329,30.0
2026-04-17 10:45:36 PM,KXWTACHALLENGERMATCH-26APR18CHWMON-MON,29,359,28,1794,27,978,25,20,23,22,31,247,32,1390,33,838,34,753,35,329,30.0
2026-04-17 10:45:36 PM,KXWTACHALLENGERMATCH-26APR18CHWMON-MON,29,359,28,1794,27,978,25,20,23,22,31,247,32,1390,33,1771,34,753,35,329,30.0
2026-04-17 10:46:25 PM,KXWTACHALLENGERMATCH-26APR18CHWMON-MON,29,359,28,1784,27,978,25,20,23,22,31,247,32,1390,33,1771,34,753,35,329,30.0
2026-04-17 10:46:25 PM,KXWTACHALLENGERMATCH-26APR18CHWMON-MON,29,359,28,1774,27,978,25,20,23,22,31,247,32,1390,33,1771,34,753,35,329,30.0
2026-04-17 10:46:25 PM,KXWTACHALLENGERMATCH-26APR18CHWMON-MON,29,359,28,1764,27,978,25,20,23,22,31,247,32,1390,33,1771,34,753,35,329,30.0
2026-04-17 10:46:25 PM,KXWTACHALLENGERMATCH-26APR18CHWMON-MON,29,369,28,1764,27,978,25,20,23,22,31,247,32,1390,33,1771,34,753,35,329,30.0
2026-04-17 10:46:25 PM,KXWTACHALLENGERMATCH-26APR18CHWMON-MON,29,379,28,1764,27,978,25,20,23,22,31,247,32,1390,33,1771,34,753,35,329,30.0
2026-04-17 10:47:29 PM,KXWTACHALLENGERMATCH-26APR18CHWMON-MON,29,379,28,1764,27,978,25,20,23,22,31,247,32,1390,33,838,34,753,35,329,30.0
2026-04-17 10:47:29 PM,KXWTACHALLENGERMATCH-26APR18CHWMON-MON,29,379,28,1764,27,978,25,20,23,22,31,247,32,1390,33,1771,34,753,35,329,30.0
2026-04-17 10:48:41 PM,KXWTACHALLENGERMATCH-26APR18CHWMON-MON,29,379,28,1764,27,978,25,20,23,22,30,5,31,247,32,1390,33,1771,34,753,29.5
2026-04-17 10:48:41 PM,KXWTACHALLENGERMATCH-26APR18CHWMON-MON,29,354,28,1764,27,978,25,20,23,22,30,5,31,247,32,1390,33,1771,34,753,29.5
2026-04-17 10:48:41 PM,KXWTACHALLENGERMATCH-26APR18CHWMON-MON,29,354,28,1764,27,978,25,20,23,22,30,5,31,247,32,1365,33,1771,34,753,29.5
2026-04-17 10:48:41 PM,KXWTACHALLENGERMATCH-26APR18CHWMON-MON,29,354,28,1764,27,1008,25,20,23,22,30,5,31,247,32,1365,33,1771,34,753,29.5
2026-04-17 10:48:41 PM,KXWTACHALLENGERMATCH-26APR18CHWMON-MON,29,354,28,1764,27,1008,25,20,23,22,30,5,31,247,32,1365,33,1771,34,783,29.5
2026-04-17 10:49:45 PM,KXWTACHALLENGERMATCH-26APR18CHWMON-MON,29,354,28,1764,27,1008,25,20,23,22,30,5,31,247,32,1365,33,838,34,783,29.5
2026-04-17 10:49:45 PM,KXWTACHALLENGERMATCH-26APR18CHWMON-MON,29,354,28,1764,27,1008,25,20,23,22,30,5,31,247,32,1365,33,1771,34,783,29.5
2026-04-17 10:52:13 PM,KXWTACHALLENGERMATCH-26APR18CHWMON-MON,29,354,28,1764,27,1008,25,20,23,22,30,5,31,247,32,1365,33,838,34,783,29.5
2026-04-17 10:52:13 PM,KXWTACHALLENGERMATCH-26APR18CHWMON-MON,29,354,28,1764,27,1008,25,20,23,22,30,5,31,247,32,1365,33,1771,34,783,29.5
2026-04-17 10:52:27 PM,KXWTACHALLENGERMATCH-26APR18CHWMON-MON,29,354,28,1764,27,1008,25,20,23,22,30,10,31,247,32,1365,33,1771,34,783,29.5
2026-04-17 10:53:08 PM,KXWTACHALLENGERMATCH-26APR18CHWMON-MON,29,354,28,1764,27,1008,25,20,24,337,30,10,31,247,32,1365,33,1771,34,783,29.5
2026-04-17 10:54:18 PM,KXWTACHALLENGERMATCH-26APR18CHWMON-MON,29,354,28,1764,27,1008,25,20,24,337,30,10,31,247,32,1365,33,838,34,783,29.5
2026-04-17 10:54:18 PM,KXWTACHALLENGERMATCH-26APR18CHWMON-MON,29,354,28,1764,27,1008,25,20,24,337,30,10,31,247,32,1365,33,1771,34,783,29.5
2026-04-17 10:54:51 PM,KXWTACHALLENGERMATCH-26APR18CHWMON-MON,29,354,28,1764,27,1008,25,20,24,337,30,15,31,247,32,1365,33,1771,34,783,29.5
2026-04-17 10:55:21 PM,KXWTACHALLENGERMATCH-26APR18CHWMON-MON,29,354,28,1764,27,978,25,20,24,337,30,15,31,247,32,1365,33,1771,34,783,29.5
2026-04-17 10:55:21 PM,KXWTACHALLENGERMATCH-26APR18CHWMON-MON,29,379,28,1764,27,978,25,20,24,337,30,15,31,247,32,1365,33,1771,34,783,29.5
2026-04-17 10:55:21 PM,KXWTACHALLENGERMATCH-26APR18CHWMON-MON,29,379,28,1780,27,978,25,20,24,337,30,15,31,247,32,1365,33,1771,34,783,29.5
2026-04-17 10:56:17 PM,KXWTACHALLENGERMATCH-26APR18CHWMON-MON,29,379,28,1780,27,978,25,20,24,337,30,15,31,247,32,1365,33,838,34,783,29.5
2026-04-17 10:56:17 PM,KXWTACHALLENGERMATCH-26APR18CHWMON-MON,29,379,28,1780,27,978,25,20,24,337,30,15,31,247,32,1365,33,1771,34,783,29.5
2026-04-17 10:58:01 PM,KXWTACHALLENGERMATCH-26APR18CHWMON-MON,29,379,28,1780,27,978,25,20,24,337,30,15,31,247,32,1365,33,838,34,783,29.5
2026-04-17 10:58:01 PM,KXWTACHALLENGERMATCH-26APR18CHWMON-MON,29,379,28,1780,27,978,25,20,24,337,30,15,31,247,32,1365,33,1771,34,783,29.5
2026-04-17 11:00:21 PM,KXWTACHALLENGERMATCH-26APR18CHWMON-MON,29,379,28,1780,27,978,25,20,24,337,30,15,31,247,32,1365,33,838,34,783,29.5
2026-04-17 11:00:21 PM,KXWTACHALLENGERMATCH-26APR18CHWMON-MON,29,379,28,1780,27,978,25,20,24,337,30,15,31,247,32,1365,33,1771,34,783,29.5
2026-04-17 11:00:23 PM,KXWTACHALLENGERMATCH-26APR18CHWMON-MON,29,379,28,1780,27,978,25,20,24,337,30,10,31,247,32,1365,33,1771,34,783,29.5
2026-04-17 11:00:23 PM,KXWTACHALLENGERMATCH-26APR18CHWMON-MON,29,379,28,1780,27,978,25,20,24,337,30,5,31,247,32,1365,33,1771,34,783,29.5
2026-04-17 11:00:23 PM,KXWTACHALLENGERMATCH-26APR18CHWMON-MON,29,379,28,1780,27,978,25,20,24,337,31,247,32,1365,33,1771,34,783,35,329,30.0
2026-04-17 11:01:59 PM,KXWTACHALLENGERMATCH-26APR18CHWMON-MON,29,379,28,1780,27,1858,25,20,24,337,31,247,32,1365,33,1771,34,783,35,329,30.0
2026-04-17 11:01:59 PM,KXWTACHALLENGERMATCH-26APR18CHWMON-MON,29,379,28,900,27,1858,25,20,24,337,31,247,32,1365,33,1771,34,783,35,329,30.0
2026-04-17 11:02:10 PM,KXWTACHALLENGERMATCH-26APR18CHWMON-MON,29,379,28,1780,27,1858,25,20,24,337,31,247,32,1365,33,1771,34,783,35,329,30.0
2026-04-17 11:02:11 PM,KXWTACHALLENGERMATCH-26APR18CHWMON-MON,29,379,28,1780,27,978,25,20,24,337,31,247,32,1365,33,1771,34,783,35,329,30.0
2026-04-17 11:02:39 PM,KXWTACHALLENGERMATCH-26APR18CHWMON-MON,29,379,28,1780,27,978,25,20,24,337,31,247,32,1365,33,838,34,783,35,329,30.0
2026-04-17 11:02:39 PM,KXWTACHALLENGERMATCH-26APR18CHWMON-MON,29,379,28,1780,27,978,25,20,24,337,31,247,32,1365,33,1771,34,783,35,329,30.0
2026-04-17 11:05:07 PM,KXWTACHALLENGERMATCH-26APR18CHWMON-MON,29,379,28,1780,27,978,25,20,24,337,31,247,32,1365,33,838,34,783,35,329,30.0
2026-04-17 11:05:07 PM,KXWTACHALLENGERMATCH-26APR18CHWMON-MON,29,379,28,1780,27,978,25,20,24,337,31,247,32,1365,33,1771,34,783,35,329,30.0
2026-04-17 11:06:59 PM,KXWTACHALLENGERMATCH-26APR18CHWMON-MON,29,379,28,1780,27,978,25,20,24,337,31,247,32,1365,33,838,34,783,35,329,30.0
2026-04-17 11:06:59 PM,KXWTACHALLENGERMATCH-26APR18CHWMON-MON,29,379,28,1780,27,978,25,20,24,337,31,247,32,1365,33,1771,34,783,35,329,30.0
2026-04-17 11:07:29 PM,KXWTACHALLENGERMATCH-26APR18CHWMON-MON,29,379,28,1780,27,978,26,547,25,20,31,247,32,1365,33,1771,34,783,35,329,30.0
2026-04-17 11:07:31 PM,KXWTACHALLENGERMATCH-26APR18CHWMON-MON,29,379,28,1780,27,978,26,547,25,20,31,247,32,1365,33,838,34,783,35,329,30.0
2026-04-17 11:07:31 PM,KXWTACHALLENGERMATCH-26APR18CHWMON-MON,29,379,28,1780,27,978,26,547,25,20,31,247,32,1365,33,1771,34,783,35,329,30.0
2026-04-17 11:08:33 PM,KXWTACHALLENGERMATCH-26APR18CHWMON-MON,29,379,28,1780,27,978,26,547,25,20,31,247,32,1365,33,2704,34,783,35,329,30.0
2026-04-17 11:08:33 PM,KXWTACHALLENGERMATCH-26APR18CHWMON-MON,29,379,28,1780,27,978,26,547,25,20,31,247,32,1365,33,1771,34,783,35,329,30.0
2026-04-17 11:10:47 PM,KXWTACHALLENGERMATCH-26APR18CHWMON-MON,29,379,28,1780,27,978,26,547,25,20,31,247,32,1365,33,838,34,783,35,329,30.0
2026-04-17 11:10:47 PM,KXWTACHALLENGERMATCH-26APR18CHWMON-MON,29,379,28,1780,27,978,26,547,25,20,31,247,32,1365,33,1771,34,783,35,329,30.0
2026-04-17 11:12:18 PM,KXWTACHALLENGERMATCH-26APR18CHWMON-MON,29,379,28,1780,27,978,26,547,25,20,31,247,32,1365,33,838,34,783,35,329,30.0
2026-04-17 11:12:18 PM,KXWTACHALLENGERMATCH-26APR18CHWMON-MON,29,379,28,1780,27,978,26,547,25,20,31,247,32,1365,33,1771,34,783,35,329,30.0
2026-04-17 11:14:46 PM,KXWTACHALLENGERMATCH-26APR18CHWMON-MON,29,379,28,1780,27,978,26,547,25,20,31,247,32,1365,33,838,34,783,35,329,30.0
2026-04-17 11:14:46 PM,KXWTACHALLENGERMATCH-26APR18CHWMON-MON,29,379,28,1780,27,978,26,547,25,20,31,247,32,1365,33,1771,34,783,35,329,30.0
2026-04-17 11:16:05 PM,KXWTACHALLENGERMATCH-26APR18CHWMON-MON,29,369,28,1780,27,978,26,547,25,20,31,247,32,1365,33,1771,34,783,35,329,30.0
2026-04-17 11:16:05 PM,KXWTACHALLENGERMATCH-26APR18CHWMON-MON,29,359,28,1780,27,978,26,547,25,20,31,247,32,1365,33,1771,34,783,35,329,30.0
2026-04-17 11:16:05 PM,KXWTACHALLENGERMATCH-26APR18CHWMON-MON,29,359,28,1790,27,978,26,547,25,20,31,247,32,1365,33,1771,34,783,35,329,30.0
2026-04-17 11:16:05 PM,KXWTACHALLENGERMATCH-26APR18CHWMON-MON,29,359,28,1800,27,978,26,547,25,20,31,247,32,1365,33,1771,34,783,35,329,30.0
2026-04-17 11:17:07 PM,KXWTACHALLENGERMATCH-26APR18CHWMON-MON,29,359,28,1800,27,978,26,547,25,20,31,247,32,1365,33,838,34,783,35,329,30.0
2026-04-17 11:17:07 PM,KXWTACHALLENGERMATCH-26APR18CHWMON-MON,29,359,28,1800,27,978,26,547,25,20,31,247,32,1365,33,1771,34,783,35,329,30.0
2026-04-17 11:18:55 PM,KXWTACHALLENGERMATCH-26APR18CHWMON-MON,29,359,28,1800,27,978,26,547,25,20,31,247,32,1365,33,838,34,783,35,329,30.0
2026-04-17 11:18:55 PM,KXWTACHALLENGERMATCH-26APR18CHWMON-MON,29,359,28,1800,27,978,26,547,25,20,31,247,32,1365,33,1771,34,783,35,329,30.0
2026-04-17 11:20:35 PM,KXWTACHALLENGERMATCH-26APR18CHWMON-MON,29,359,28,1800,27,978,26,547,25,20,30,4,31,247,32,1365,33,1771,34,783,29.5
2026-04-17 11:20:40 PM,KXWTACHALLENGERMATCH-26APR18CHWMON-MON,29,359,28,1800,27,978,26,547,25,20,30,4,31,247,32,1365,33,838,34,783,29.5
2026-04-17 11:20:40 PM,KXWTACHALLENGERMATCH-26APR18CHWMON-MON,29,359,28,1800,27,978,26,547,25,20,30,4,31,247,32,1365,33,1771,34,783,29.5
2026-04-17 11:22:13 PM,KXWTACHALLENGERMATCH-26APR18CHWMON-MON,29,359,28,1800,27,978,26,547,25,20,30,4,31,247,32,1365,33,838,34,783,29.5
2026-04-17 11:22:13 PM,KXWTACHALLENGERMATCH-26APR18CHWMON-MON,29,359,28,1800,27,978,26,547,25,20,30,4,31,247,32,1365,33,1771,34,783,29.5
2026-04-17 11:24:42 PM,KXWTACHALLENGERMATCH-26APR18CHWMON-MON,29,359,28,1800,27,978,26,547,25,20,30,4,31,247,32,1365,33,838,34,783,29.5
2026-04-17 11:24:42 PM,KXWTACHALLENGERMATCH-26APR18CHWMON-MON,29,359,28,1800,27,978,26,547,25,20,30,4,31,247,32,1365,33,1771,34,783,29.5
2026-04-17 11:26:25 PM,KXWTACHALLENGERMATCH-26APR18CHWMON-MON,29,359,28,1800,27,978,26,547,25,20,30,4,31,247,32,1365,33,838,34,783,29.5
2026-04-17 11:26:25 PM,KXWTACHALLENGERMATCH-26APR18CHWMON-MON,29,359,28,1800,27,978,26,547,25,20,30,4,31,247,32,1365,33,1771,34,783,29.5
2026-04-17 11:28:15 PM,KXWTACHALLENGERMATCH-26APR18CHWMON-MON,29,359,28,1800,27,978,26,547,25,20,30,4,31,247,32,1365,33,838,34,783,29.5
2026-04-17 11:28:15 PM,KXWTACHALLENGERMATCH-26APR18CHWMON-MON,29,359,28,1800,27,978,26,547,25,20,30,4,31,247,32,1365,33,1771,34,783,29.5
2026-04-17 11:29:39 PM,KXWTACHALLENGERMATCH-26APR18CHWMON-MON,29,359,28,1800,27,978,26,547,25,20,30,4,31,247,32,1365,33,1781,34,783,29.5
2026-04-17 11:29:56 PM,KXWTACHALLENGERMATCH-26APR18CHWMON-MON,29,359,28,1800,27,978,26,547,25,20,30,8,31,247,32,1365,33,1781,34,783,29.5
2026-04-17 11:30:14 PM,KXWTACHALLENGERMATCH-26APR18CHWMON-MON,29,359,28,1800,27,978,26,547,25,20,30,8,31,247,32,1365,33,848,34,783,29.5
2026-04-17 11:30:14 PM,KXWTACHALLENGERMATCH-26APR18CHWMON-MON,29,359,28,1800,27,978,26,547,25,20,30,8,31,247,32,1365,33,1781,34,783,29.5
2026-04-17 11:31:52 PM,KXWTACHALLENGERMATCH-26APR18CHWMON-MON,29,359,28,1800,27,978,26,547,25,20,30,4,31,247,32,1365,33,1781,34,783,29.5
2026-04-17 11:31:52 PM,KXWTACHALLENGERMATCH-26APR18CHWMON-MON,29,359,28,1800,27,978,26,547,25,20,31,247,32,1365,33,1781,34,783,35,329,30.0
2026-04-17 11:31:52 PM,KXWTACHALLENGERMATCH-26APR18CHWMON-MON,29,359,28,1800,27,978,26,547,25,20,31,243,32,1365,33,1781,34,783,35,329,30.0
2026-04-17 11:32:33 PM,KXWTACHALLENGERMATCH-26APR18CHWMON-MON,29,359,28,1800,27,978,26,547,25,20,31,243,32,1365,33,848,34,783,35,329,30.0
2026-04-17 11:32:33 PM,KXWTACHALLENGERMATCH-26APR18CHWMON-MON,29,359,28,1800,27,978,26,547,25,20,31,243,32,1365,33,1781,34,783,35,329,30.0
2026-04-17 11:34:02 PM,KXWTACHALLENGERMATCH-26APR18CHWMON-MON,29,359,28,1800,27,1860,26,547,25,20,31,243,32,1365,33,1781,34,783,35,329,30.0
2026-04-17 11:34:02 PM,KXWTACHALLENGERMATCH-26APR18CHWMON-MON,29,359,28,1800,27,1860,26,547,25,20,31,1125,32,1365,33,1781,34,783,35,329,30.0
2026-04-17 11:34:02 PM,KXWTACHALLENGERMATCH-26APR18CHWMON-MON,29,359,28,920,27,1860,26,547,25,20,31,1125,32,1365,33,1781,34,783,35,329,30.0
2026-04-17 11:34:03 PM,KXWTACHALLENGERMATCH-26APR18CHWMON-MON,29,359,28,920,27,1860,26,547,25,20,31,1125,32,485,33,1781,34,783,35,329,30.0
2026-04-17 11:34:03 PM,KXWTACHALLENGERMATCH-26APR18CHWMON-MON,29,359,28,920,27,1860,26,547,25,20,31,243,32,485,33,1781,34,783,35,329,30.0
2026-04-17 11:34:03 PM,KXWTACHALLENGERMATCH-26APR18CHWMON-MON,29,359,28,920,27,978,26,547,25,20,31,243,32,485,33,1781,34,783,35,329,30.0
2026-04-17 11:34:11 PM,KXWTACHALLENGERMATCH-26APR18CHWMON-MON,29,359,28,1802,27,978,26,547,25,20,31,243,32,485,33,1781,34,783,35,329,30.0
2026-04-17 11:34:11 PM,KXWTACHALLENGERMATCH-26APR18CHWMON-MON,29,359,28,1802,27,978,26,547,25,20,31,243,32,1367,33,1781,34,783,35,329,30.0
2026-04-17 11:34:11 PM,KXWTACHALLENGERMATCH-26APR18CHWMON-MON,29,359,28,920,27,978,26,547,25,20,31,243,32,1367,33,1781,34,783,35,329,30.0
2026-04-17 11:34:19 PM,KXWTACHALLENGERMATCH-26APR18CHWMON-MON,29,359,28,1802,27,978,26,547,25,20,31,243,32,1367,33,1781,34,783,35,329,30.0
2026-04-17 11:34:25 PM,KXWTACHALLENGERMATCH-26APR18CHWMON-MON,29,359,28,1802,27,978,26,547,25,20,31,243,32,1367,33,848,34,783,35,329,30.0
2026-04-17 11:34:25 PM,KXWTACHALLENGERMATCH-26APR18CHWMON-MON,29,359,28,1802,27,978,26,547,25,20,31,243,32,1367,33,1781,34,783,35,329,30.0
2026-04-17 11:35:03 PM,KXWTACHALLENGERMATCH-26APR18CHWMON-MON,29,359,28,1802,27,1860,26,547,25,20,31,243,32,1367,33,1781,34,783,35,329,30.0
2026-04-17 11:35:03 PM,KXWTACHALLENGERMATCH-26APR18CHWMON-MON,29,359,28,1802,27,1860,26,547,25,20,31,1125,32,1367,33,1781,34,783,35,329,30.0
2026-04-17 11:35:03 PM,KXWTACHALLENGERMATCH-26APR18CHWMON-MON,29,359,28,920,27,1860,26,547,25,20,31,1125,32,1367,33,1781,34,783,35,329,30.0
2026-04-17 11:35:03 PM,KXWTACHALLENGERMATCH-26APR18CHWMON-MON,29,359,28,920,27,1860,26,547,25,20,31,1125,32,485,33,1781,34,783,35,329,30.0
2026-04-17 11:35:03 PM,KXWTACHALLENGERMATCH-26APR18CHWMON-MON,29,359,28,920,27,1860,26,547,25,20,31,243,32,485,33,1781,34,783,35,329,30.0
2026-04-17 11:35:19 PM,KXWTACHALLENGERMATCH-26APR18CHWMON-MON,29,359,28,920,27,1860,26,547,25,20,31,1125,32,485,33,1781,34,783,35,329,30.0
2026-04-17 11:35:21 PM,KXWTACHALLENGERMATCH-26APR18CHWMON-MON,29,359,28,1802,27,1860,26,547,25,20,31,1125,32,485,33,1781,34,783,35,329,30.0
2026-04-17 11:35:21 PM,KXWTACHALLENGERMATCH-26APR18CHWMON-MON,29,359,28,1802,27,1860,26,547,25,20,31,243,32,485,33,1781,34,783,35,329,30.0
2026-04-17 11:35:21 PM,KXWTACHALLENGERMATCH-26APR18CHWMON-MON,29,359,28,1802,27,978,26,547,25,20,31,243,32,485,33,1781,34,783,35,329,30.0
2026-04-17 11:35:24 PM,KXWTACHALLENGERMATCH-26APR18CHWMON-MON,29,359,28,920,27,978,26,547,25,20,31,243,32,485,33,1781,34,783,35,329,30.0
2026-04-17 11:35:39 PM,KXWTACHALLENGERMATCH-26APR18CHWMON-MON,29,359,28,1802,27,978,26,547,25,20,31,243,32,485,33,1781,34,783,35,329,30.0
2026-04-17 11:35:39 PM,KXWTACHALLENGERMATCH-26APR18CHWMON-MON,29,359,28,1802,27,978,26,547,25,20,31,243,32,1367,33,1781,34,783,35,329,30.0
2026-04-17 11:36:53 PM,KXWTACHALLENGERMATCH-26APR18CHWMON-MON,29,359,28,1802,27,978,26,547,25,20,31,243,32,1367,33,848,34,783,35,329,30.0
2026-04-17 11:36:53 PM,KXWTACHALLENGERMATCH-26APR18CHWMON-MON,29,359,28,1802,27,978,26,547,25,20,31,243,32,1367,33,1781,34,783,35,329,30.0
2026-04-17 11:38:44 PM,KXWTACHALLENGERMATCH-26APR18CHWMON-MON,29,359,28,1802,27,978,26,547,25,20,31,243,32,1367,33,848,34,783,35,329,30.0
2026-04-17 11:38:44 PM,KXWTACHALLENGERMATCH-26APR18CHWMON-MON,29,359,28,1802,27,978,26,547,25,20,31,243,32,1367,33,1781,34,783,35,329,30.0
2026-04-17 11:39:06 PM,KXWTACHALLENGERMATCH-26APR18CHWMON-MON,29,359,28,1802,27,1860,26,547,25,20,31,243,32,1367,33,1781,34,783,35,329,30.0
2026-04-17 11:39:06 PM,KXWTACHALLENGERMATCH-26APR18CHWMON-MON,29,359,28,1802,27,1860,26,547,25,20,31,1125,32,1367,33,1781,34,783,35,329,30.0
2026-04-17 11:39:06 PM,KXWTACHALLENGERMATCH-26APR18CHWMON-MON,29,359,28,920,27,1860,26,547,25,20,31,1125,32,1367,33,1781,34,783,35,329,30.0
2026-04-17 11:39:07 PM,KXWTACHALLENGERMATCH-26APR18CHWMON-MON,29,359,28,920,27,1860,26,547,25,20,31,1125,32,485,33,1781,34,783,35,329,30.0
2026-04-17 11:39:07 PM,KXWTACHALLENGERMATCH-26APR18CHWMON-MON,29,359,28,920,27,978,26,547,25,20,31,1125,32,485,33,1781,34,783,35,329,30.0
2026-04-17 11:39:07 PM,KXWTACHALLENGERMATCH-26APR18CHWMON-MON,29,359,28,920,27,978,26,547,25,20,31,243,32,485,33,1781,34,783,35,329,30.0
2026-04-17 11:39:19 PM,KXWTACHALLENGERMATCH-26APR18CHWMON-MON,29,359,28,1802,27,978,26,547,25,20,31,243,32,485,33,1781,34,783,35,329,30.0
2026-04-17 11:39:19 PM,KXWTACHALLENGERMATCH-26APR18CHWMON-MON,29,359,28,1802,27,978,26,547,25,20,31,243,32,1367,33,1781,34,783,35,329,30.0
2026-04-17 11:40:18 PM,KXWTACHALLENGERMATCH-26APR18CHWMON-MON,29,359,28,1802,27,1860,26,547,25,20,31,243,32,1367,33,1781,34,783,35,329,30.0
2026-04-17 11:40:18 PM,KXWTACHALLENGERMATCH-26APR18CHWMON-MON,29,359,28,1802,27,1860,26,547,25,20,31,1125,32,1367,33,1781,34,783,35,329,30.0
2026-04-17 11:40:18 PM,KXWTACHALLENGERMATCH-26APR18CHWMON-MON,29,359,28,920,27,1860,26,547,25,20,31,1125,32,1367,33,1781,34,783,35,329,30.0
2026-04-17 11:40:18 PM,KXWTACHALLENGERMATCH-26APR18CHWMON-MON,29,359,28,920,27,1860,26,547,25,20,31,1125,32,485,33,1781,34,783,35,329,30.0
2026-04-17 11:40:18 PM,KXWTACHALLENGERMATCH-26APR18CHWMON-MON,29,359,28,920,27,1860,26,547,25,20,31,1125,32,485,33,848,34,783,35,329,30.0
2026-04-17 11:40:18 PM,KXWTACHALLENGERMATCH-26APR18CHWMON-MON,29,359,28,920,27,1860,26,547,25,20,31,1125,32,485,33,1781,34,783,35,329,30.0
2026-04-17 11:40:18 PM,KXWTACHALLENGERMATCH-26APR18CHWMON-MON,29,359,28,920,27,1860,26,547,25,20,31,243,32,485,33,1781,34,783,35,329,30.0
2026-04-17 11:40:19 PM,KXWTACHALLENGERMATCH-26APR18CHWMON-MON,29,359,28,920,27,978,26,547,25,20,31,243,32,485,33,1781,34,783,35,329,30.0
2026-04-17 11:40:29 PM,KXWTACHALLENGERMATCH-26APR18CHWMON-MON,29,359,28,1802,27,978,26,547,25,20,31,243,32,485,33,1781,34,783,35,329,30.0
2026-04-17 11:40:29 PM,KXWTACHALLENGERMATCH-26APR18CHWMON-MON,29,359,28,1802,27,978,26,547,25,20,31,243,32,1367,33,1781,34,783,35,329,30.0
2026-04-17 11:41:36 PM,KXWTACHALLENGERMATCH-26APR18CHWMON-MON,29,359,28,1802,27,978,26,547,25,20,31,243,32,1367,33,1771,34,783,35,329,30.0
2026-04-17 11:42:26 PM,KXWTACHALLENGERMATCH-26APR18CHWMON-MON,29,359,28,1802,27,978,26,547,25,20,31,243,32,1367,33,838,34,783,35,329,30.0
2026-04-17 11:42:26 PM,KXWTACHALLENGERMATCH-26APR18CHWMON-MON,29,359,28,1802,27,978,26,547,25,20,31,243,32,1367,33,1771,34,783,35,329,30.0
2026-04-17 11:44:45 PM,KXWTACHALLENGERMATCH-26APR18CHWMON-MON,29,359,28,1802,27,978,26,547,25,20,31,243,32,1367,33,838,34,783,35,329,30.0
2026-04-17 11:44:45 PM,KXWTACHALLENGERMATCH-26APR18CHWMON-MON,29,359,28,1802,27,978,26,547,25,20,31,243,32,1367,33,1771,34,783,35,329,30.0
2026-04-17 11:46:41 PM,KXWTACHALLENGERMATCH-26APR18CHWMON-MON,29,359,28,1802,27,978,26,547,25,20,31,243,32,1367,33,2704,34,783,35,329,30.0
2026-04-17 11:46:41 PM,KXWTACHALLENGERMATCH-26APR18CHWMON-MON,29,359,28,1802,27,978,26,547,25,20,31,243,32,1367,33,1771,34,783,35,329,30.0
2026-04-17 11:48:38 PM,KXWTACHALLENGERMATCH-26APR18CHWMON-MON,29,359,28,1802,27,978,26,547,25,20,31,243,32,1367,33,838,34,783,35,329,30.0
2026-04-17 11:48:38 PM,KXWTACHALLENGERMATCH-26APR18CHWMON-MON,29,359,28,1802,27,978,26,547,25,20,31,243,32,1367,33,1771,34,783,35,329,30.0
2026-04-17 11:50:58 PM,KXWTACHALLENGERMATCH-26APR18CHWMON-MON,29,359,28,1802,27,978,26,547,25,20,31,243,32,1367,33,838,34,783,35,329,30.0
2026-04-17 11:50:58 PM,KXWTACHALLENGERMATCH-26APR18CHWMON-MON,29,359,28,1802,27,978,26,547,25,20,31,243,32,1367,33,1771,34,783,35,329,30.0
2026-04-17 11:52:50 PM,KXWTACHALLENGERMATCH-26APR18CHWMON-MON,29,359,28,1802,27,978,26,547,25,20,31,243,32,1367,33,2704,34,783,35,329,30.0
2026-04-17 11:52:50 PM,KXWTACHALLENGERMATCH-26APR18CHWMON-MON,29,359,28,1802,27,978,26,547,25,20,31,243,32,1367,33,1771,34,783,35,329,30.0
2026-04-17 11:54:32 PM,KXWTACHALLENGERMATCH-26APR18CHWMON-MON,29,359,28,1802,27,978,26,547,25,20,31,243,32,1367,33,838,34,783,35,329,30.0
2026-04-17 11:54:32 PM,KXWTACHALLENGERMATCH-26APR18CHWMON-MON,29,359,28,1802,27,978,26,547,25,20,31,243,32,1367,33,1771,34,783,35,329,30.0
2026-04-17 11:56:32 PM,KXWTACHALLENGERMATCH-26APR18CHWMON-MON,29,359,28,1802,27,978,26,547,25,20,31,243,32,1367,33,838,34,783,35,329,30.0
2026-04-17 11:56:32 PM,KXWTACHALLENGERMATCH-26APR18CHWMON-MON,29,359,28,1802,27,978,26,547,25,20,31,243,32,1367,33,1771,34,783,35,329,30.0
2026-04-17 11:58:53 PM,KXWTACHALLENGERMATCH-26APR18CHWMON-MON,29,359,28,1802,27,978,26,547,25,20,31,243,32,1367,33,838,34,783,35,329,30.0
2026-04-17 11:58:53 PM,KXWTACHALLENGERMATCH-26APR18CHWMON-MON,29,359,28,1802,27,978,26,547,25,20,31,243,32,1367,33,1771,34,783,35,329,30.0
2026-04-18 12:00:30 AM,KXWTACHALLENGERMATCH-26APR18CHWMON-MON,29,359,28,1802,27,1860,26,547,25,20,31,243,32,1367,33,1771,34,783,35,329,30.0
2026-04-18 12:00:30 AM,KXWTACHALLENGERMATCH-26APR18CHWMON-MON,29,359,28,920,27,1860,26,547,25,20,31,243,32,1367,33,1771,34,783,35,329,30.0
2026-04-18 12:00:36 AM,KXWTACHALLENGERMATCH-26APR18CHWMON-MON,29,359,28,920,27,1860,26,547,25,20,31,243,32,1367,33,838,34,783,35,329,30.0
2026-04-18 12:00:36 AM,KXWTACHALLENGERMATCH-26APR18CHWMON-MON,29,359,28,920,27,1860,26,547,25,20,31,243,32,1367,33,1771,34,783,35,329,30.0
2026-04-18 12:00:40 AM,KXWTACHALLENGERMATCH-26APR18CHWMON-MON,29,359,28,920,27,1860,26,547,25,20,31,1125,32,1367,33,1771,34,783,35,329,30.0
2026-04-18 12:00:40 AM,KXWTACHALLENGERMATCH-26APR18CHWMON-MON,29,359,28,920,27,1860,26,547,25,20,31,1125,32,485,33,1771,34,783,35,329,30.0
2026-04-18 12:00:45 AM,KXWTACHALLENGERMATCH-26APR18CHWMON-MON,29,359,28,1802,27,1860,26,547,25,20,31,1125,32,485,33,1771,34,783,35,329,30.0
2026-04-18 12:00:45 AM,KXWTACHALLENGERMATCH-26APR18CHWMON-MON,29,359,28,1802,27,1860,26,547,25,20,31,243,32,485,33,1771,34,783,35,329,30.0
2026-04-18 12:00:45 AM,KXWTACHALLENGERMATCH-26APR18CHWMON-MON,29,359,28,1802,27,978,26,547,25,20,31,243,32,485,33,1771,34,783,35,329,30.0
2026-04-18 12:00:49 AM,KXWTACHALLENGERMATCH-26APR18CHWMON-MON,29,359,28,1802,27,978,26,547,25,20,31,243,32,1367,33,1771,34,783,35,329,30.0
2026-04-18 12:00:49 AM,KXWTACHALLENGERMATCH-26APR18CHWMON-MON,29,359,28,920,27,978,26,547,25,20,31,243,32,1367,33,1771,34,783,35,329,30.0
2026-04-18 12:00:50 AM,KXWTACHALLENGERMATCH-26APR18CHWMON-MON,29,359,28,920,27,978,26,547,25,20,31,243,32,485,33,1771,34,783,35,329,30.0
2026-04-18 12:00:53 AM,KXWTACHALLENGERMATCH-26APR18CHWMON-MON,29,359,28,920,27,981,26,547,25,20,31,243,32,485,33,1771,34,783,35,329,30.0
2026-04-18 12:00:53 AM,KXWTACHALLENGERMATCH-26APR18CHWMON-MON,29,359,28,920,27,981,26,547,25,20,31,243,32,485,33,1771,34,783,35,330,30.0
2026-04-18 12:00:53 AM,KXWTACHALLENGERMATCH-26APR18CHWMON-MON,29,359,28,920,27,981,26,550,25,20,31,243,32,485,33,1771,34,783,35,330,30.0
2026-04-18 12:00:53 AM,KXWTACHALLENGERMATCH-26APR18CHWMON-MON,29,359,28,920,27,1863,26,550,25,20,31,243,32,485,33,1771,34,783,35,330,30.0
2026-04-18 12:00:58 AM,KXWTACHALLENGERMATCH-26APR18CHWMON-MON,29,359,28,920,27,1863,26,550,25,20,31,1125,32,485,33,1771,34,783,35,330,30.0
2026-04-18 12:02:46 AM,KXWTACHALLENGERMATCH-26APR18CHWMON-MON,29,359,28,920,27,1863,26,550,25,20,31,1125,32,485,33,838,34,783,35,330,30.0
2026-04-18 12:02:46 AM,KXWTACHALLENGERMATCH-26APR18CHWMON-MON,29,359,28,920,27,1863,26,550,25,20,31,1125,32,485,33,1771,34,783,35,330,30.0
2026-04-18 12:05:04 AM,KXWTACHALLENGERMATCH-26APR18CHWMON-MON,29,359,28,920,27,1863,26,550,25,20,31,1125,32,485,33,838,34,783,35,330,30.0
2026-04-18 12:05:04 AM,KXWTACHALLENGERMATCH-26APR18CHWMON-MON,29,359,28,920,27,1863,26,550,25,20,31,1125,32,485,33,1771,34,783,35,330,30.0
2026-04-18 12:06:36 AM,KXWTACHALLENGERMATCH-26APR18CHWMON-MON,29,359,28,920,27,1863,26,550,25,20,31,1125,32,485,33,838,34,783,35,330,30.0
2026-04-18 12:06:36 AM,KXWTACHALLENGERMATCH-26APR18CHWMON-MON,29,359,28,920,27,1863,26,550,25,20,31,1125,32,485,33,1771,34,783,35,330,30.0
2026-04-18 12:08:44 AM,KXWTACHALLENGERMATCH-26APR18CHWMON-MON,29,359,28,920,27,1863,26,550,25,20,31,1125,32,485,33,2704,34,783,35,330,30.0
2026-04-18 12:08:44 AM,KXWTACHALLENGERMATCH-26APR18CHWMON-MON,29,359,28,920,27,1863,26,550,25,20,31,1125,32,485,33,1771,34,783,35,330,30.0
2026-04-18 12:10:19 AM,KXWTACHALLENGERMATCH-26APR18CHWMON-MON,29,359,28,920,27,1863,26,550,25,20,31,1125,32,485,33,838,34,783,35,330,30.0
2026-04-18 12:10:19 AM,KXWTACHALLENGERMATCH-26APR18CHWMON-MON,29,359,28,920,27,1863,26,550,25,20,31,1125,32,485,33,1771,34,783,35,330,30.0
2026-04-18 12:12:12 AM,KXWTACHALLENGERMATCH-26APR18CHWMON-MON,29,359,28,920,27,1863,26,550,25,20,31,1125,32,485,33,838,34,783,35,330,30.0
2026-04-18 12:12:12 AM,KXWTACHALLENGERMATCH-26APR18CHWMON-MON,29,359,28,920,27,1863,26,550,25,20,31,1125,32,485,33,1771,34,783,35,330,30.0
2026-04-18 12:14:39 AM,KXWTACHALLENGERMATCH-26APR18CHWMON-MON,29,359,28,920,27,1863,26,550,25,20,31,1125,32,485,33,838,34,783,35,330,30.0
2026-04-18 12:14:39 AM,KXWTACHALLENGERMATCH-26APR18CHWMON-MON,29,359,28,920,27,1863,26,550,25,20,31,1125,32,485,33,1771,34,783,35,330,30.0
2026-04-18 12:16:33 AM,KXWTACHALLENGERMATCH-26APR18CHWMON-MON,29,359,28,920,27,1863,26,550,25,20,31,1125,32,485,33,838,34,783,35,330,30.0
2026-04-18 12:16:33 AM,KXWTACHALLENGERMATCH-26APR18CHWMON-MON,29,359,28,920,27,1863,26,550,25,20,31,1125,32,485,33,1771,34,783,35,330,30.0
2026-04-18 12:18:55 AM,KXWTACHALLENGERMATCH-26APR18CHWMON-MON,29,359,28,920,27,1863,26,550,25,20,31,1125,32,485,33,838,34,783,35,330,30.0
2026-04-18 12:18:55 AM,KXWTACHALLENGERMATCH-26APR18CHWMON-MON,29,359,28,920,27,1863,26,550,25,20,31,1125,32,485,33,1771,34,783,35,330,30.0
2026-04-18 12:21:05 AM,KXWTACHALLENGERMATCH-26APR18CHWMON-MON,29,359,28,920,27,1863,26,550,25,20,31,1125,32,485,33,838,34,783,35,330,30.0
2026-04-18 12:21:05 AM,KXWTACHALLENGERMATCH-26APR18CHWMON-MON,29,359,28,920,27,1863,26,550,25,20,31,1125,32,485,33,1771,34,783,35,330,30.0
2026-04-18 12:22:52 AM,KXWTACHALLENGERMATCH-26APR18CHWMON-MON,29,359,28,920,27,1863,26,550,25,20,31,1125,32,485,33,838,34,783,35,330,30.0
2026-04-18 12:22:52 AM,KXWTACHALLENGERMATCH-26APR18CHWMON-MON,29,359,28,920,27,1863,26,550,25,20,31,1125,32,485,33,1771,34,783,35,330,30.0
2026-04-18 12:24:54 AM,KXWTACHALLENGERMATCH-26APR18CHWMON-MON,29,359,28,920,27,1863,26,550,25,20,31,1125,32,485,33,838,34,783,35,330,30.0
2026-04-18 12:24:54 AM,KXWTACHALLENGERMATCH-26APR18CHWMON-MON,29,359,28,920,27,1863,26,550,25,20,31,1125,32,485,33,1771,34,783,35,330,30.0
2026-04-18 12:26:59 AM,KXWTACHALLENGERMATCH-26APR18CHWMON-MON,29,359,28,920,27,1863,26,550,25,20,31,1125,32,485,33,838,34,783,35,330,30.0
2026-04-18 12:26:59 AM,KXWTACHALLENGERMATCH-26APR18CHWMON-MON,29,359,28,920,27,1863,26,550,25,20,31,1125,32,485,33,1771,34,783,35,330,30.0
2026-04-18 12:28:43 AM,KXWTACHALLENGERMATCH-26APR18CHWMON-MON,29,359,28,920,27,1863,26,550,25,20,31,1125,32,485,33,838,34,783,35,330,30.0
2026-04-18 12:28:43 AM,KXWTACHALLENGERMATCH-26APR18CHWMON-MON,29,359,28,920,27,1863,26,550,25,20,31,1125,32,485,33,1771,34,783,35,330,30.0
2026-04-18 12:30:29 AM,KXWTACHALLENGERMATCH-26APR18CHWMON-MON,29,359,28,920,27,1863,26,550,25,20,31,1125,32,485,33,838,34,783,35,330,30.0
2026-04-18 12:30:29 AM,KXWTACHALLENGERMATCH-26APR18CHWMON-MON,29,359,28,920,27,1863,26,550,25,20,31,1125,32,485,33,1771,34,783,35,330,30.0
2026-04-18 12:32:49 AM,KXWTACHALLENGERMATCH-26APR18CHWMON-MON,29,359,28,920,27,1863,26,550,25,20,31,1125,32,485,33,838,34,783,35,330,30.0
2026-04-18 12:32:49 AM,KXWTACHALLENGERMATCH-26APR18CHWMON-MON,29,359,28,920,27,1863,26,550,25,20,31,1125,32,485,33,1771,34,783,35,330,30.0
2026-04-18 12:35:15 AM,KXWTACHALLENGERMATCH-26APR18CHWMON-MON,29,359,28,920,27,1863,26,550,25,20,31,1125,32,485,33,838,34,783,35,330,30.0
2026-04-18 12:35:15 AM,KXWTACHALLENGERMATCH-26APR18CHWMON-MON,29,359,28,920,27,1863,26,550,25,20,31,1125,32,485,33,1771,34,783,35,330,30.0
2026-04-18 12:36:45 AM,KXWTACHALLENGERMATCH-26APR18CHWMON-MON,29,359,28,920,27,1863,26,550,25,20,31,1125,32,485,33,838,34,783,35,330,30.0
2026-04-18 12:36:46 AM,KXWTACHALLENGERMATCH-26APR18CHWMON-MON,29,359,28,920,27,1863,26,550,25,20,31,1125,32,485,33,1771,34,783,35,330,30.0
2026-04-18 12:38:43 AM,KXWTACHALLENGERMATCH-26APR18CHWMON-MON,29,359,28,920,27,1863,26,550,25,20,31,1125,32,485,33,838,34,783,35,330,30.0
2026-04-18 12:38:43 AM,KXWTACHALLENGERMATCH-26APR18CHWMON-MON,29,359,28,920,27,1863,26,550,25,20,31,1125,32,485,33,1771,34,783,35,330,30.0
2026-04-18 12:40:35 AM,KXWTACHALLENGERMATCH-26APR18CHWMON-MON,29,359,28,920,27,1863,26,550,25,20,31,1125,32,485,33,838,34,783,35,330,30.0
2026-04-18 12:40:35 AM,KXWTACHALLENGERMATCH-26APR18CHWMON-MON,29,359,28,920,27,1863,26,550,25,20,31,1125,32,485,33,1771,34,783,35,330,30.0
2026-04-18 12:42:21 AM,KXWTACHALLENGERMATCH-26APR18CHWMON-MON,29,359,28,920,27,1863,26,550,25,20,31,1125,32,485,33,838,34,783,35,330,30.0
2026-04-18 12:42:21 AM,KXWTACHALLENGERMATCH-26APR18CHWMON-MON,29,359,28,920,27,1863,26,550,25,20,31,1125,32,485,33,1771,34,783,35,330,30.0
2026-04-18 12:44:04 AM,KXWTACHALLENGERMATCH-26APR18CHWMON-MON,29,359,28,920,27,1863,26,550,25,20,31,1125,32,485,33,838,34,783,35,330,30.0
2026-04-18 12:44:04 AM,KXWTACHALLENGERMATCH-26APR18CHWMON-MON,29,359,28,920,27,1863,26,550,25,20,31,1125,32,485,33,1771,34,783,35,330,30.0
2026-04-18 12:46:07 AM,KXWTACHALLENGERMATCH-26APR18CHWMON-MON,29,359,28,920,27,1863,26,550,25,20,31,1125,32,485,33,838,34,783,35,330,30.0
2026-04-18 12:46:07 AM,KXWTACHALLENGERMATCH-26APR18CHWMON-MON,29,359,28,920,27,1863,26,550,25,20,31,1125,32,485,33,1771,34,783,35,330,30.0
2026-04-18 12:48:07 AM,KXWTACHALLENGERMATCH-26APR18CHWMON-MON,29,359,28,920,27,1863,26,550,25,20,31,1125,32,485,33,838,34,783,35,330,30.0
2026-04-18 12:48:07 AM,KXWTACHALLENGERMATCH-26APR18CHWMON-MON,29,359,28,920,27,1863,26,550,25,20,31,1125,32,485,33,1771,34,783,35,330,30.0
2026-04-18 12:50:19 AM,KXWTACHALLENGERMATCH-26APR18CHWMON-MON,29,359,28,920,27,1863,26,550,25,20,31,1125,32,485,33,838,34,783,35,330,30.0
2026-04-18 12:50:19 AM,KXWTACHALLENGERMATCH-26APR18CHWMON-MON,29,359,28,920,27,1863,26,550,25,20,31,1125,32,485,33,1771,34,783,35,330,30.0
2026-04-18 12:52:28 AM,KXWTACHALLENGERMATCH-26APR18CHWMON-MON,29,359,28,920,27,1863,26,550,25,20,31,1125,32,485,33,838,34,783,35,330,30.0
2026-04-18 12:52:29 AM,KXWTACHALLENGERMATCH-26APR18CHWMON-MON,29,359,28,920,27,1863,26,550,25,20,31,1125,32,485,33,1771,34,783,35,330,30.0
2026-04-18 12:54:01 AM,KXWTACHALLENGERMATCH-26APR18CHWMON-MON,29,359,28,920,27,1863,26,550,25,20,31,1125,32,485,33,838,34,783,35,330,30.0
2026-04-18 12:54:01 AM,KXWTACHALLENGERMATCH-26APR18CHWMON-MON,29,359,28,920,27,1863,26,550,25,20,31,1125,32,485,33,1771,34,783,35,330,30.0
2026-04-18 12:55:43 AM,KXWTACHALLENGERMATCH-26APR18CHWMON-MON,29,359,28,920,27,1863,26,550,25,20,31,1125,32,485,33,838,34,783,35,330,30.0
2026-04-18 12:55:43 AM,KXWTACHALLENGERMATCH-26APR18CHWMON-MON,29,359,28,920,27,1863,26,550,25,20,31,1125,32,485,33,1771,34,783,35,330,30.0
2026-04-18 12:57:46 AM,KXWTACHALLENGERMATCH-26APR18CHWMON-MON,29,359,28,920,27,1863,26,550,25,20,31,1125,32,485,33,838,34,783,35,330,30.0
2026-04-18 12:57:46 AM,KXWTACHALLENGERMATCH-26APR18CHWMON-MON,29,359,28,920,27,1863,26,550,25,20,31,1125,32,485,33,1771,34,783,35,330,30.0
2026-04-18 12:59:12 AM,KXWTACHALLENGERMATCH-26APR18CHWMON-MON,29,359,28,920,27,2263,26,550,25,20,31,1125,32,485,33,1771,34,783,35,330,30.0
2026-04-18 12:59:12 AM,KXWTACHALLENGERMATCH-26APR18CHWMON-MON,29,359,28,920,27,2263,26,550,25,20,31,1125,32,851,33,1771,34,783,35,330,30.0
2026-04-18 12:59:16 AM,KXWTACHALLENGERMATCH-26APR18CHWMON-MON,29,359,28,920,27,2263,26,550,25,20,31,1125,32,851,33,838,34,783,35,330,30.0
2026-04-18 12:59:16 AM,KXWTACHALLENGERMATCH-26APR18CHWMON-MON,29,359,28,920,27,2263,26,550,25,20,31,1125,32,851,33,1771,34,783,35,330,30.0
2026-04-18 01:00:04 AM,KXWTACHALLENGERMATCH-26APR18CHWMON-MON,29,359,28,920,27,2263,26,550,25,20,31,1713,32,851,33,1771,34,783,35,330,30.0
2026-04-18 01:00:04 AM,KXWTACHALLENGERMATCH-26APR18CHWMON-MON,29,359,28,920,27,2263,26,550,25,20,31,1713,32,851,33,1771,34,333,35,330,30.0
2026-04-18 01:00:04 AM,KXWTACHALLENGERMATCH-26APR18CHWMON-MON,29,359,28,920,27,2263,26,550,25,20,31,1713,32,851,33,1771,34,333,35,1,30.0
2026-04-18 01:01:33 AM,KXWTACHALLENGERMATCH-26APR18CHWMON-MON,29,359,28,920,27,2263,26,550,25,20,31,1713,32,851,33,838,34,333,35,1,30.0
2026-04-18 01:01:33 AM,KXWTACHALLENGERMATCH-26APR18CHWMON-MON,29,359,28,920,27,2263,26,550,25,20,31,1713,32,851,33,1771,34,333,35,1,30.0
2026-04-18 01:03:48 AM,KXWTACHALLENGERMATCH-26APR18CHWMON-MON,29,359,28,920,27,2263,26,550,25,20,31,1713,32,851,33,838,34,333,35,1,30.0
2026-04-18 01:03:48 AM,KXWTACHALLENGERMATCH-26APR18CHWMON-MON,29,359,28,920,27,2263,26,550,25,20,31,1713,32,851,33,1771,34,333,35,1,30.0
2026-04-18 01:05:21 AM,KXWTACHALLENGERMATCH-26APR18CHWMON-MON,29,359,28,920,27,2263,26,550,25,20,31,1713,32,851,33,838,34,333,35,1,30.0
2026-04-18 01:05:21 AM,KXWTACHALLENGERMATCH-26APR18CHWMON-MON,29,359,28,920,27,2263,26,550,25,20,31,1713,32,851,33,1771,34,333,35,1,30.0
2026-04-18 01:05:38 AM,KXWTACHALLENGERMATCH-26APR18CHWMON-MON,29,359,28,920,27,2263,26,550,25,20,31,1713,32,851,33,1781,34,333,35,1,30.0
2026-04-18 01:07:27 AM,KXWTACHALLENGERMATCH-26APR18CHWMON-MON,29,359,28,920,27,2263,26,550,25,20,31,1713,32,851,33,848,34,333,35,1,30.0
2026-04-18 01:07:27 AM,KXWTACHALLENGERMATCH-26APR18CHWMON-MON,29,359,28,920,27,2263,26,550,25,20,31,1713,32,851,33,1781,34,333,35,1,30.0
2026-04-18 01:09:23 AM,KXWTACHALLENGERMATCH-26APR18CHWMON-MON,29,359,28,920,27,2263,26,550,25,20,31,1713,32,851,33,848,34,333,35,1,30.0
2026-04-18 01:09:23 AM,KXWTACHALLENGERMATCH-26APR18CHWMON-MON,29,359,28,920,27,2263,26,550,25,20,31,1713,32,851,33,1781,34,333,35,1,30.0
2026-04-18 01:11:00 AM,KXWTACHALLENGERMATCH-26APR18CHWMON-MON,29,359,28,920,27,2263,26,550,25,20,31,1713,32,851,33,848,34,333,35,1,30.0
2026-04-18 01:11:00 AM,KXWTACHALLENGERMATCH-26APR18CHWMON-MON,29,359,28,920,27,2263,26,550,25,20,31,1713,32,851,33,1781,34,333,35,1,30.0
2026-04-18 01:11:00 AM,KXWTACHALLENGERMATCH-26APR18CHWMON-MON,29,359,28,920,27,2263,26,550,25,20,31,1713,32,851,33,1781,34,333,35,26,30.0
2026-04-18 01:11:00 AM,KXWTACHALLENGERMATCH-26APR18CHWMON-MON,29,359,28,920,27,2263,26,550,25,20,31,1713,32,851,33,1781,34,333,35,1,30.0
2026-04-18 01:12:06 AM,KXWTACHALLENGERMATCH-26APR18CHWMON-MON,29,359,28,920,27,2263,26,550,25,20,31,1713,32,851,33,1781,34,333,35,1,30.0
2026-04-18 01:12:54 AM,KXWTACHALLENGERMATCH-26APR18CHWMON-MON,29,359,28,920,27,2263,26,550,25,20,31,1713,32,851,33,848,34,333,35,1,30.0
2026-04-18 01:12:54 AM,KXWTACHALLENGERMATCH-26APR18CHWMON-MON,29,359,28,920,27,2263,26,550,25,20,31,1713,32,851,33,1781,34,333,35,1,30.0
2026-04-18 01:12:55 AM,KXWTACHALLENGERMATCH-26APR18CHWMON-MON,29,359,28,920,27,2263,26,550,25,20,31,1713,32,851,33,1781,34,333,35,26,30.0
2026-04-18 01:13:14 AM,KXWTACHALLENGERMATCH-26APR18CHWMON-MON,29,42,28,920,27,2263,26,550,25,20,31,1713,32,851,33,1781,34,333,35,26,30.0
2026-04-18 01:13:14 AM,KXWTACHALLENGERMATCH-26APR18CHWMON-MON,29,42,28,920,27,2263,26,550,25,20,31,1713,32,851,33,1781,34,333,35,1,30.0
2026-04-18 01:15:22 AM,KXWTACHALLENGERMATCH-26APR18CHWMON-MON,29,42,28,920,27,2263,26,550,25,20,31,1713,32,851,33,848,34,333,35,1,30.0
2026-04-18 01:15:22 AM,KXWTACHALLENGERMATCH-26APR18CHWMON-MON,29,42,28,920,27,2263,26,550,25,20,31,1713,32,851,33,1781,34,333,35,1,30.0
2026-04-18 01:17:13 AM,KXWTACHALLENGERMATCH-26APR18CHWMON-MON,29,42,28,920,27,2263,26,550,25,20,31,1713,32,851,33,848,34,333,35,1,30.0
2026-04-18 01:17:13 AM,KXWTACHALLENGERMATCH-26APR18CHWMON-MON,29,42,28,920,27,2263,26,550,25,20,31,1713,32,851,33,1781,34,333,35,1,30.0
2026-04-18 01:17:29 AM,KXWTACHALLENGERMATCH-26APR18CHWMON-MON,29,42,28,920,27,2263,26,550,25,20,31,1713,32,851,33,1781,34,333,35,1,30.0
2026-04-18 01:18:31 AM,KXWTACHALLENGERMATCH-26APR18CHWMON-MON,29,42,28,920,27,2263,26,550,25,20,30,4,31,1713,32,851,33,1781,34,333,29.5
2026-04-18 01:18:56 AM,KXWTACHALLENGERMATCH-26APR18CHWMON-MON,29,42,28,920,27,2263,26,550,25,20,30,4,31,1713,32,851,33,848,34,333,29.5
2026-04-18 01:18:56 AM,KXWTACHALLENGERMATCH-26APR18CHWMON-MON,29,42,28,920,27,2263,26,550,25,20,30,4,31,1713,32,851,33,1781,34,333,29.5
2026-04-18 01:20:57 AM,KXWTACHALLENGERMATCH-26APR18CHWMON-MON,29,42,28,920,27,2263,26,550,25,20,30,4,31,1713,32,851,33,2714,34,333,29.5
2026-04-18 01:20:57 AM,KXWTACHALLENGERMATCH-26APR18CHWMON-MON,29,42,28,920,27,2263,26,550,25,20,30,4,31,1713,32,851,33,1781,34,333,29.5
2026-04-18 01:22:31 AM,KXWTACHALLENGERMATCH-26APR18CHWMON-MON,29,42,28,920,27,2263,26,550,25,20,30,4,31,1713,32,851,33,848,34,333,29.5
2026-04-18 01:22:31 AM,KXWTACHALLENGERMATCH-26APR18CHWMON-MON,29,42,28,920,27,2263,26,550,25,20,30,4,31,1713,32,851,33,1781,34,333,29.5
2026-04-18 01:24:16 AM,KXWTACHALLENGERMATCH-26APR18CHWMON-MON,29,42,28,920,27,2263,26,550,25,20,30,4,31,1713,32,851,33,848,34,333,29.5
2026-04-18 01:24:16 AM,KXWTACHALLENGERMATCH-26APR18CHWMON-MON,29,42,28,920,27,2263,26,550,25,20,30,4,31,1713,32,851,33,1781,34,333,29.5
2026-04-18 01:26:39 AM,KXWTACHALLENGERMATCH-26APR18CHWMON-MON,29,42,28,920,27,2263,26,550,25,20,30,4,31,1713,32,851,33,848,34,333,29.5
2026-04-18 01:26:39 AM,KXWTACHALLENGERMATCH-26APR18CHWMON-MON,29,42,28,920,27,2263,26,550,25,20,30,4,31,1713,32,851,33,1781,34,333,29.5
2026-04-18 01:28:23 AM,KXWTACHALLENGERMATCH-26APR18CHWMON-MON,29,42,28,920,27,2263,26,550,25,20,30,4,31,1713,32,851,33,848,34,333,29.5
2026-04-18 01:28:23 AM,KXWTACHALLENGERMATCH-26APR18CHWMON-MON,29,42,28,920,27,2263,26,550,25,20,30,4,31,1713,32,851,33,1781,34,333,29.5
2026-04-18 01:30:16 AM,KXWTACHALLENGERMATCH-26APR18CHWMON-MON,29,42,28,920,27,2263,26,550,25,20,30,4,31,1713,32,851,33,848,34,333,29.5
2026-04-18 01:30:16 AM,KXWTACHALLENGERMATCH-26APR18CHWMON-MON,29,42,28,920,27,2263,26,550,25,20,30,4,31,1713,32,851,33,1781,34,333,29.5
2026-04-18 01:32:01 AM,KXWTACHALLENGERMATCH-26APR18CHWMON-MON,29,42,28,920,27,2263,26,550,25,20,30,4,31,1713,32,851,33,848,34,333,29.5
2026-04-18 01:32:01 AM,KXWTACHALLENGERMATCH-26APR18CHWMON-MON,29,42,28,920,27,2263,26,550,25,20,30,4,31,1713,32,851,33,1781,34,333,29.5
2026-04-18 01:33:04 AM,KXWTACHALLENGERMATCH-26APR18CHWMON-MON,29,42,28,920,27,2263,26,550,25,20,31,1713,32,851,33,1781,34,333,35,1,30.0
2026-04-18 01:33:48 AM,KXWTACHALLENGERMATCH-26APR18CHWMON-MON,29,42,28,920,27,2263,26,550,25,20,31,1713,32,851,33,1781,34,303,35,1,30.0
2026-04-18 01:33:48 AM,KXWTACHALLENGERMATCH-26APR18CHWMON-MON,29,42,28,920,27,2263,26,550,25,20,31,1713,32,876,33,1781,34,303,35,1,30.0
2026-04-18 01:34:15 AM,KXWTACHALLENGERMATCH-26APR18CHWMON-MON,29,42,28,920,27,2263,26,550,25,20,31,1713,32,876,33,848,34,303,35,1,30.0
2026-04-18 01:34:15 AM,KXWTACHALLENGERMATCH-26APR18CHWMON-MON,29,42,28,920,27,2263,26,550,25,20,31,1713,32,876,33,1781,34,303,35,1,30.0
2026-04-18 01:36:27 AM,KXWTACHALLENGERMATCH-26APR18CHWMON-MON,29,42,28,920,27,2263,26,550,25,20,31,1713,32,876,33,848,34,303,35,1,30.0
2026-04-18 01:36:27 AM,KXWTACHALLENGERMATCH-26APR18CHWMON-MON,29,42,28,920,27,2263,26,550,25,20,31,1713,32,876,33,1781,34,303,35,1,30.0
2026-04-18 01:38:01 AM,KXWTACHALLENGERMATCH-26APR18CHWMON-MON,29,42,28,920,27,2263,26,550,25,20,31,1713,32,876,33,848,34,303,35,1,30.0
2026-04-18 01:38:01 AM,KXWTACHALLENGERMATCH-26APR18CHWMON-MON,29,42,28,920,27,2263,26,550,25,20,31,1713,32,876,33,1781,34,303,35,1,30.0
2026-04-18 01:39:53 AM,KXWTACHALLENGERMATCH-26APR18CHWMON-MON,29,42,28,920,27,2263,26,550,25,20,31,1713,32,876,33,2714,34,303,35,1,30.0
2026-04-18 01:39:53 AM,KXWTACHALLENGERMATCH-26APR18CHWMON-MON,29,42,28,920,27,2263,26,550,25,20,31,1713,32,876,33,1781,34,303,35,1,30.0
2026-04-18 01:42:01 AM,KXWTACHALLENGERMATCH-26APR18CHWMON-MON,29,42,28,920,27,2263,26,550,25,20,31,1713,32,876,33,848,34,303,35,1,30.0
2026-04-18 01:42:01 AM,KXWTACHALLENGERMATCH-26APR18CHWMON-MON,29,42,28,920,27,2263,26,550,25,20,31,1713,32,876,33,1781,34,303,35,1,30.0
2026-04-18 01:42:41 AM,KXWTACHALLENGERMATCH-26APR18CHWMON-MON,29,42,28,920,27,2263,26,550,25,20,31,831,32,876,33,1781,34,303,35,1,30.0
2026-04-18 01:42:41 AM,KXWTACHALLENGERMATCH-26APR18CHWMON-MON,29,42,28,920,27,2263,26,550,25,20,31,831,32,1763,33,1781,34,303,35,1,30.0
2026-04-18 01:43:27 AM,KXWTACHALLENGERMATCH-26APR18CHWMON-MON,29,42,28,1807,27,2263,26,550,25,20,31,831,32,1763,33,1781,34,303,35,1,30.0
2026-04-18 01:43:28 AM,KXWTACHALLENGERMATCH-26APR18CHWMON-MON,29,42,28,1807,27,1381,26,550,25,20,31,831,32,1763,33,1781,34,303,35,1,30.0
2026-04-18 01:43:33 AM,KXWTACHALLENGERMATCH-26APR18CHWMON-MON,29,42,28,920,27,1381,26,550,25,20,31,831,32,1763,33,1781,34,303,35,1,30.0
2026-04-18 01:43:38 AM,KXWTACHALLENGERMATCH-26APR18CHWMON-MON,29,42,28,920,27,2268,26,550,25,20,31,831,32,1763,33,1781,34,303,35,1,30.0
2026-04-18 01:44:07 AM,KXWTACHALLENGERMATCH-26APR18CHWMON-MON,29,42,28,920,27,2268,26,550,25,20,31,831,32,1763,33,848,34,303,35,1,30.0
2026-04-18 01:44:07 AM,KXWTACHALLENGERMATCH-26APR18CHWMON-MON,29,42,28,920,27,2268,26,550,25,20,31,831,32,1763,33,1781,34,303,35,1,30.0
2026-04-18 01:44:47 AM,KXWTACHALLENGERMATCH-26APR18CHWMON-MON,29,42,28,920,27,2268,26,550,25,20,31,831,32,876,33,1781,34,303,35,1,30.0
2026-04-18 01:45:26 AM,KXWTACHALLENGERMATCH-26APR18CHWMON-MON,29,42,28,409,27,2268,26,550,25,20,31,831,32,876,33,1781,34,303,35,1,30.0
2026-04-18 01:45:26 AM,KXWTACHALLENGERMATCH-26APR18CHWMON-MON,29,42,28,409,27,2268,26,550,25,20,31,831,32,1763,33,1781,34,303,35,1,30.0
2026-04-18 01:45:26 AM,KXWTACHALLENGERMATCH-26APR18CHWMON-MON,29,42,28,409,27,1381,26,550,25,20,31,831,32,1763,33,1781,34,303,35,1,30.0
2026-04-18 01:45:26 AM,KXWTACHALLENGERMATCH-26APR18CHWMON-MON,29,42,28,1296,27,1381,26,550,25,20,31,831,32,1763,33,1781,34,303,35,1,30.0
2026-04-18 01:45:31 AM,KXWTACHALLENGERMATCH-26APR18CHWMON-MON,29,42,28,409,27,1381,26,550,25,20,31,831,32,1763,33,1781,34,303,35,1,30.0
2026-04-18 01:45:31 AM,KXWTACHALLENGERMATCH-26APR18CHWMON-MON,29,42,28,409,27,1381,26,550,25,20,31,831,32,876,33,1781,34,303,35,1,30.0
2026-04-18 01:45:38 AM,KXWTACHALLENGERMATCH-26APR18CHWMON-MON,29,42,28,409,27,2268,26,550,25,20,31,831,32,876,33,1781,34,303,35,1,30.0
2026-04-18 01:45:38 AM,KXWTACHALLENGERMATCH-26APR18CHWMON-MON,29,42,28,409,27,2268,26,550,25,20,31,831,32,1763,33,1781,34,303,35,1,30.0
2026-04-18 01:46:25 AM,KXWTACHALLENGERMATCH-26APR18CHWMON-MON,29,42,28,409,27,2268,26,550,25,20,31,831,32,1763,33,848,34,303,35,1,30.0
2026-04-18 01:46:25 AM,KXWTACHALLENGERMATCH-26APR18CHWMON-MON,29,42,28,409,27,2268,26,550,25,20,31,831,32,1763,33,1781,34,303,35,1,30.0
2026-04-18 01:48:12 AM,KXWTACHALLENGERMATCH-26APR18CHWMON-MON,29,42,28,1296,27,2268,26,550,25,20,31,831,32,1763,33,1781,34,303,35,1,30.0
2026-04-18 01:48:13 AM,KXWTACHALLENGERMATCH-26APR18CHWMON-MON,29,42,28,1296,27,1381,26,550,25,20,31,831,32,1763,33,1781,34,303,35,1,30.0
2026-04-18 01:48:13 AM,KXWTACHALLENGERMATCH-26APR18CHWMON-MON,29,42,28,409,27,1381,26,550,25,20,31,831,32,1763,33,1781,34,303,35,1,30.0
2026-04-18 01:48:23 AM,KXWTACHALLENGERMATCH-26APR18CHWMON-MON,29,42,28,409,27,2268,26,550,25,20,31,831,32,1763,33,1781,34,303,35,1,30.0
2026-04-18 01:48:55 AM,KXWTACHALLENGERMATCH-26APR18CHWMON-MON,29,42,28,409,27,2268,26,550,25,20,31,831,32,1763,33,848,34,303,35,1,30.0
2026-04-18 01:48:55 AM,KXWTACHALLENGERMATCH-26APR18CHWMON-MON,29,42,28,409,27,2268,26,550,25,20,31,831,32,1763,33,1781,34,303,35,1,30.0
2026-04-18 01:51:05 AM,KXWTACHALLENGERMATCH-26APR18CHWMON-MON,29,42,28,409,27,2268,26,550,25,20,31,831,32,1763,33,848,34,303,35,1,30.0
2026-04-18 01:51:05 AM,KXWTACHALLENGERMATCH-26APR18CHWMON-MON,29,42,28,409,27,2268,26,550,25,20,31,831,32,1763,33,1781,34,303,35,1,30.0
2026-04-18 01:53:22 AM,KXWTACHALLENGERMATCH-26APR18CHWMON-MON,29,42,28,409,27,2268,26,550,25,20,31,831,32,1763,33,848,34,303,35,1,30.0
2026-04-18 01:53:22 AM,KXWTACHALLENGERMATCH-26APR18CHWMON-MON,29,42,28,409,27,2268,26,550,25,20,31,831,32,1763,33,1781,34,303,35,1,30.0
2026-04-18 01:53:46 AM,KXWTACHALLENGERMATCH-26APR18CHWMON-MON,29,42,28,1296,27,2268,26,550,25,20,31,831,32,1763,33,1781,34,303,35,1,30.0
2026-04-18 01:53:46 AM,KXWTACHALLENGERMATCH-26APR18CHWMON-MON,29,42,28,1296,27,2268,26,550,25,20,31,831,32,1763,33,1781,35,1,36,1,30.0
2026-04-18 01:53:46 AM,KXWTACHALLENGERMATCH-26APR18CHWMON-MON,29,42,28,1296,27,2268,26,550,25,20,31,1196,32,1763,33,1781,35,1,36,1,30.0
2026-04-18 01:53:47 AM,KXWTACHALLENGERMATCH-26APR18CHWMON-MON,29,42,28,1296,27,1381,26,550,25,20,31,1196,32,1763,33,1781,35,1,36,1,30.0
2026-04-18 01:53:47 AM,KXWTACHALLENGERMATCH-26APR18CHWMON-MON,29,42,28,409,27,1381,26,550,25,20,31,1196,32,1763,33,1781,35,1,36,1,30.0
2026-04-18 01:53:51 AM,KXWTACHALLENGERMATCH-26APR18CHWMON-MON,29,42,28,409,27,1381,26,550,25,20,31,2083,32,1763,33,1781,35,1,36,1,30.0
2026-04-18 01:53:52 AM,KXWTACHALLENGERMATCH-26APR18CHWMON-MON,29,42,28,409,27,1381,26,550,25,20,31,2083,32,876,33,1781,35,1,36,1,30.0
2026-04-18 01:53:54 AM,KXWTACHALLENGERMATCH-26APR18CHWMON-MON,29,42,28,409,27,2268,26,550,25,20,31,2083,32,876,33,1781,35,1,36,1,30.0
2026-04-18 01:54:29 AM,KXWTACHALLENGERMATCH-26APR18CHWMON-MON,29,42,28,409,27,1868,26,550,25,20,31,2083,32,876,33,1781,35,1,36,1,30.0
2026-04-18 01:54:32 AM,KXWTACHALLENGERMATCH-26APR18CHWMON-MON,29,42,28,409,27,1868,26,950,25,20,31,2083,32,876,33,1781,35,1,36,1,30.0
2026-04-18 01:55:30 AM,KXWTACHALLENGERMATCH-26APR18CHWMON-MON,29,42,28,409,27,1868,26,950,25,20,31,2083,32,876,33,848,35,1,36,1,30.0
2026-04-18 01:55:30 AM,KXWTACHALLENGERMATCH-26APR18CHWMON-MON,29,42,28,409,27,1868,26,950,25,20,31,2083,32,876,33,1781,35,1,36,1,30.0
2026-04-18 01:57:43 AM,KXWTACHALLENGERMATCH-26APR18CHWMON-MON,29,42,28,409,27,1868,26,950,25,20,31,2083,32,876,33,848,35,1,36,1,30.0
2026-04-18 01:57:43 AM,KXWTACHALLENGERMATCH-26APR18CHWMON-MON,29,42,28,409,27,1868,26,950,25,20,31,2083,32,876,33,1781,35,1,36,1,30.0
2026-04-18 01:59:33 AM,KXWTACHALLENGERMATCH-26APR18CHWMON-MON,29,42,28,409,27,1868,26,950,25,20,31,2083,32,876,33,848,35,1,36,1,30.0
2026-04-18 01:59:33 AM,KXWTACHALLENGERMATCH-26APR18CHWMON-MON,29,42,28,409,27,1868,26,950,25,20,31,2083,32,876,33,1781,35,1,36,1,30.0
2026-04-18 02:00:49 AM,KXWTACHALLENGERMATCH-26APR18CHWMON-MON,29,42,28,409,27,1868,26,950,25,20,31,2083,32,876,33,848,35,1,36,1,30.0
2026-04-18 02:00:49 AM,KXWTACHALLENGERMATCH-26APR18CHWMON-MON,29,42,28,409,27,1868,26,950,25,20,31,2083,32,876,33,2714,35,1,36,1,30.0
2026-04-18 02:01:21 AM,KXWTACHALLENGERMATCH-26APR18CHWMON-MON,29,42,28,409,27,1868,26,950,25,20,31,2083,32,876,33,848,35,1,36,1,30.0
2026-04-18 02:01:21 AM,KXWTACHALLENGERMATCH-26APR18CHWMON-MON,29,42,28,409,27,1868,26,950,25,20,31,2083,32,876,33,2714,35,1,36,1,30.0
2026-04-18 02:03:18 AM,KXWTACHALLENGERMATCH-26APR18CHWMON-MON,29,42,28,409,27,1868,26,950,25,20,31,2083,32,876,33,848,35,1,36,1,30.0
2026-04-18 02:03:18 AM,KXWTACHALLENGERMATCH-26APR18CHWMON-MON,29,42,28,409,27,1868,26,950,25,20,31,2083,32,876,33,2714,35,1,36,1,30.0
2026-04-18 02:04:05 AM,KXWTACHALLENGERMATCH-26APR18CHWMON-MON,29,42,28,393,27,1868,26,950,25,20,31,2083,32,876,33,2714,35,1,36,1,30.0
2026-04-18 02:04:05 AM,KXWTACHALLENGERMATCH-26APR18CHWMON-MON,29,17,28,393,27,1868,26,950,25,20,31,2083,32,876,33,2714,35,1,36,1,30.0
2026-04-18 02:04:05 AM,KXWTACHALLENGERMATCH-26APR18CHWMON-MON,29,17,28,393,27,1868,26,950,25,20,31,2083,32,876,33,2687,35,1,36,1,30.0
2026-04-18 02:04:05 AM,KXWTACHALLENGERMATCH-26APR18CHWMON-MON,29,17,28,366,27,1868,26,950,25,20,31,2083,32,876,33,2687,35,1,36,1,30.0
2026-04-18 02:04:05 AM,KXWTACHALLENGERMATCH-26APR18CHWMON-MON,29,17,28,366,27,1868,26,950,25,20,31,2083,32,851,33,2687,35,1,36,1,30.0
2026-04-18 02:05:05 AM,KXWTACHALLENGERMATCH-26APR18CHWMON-MON,29,17,28,366,27,1868,26,950,25,20,31,2083,32,851,33,821,35,1,36,1,30.0
2026-04-18 02:05:05 AM,KXWTACHALLENGERMATCH-26APR18CHWMON-MON,29,17,28,366,27,1868,26,950,25,20,31,2083,32,851,33,2687,35,1,36,1,30.0
2026-04-18 02:05:59 AM,KXWTACHALLENGERMATCH-26APR18CHWMON-MON,29,17,28,391,27,1868,26,950,25,20,31,2083,32,851,33,2687,35,1,36,1,30.0
2026-04-18 02:05:59 AM,KXWTACHALLENGERMATCH-26APR18CHWMON-MON,29,17,28,391,27,1899,26,950,25,20,31,2083,32,851,33,2687,35,1,36,1,30.0
2026-04-18 02:05:59 AM,KXWTACHALLENGERMATCH-26APR18CHWMON-MON,29,17,28,391,27,1899,26,950,25,20,31,2083,32,876,33,2687,35,1,36,1,30.0
2026-04-18 02:05:59 AM,KXWTACHALLENGERMATCH-26APR18CHWMON-MON,29,17,28,391,27,1899,26,950,25,20,31,2083,32,876,33,2718,35,1,36,1,30.0
2026-04-18 02:06:37 AM,KXWTACHALLENGERMATCH-26APR18CHWMON-MON,29,17,28,391,27,1899,26,950,25,20,31,2083,32,876,33,852,35,1,36,1,30.0
2026-04-18 02:06:37 AM,KXWTACHALLENGERMATCH-26APR18CHWMON-MON,29,17,28,391,27,1899,26,950,25,20,31,2083,32,876,33,2718,35,1,36,1,30.0
2026-04-18 02:08:15 AM,KXWTACHALLENGERMATCH-26APR18CHWMON-MON,29,17,28,391,27,1899,26,950,25,20,31,2083,32,876,33,852,35,1,36,1,30.0
2026-04-18 02:08:15 AM,KXWTACHALLENGERMATCH-26APR18CHWMON-MON,29,17,28,391,27,1899,26,950,25,20,31,2083,32,876,33,2718,35,1,36,1,30.0
2026-04-18 02:10:18 AM,KXWTACHALLENGERMATCH-26APR18CHWMON-MON,29,17,28,391,27,1899,26,950,25,20,31,2083,32,876,33,852,35,1,36,1,30.0
2026-04-18 02:10:18 AM,KXWTACHALLENGERMATCH-26APR18CHWMON-MON,29,17,28,391,27,1899,26,950,25,20,31,2083,32,876,33,2718,35,1,36,1,30.0
2026-04-18 02:11:50 AM,KXWTACHALLENGERMATCH-26APR18CHWMON-MON,29,17,28,391,27,1899,26,950,25,20,31,2083,32,876,33,852,35,1,36,1,30.0
2026-04-18 02:11:50 AM,KXWTACHALLENGERMATCH-26APR18CHWMON-MON,29,17,28,391,27,1899,26,950,25,20,31,2083,32,876,33,2718,35,1,36,1,30.0
2026-04-18 02:13:32 AM,KXWTACHALLENGERMATCH-26APR18CHWMON-MON,29,42,28,391,27,1899,26,950,25,20,31,2083,32,876,33,2718,35,1,36,1,30.0
2026-04-18 02:13:32 AM,KXWTACHALLENGERMATCH-26APR18CHWMON-MON,29,42,28,391,27,1868,26,950,25,20,31,2083,32,876,33,2718,35,1,36,1,30.0
2026-04-18 02:13:32 AM,KXWTACHALLENGERMATCH-26APR18CHWMON-MON,29,42,28,391,27,1868,26,950,25,20,31,2083,32,1763,33,2718,35,1,36,1,30.0
2026-04-18 02:13:32 AM,KXWTACHALLENGERMATCH-26APR18CHWMON-MON,29,42,28,391,27,1868,26,950,25,20,31,1196,32,1763,33,2718,35,1,36,1,30.0
2026-04-18 02:13:32 AM,KXWTACHALLENGERMATCH-26APR18CHWMON-MON,29,42,28,391,27,1868,26,950,25,120,31,1196,32,1763,33,2718,35,1,36,1,30.0
2026-04-18 02:13:40 AM,KXWTACHALLENGERMATCH-26APR18CHWMON-MON,29,42,28,391,27,1868,26,950,25,120,31,2083,32,1763,33,2718,35,1,36,1,30.0
2026-04-18 02:13:41 AM,KXWTACHALLENGERMATCH-26APR18CHWMON-MON,29,42,28,391,27,1868,26,950,25,120,31,2083,32,876,33,2718,35,1,36,1,30.0
2026-04-18 02:13:46 AM,KXWTACHALLENGERMATCH-26APR18CHWMON-MON,30,15,29,42,28,391,27,1868,26,950,31,2083,32,876,33,2718,35,1,36,1,30.5
2026-04-18 02:14:03 AM,KXWTACHALLENGERMATCH-26APR18CHWMON-MON,30,15,29,42,28,391,27,1868,26,950,31,2083,32,876,33,852,35,1,36,1,30.5
2026-04-18 02:14:03 AM,KXWTACHALLENGERMATCH-26APR18CHWMON-MON,30,15,29,42,28,391,27,1868,26,950,31,2083,32,876,33,2718,35,1,36,1,30.5
2026-04-18 02:14:07 AM,KXWTACHALLENGERMATCH-26APR18CHWMON-MON,29,42,28,391,27,1868,26,950,25,20,31,2083,32,876,33,2718,35,1,36,1,30.0
2026-04-18 02:14:07 AM,KXWTACHALLENGERMATCH-26APR18CHWMON-MON,29,17,28,391,27,1868,26,950,25,20,31,2083,32,876,33,2718,35,1,36,1,30.0
2026-04-18 02:14:07 AM,KXWTACHALLENGERMATCH-26APR18CHWMON-MON,29,17,28,391,27,1899,26,950,25,20,31,2083,32,876,33,2718,35,1,36,1,30.0
2026-04-18 02:14:25 AM,KXWTACHALLENGERMATCH-26APR18CHWMON-MON,29,17,28,391,27,1899,26,950,25,20,31,2068,32,876,33,2718,35,1,36,1,30.0
2026-04-18 02:15:30 AM,KXWTACHALLENGERMATCH-26APR18CHWMON-MON,29,42,28,391,27,1899,26,950,25,20,31,2068,32,876,33,2718,35,1,36,1,30.0
2026-04-18 02:15:30 AM,KXWTACHALLENGERMATCH-26APR18CHWMON-MON,29,42,28,391,27,1868,26,950,25,20,31,2068,32,876,33,2718,35,1,36,1,30.0
2026-04-18 02:16:02 AM,KXWTACHALLENGERMATCH-26APR18CHWMON-MON,29,42,28,391,27,1868,26,950,25,20,31,2068,32,876,33,852,35,1,36,1,30.0
2026-04-18 02:16:02 AM,KXWTACHALLENGERMATCH-26APR18CHWMON-MON,29,42,28,391,27,1868,26,950,25,20,31,2068,32,876,33,2718,35,1,36,1,30.0
2026-04-18 02:18:20 AM,KXWTACHALLENGERMATCH-26APR18CHWMON-MON,29,42,28,391,27,1868,26,950,25,20,31,2068,32,876,33,852,35,1,36,1,30.0
2026-04-18 02:18:20 AM,KXWTACHALLENGERMATCH-26APR18CHWMON-MON,29,42,28,391,27,1868,26,950,25,20,31,2068,32,876,33,2718,35,1,36,1,30.0
2026-04-18 02:20:04 AM,KXWTACHALLENGERMATCH-26APR18CHWMON-MON,29,42,28,391,27,1868,26,950,25,20,31,2068,32,876,33,852,35,1,36,1,30.0
2026-04-18 02:20:04 AM,KXWTACHALLENGERMATCH-26APR18CHWMON-MON,29,42,28,391,27,1868,26,950,25,20,31,2068,32,876,33,2718,35,1,36,1,30.0
2026-04-18 02:21:21 AM,KXWTACHALLENGERMATCH-26APR18CHWMON-MON,29,42,28,391,27,1868,26,1837,25,20,31,2068,32,876,33,2718,35,1,36,1,30.0
2026-04-18 02:21:21 AM,KXWTACHALLENGERMATCH-26APR18CHWMON-MON,29,42,28,391,27,1868,26,1837,25,20,30,887,31,2068,32,876,33,2718,35,1,29.5
2026-04-18 02:21:21 AM,KXWTACHALLENGERMATCH-26APR18CHWMON-MON,29,42,28,391,27,981,26,1837,25,20,30,887,31,2068,32,876,33,2718,35,1,29.5
2026-04-18 02:21:21 AM,KXWTACHALLENGERMATCH-26APR18CHWMON-MON,29,42,28,391,27,981,26,1837,25,20,30,887,31,2068,32,851,33,2718,35,1,29.5
2026-04-18 02:21:21 AM,KXWTACHALLENGERMATCH-26APR18CHWMON-MON,29,42,28,391,27,981,26,1837,25,20,30,887,31,2068,32,851,33,2718,34,30,29.5
2026-04-18 02:21:21 AM,KXWTACHALLENGERMATCH-26APR18CHWMON-MON,29,42,28,391,27,981,26,1837,25,20,30,887,31,1181,32,851,33,2718,34,30,29.5
2026-04-18 02:21:21 AM,KXWTACHALLENGERMATCH-26APR18CHWMON-MON,29,42,28,391,27,981,26,1837,25,20,31,1181,32,851,33,2718,34,30,35,1,30.0
2026-04-18 02:21:21 AM,KXWTACHALLENGERMATCH-26APR18CHWMON-MON,29,42,28,391,27,981,26,1837,25,20,31,1181,32,876,33,2718,34,30,35,1,30.0
2026-04-18 02:21:21 AM,KXWTACHALLENGERMATCH-26APR18CHWMON-MON,29,42,28,391,27,981,26,1837,25,20,31,1181,32,876,33,2718,35,1,36,537,30.0
2026-04-18 02:21:21 AM,KXWTACHALLENGERMATCH-26APR18CHWMON-MON,29,42,28,391,27,981,26,950,25,20,31,1181,32,876,33,2718,35,1,36,537,30.0
2026-04-18 02:21:21 AM,KXWTACHALLENGERMATCH-26APR18CHWMON-MON,29,42,28,391,27,981,26,950,25,20,31,1181,32,876,33,2718,35,1,36,1,30.0
2026-04-18 02:21:29 AM,KXWTACHALLENGERMATCH-26APR18CHWMON-MON,29,42,28,391,27,1877,26,950,25,20,31,1181,32,876,33,2718,35,1,36,1,30.0
2026-04-18 02:21:29 AM,KXWTACHALLENGERMATCH-26APR18CHWMON-MON,29,42,28,391,27,1877,26,950,25,20,31,2077,32,876,33,2718,35,1,36,1,30.0
2026-04-18 02:21:37 AM,KXWTACHALLENGERMATCH-26APR18CHWMON-MON,29,42,28,391,27,1877,26,950,25,20,31,2077,32,876,33,852,35,1,36,1,30.0
2026-04-18 02:21:37 AM,KXWTACHALLENGERMATCH-26APR18CHWMON-MON,29,42,28,391,27,1877,26,950,25,20,31,2077,32,876,33,2718,35,1,36,1,30.0
2026-04-18 02:23:39 AM,KXWTACHALLENGERMATCH-26APR18CHWMON-MON,29,42,28,391,27,1877,26,950,25,20,31,2077,32,876,33,852,35,1,36,1,30.0
2026-04-18 02:23:39 AM,KXWTACHALLENGERMATCH-26APR18CHWMON-MON,29,42,28,391,27,1877,26,950,25,20,31,2077,32,876,33,2718,35,1,36,1,30.0
2026-04-18 02:25:22 AM,KXWTACHALLENGERMATCH-26APR18CHWMON-MON,29,42,28,391,27,1877,26,950,25,20,31,2077,32,876,33,852,35,1,36,1,30.0
2026-04-18 02:25:22 AM,KXWTACHALLENGERMATCH-26APR18CHWMON-MON,29,42,28,391,27,1877,26,950,25,20,31,2077,32,876,33,2718,35,1,36,1,30.0
2026-04-18 02:27:46 AM,KXWTACHALLENGERMATCH-26APR18CHWMON-MON,29,42,28,391,27,1877,26,950,25,20,31,2077,32,876,33,852,35,1,36,1,30.0
2026-04-18 02:27:46 AM,KXWTACHALLENGERMATCH-26APR18CHWMON-MON,29,42,28,391,27,1877,26,950,25,20,31,2077,32,876,33,2718,35,1,36,1,30.0
2026-04-18 02:29:57 AM,KXWTACHALLENGERMATCH-26APR18CHWMON-MON,29,42,28,391,27,1877,26,950,25,20,31,2077,32,876,33,852,35,1,36,1,30.0
2026-04-18 02:29:57 AM,KXWTACHALLENGERMATCH-26APR18CHWMON-MON,29,42,28,391,27,1877,26,950,25,20,31,2077,32,876,33,2718,35,1,36,1,30.0
2026-04-18 02:30:49 AM,KXWTACHALLENGERMATCH-26APR18CHWMON-MON,29,42,28,1219,27,1877,26,950,25,20,31,2077,32,876,33,2718,35,1,36,1,30.0
2026-04-18 02:30:49 AM,KXWTACHALLENGERMATCH-26APR18CHWMON-MON,29,42,28,1219,27,1877,26,950,25,20,31,2077,32,876,33,852,35,1,36,1,30.0
2026-04-18 02:30:49 AM,KXWTACHALLENGERMATCH-26APR18CHWMON-MON,29,42,28,1219,27,1877,26,950,25,20,31,2077,32,876,33,2718,35,1,36,1,30.0
2026-04-18 02:31:21 AM,KXWTACHALLENGERMATCH-26APR18CHWMON-MON,29,42,28,1219,27,1877,26,950,25,20,31,2077,32,876,33,2718,35,1,37,1888,30.0
2026-04-18 02:31:21 AM,KXWTACHALLENGERMATCH-26APR18CHWMON-MON,29,42,28,1219,27,1877,26,947,25,20,31,2077,32,876,33,2718,35,1,37,1888,30.0
2026-04-18 02:31:21 AM,KXWTACHALLENGERMATCH-26APR18CHWMON-MON,29,42,28,1219,27,1877,26,947,25,20,31,2077,32,876,33,2718,37,1888,46,105,30.0
2026-04-18 02:31:21 AM,KXWTACHALLENGERMATCH-26APR18CHWMON-MON,29,42,28,1219,27,1874,26,947,25,20,31,2077,32,876,33,2718,37,1888,46,105,30.0
2026-04-18 02:31:46 AM,KXWTACHALLENGERMATCH-26APR18CHWMON-MON,29,42,28,1219,27,1874,26,947,25,20,31,2077,32,876,33,852,37,1888,46,105,30.0
2026-04-18 02:31:46 AM,KXWTACHALLENGERMATCH-26APR18CHWMON-MON,29,42,28,1219,27,1874,26,947,25,20,31,2077,32,876,33,2718,37,1888,46,105,30.0
2026-04-18 02:32:41 AM,KXWTACHALLENGERMATCH-26APR18CHWMON-MON,29,42,28,1219,27,1874,26,947,25,20,31,2077,32,876,33,2708,37,1888,46,105,30.0
2026-04-18 02:33:17 AM,KXWTACHALLENGERMATCH-26APR18CHWMON-MON,29,42,28,1219,27,1874,26,947,25,20,31,2077,32,876,33,842,37,1888,46,105,30.0
2026-04-18 02:33:17 AM,KXWTACHALLENGERMATCH-26APR18CHWMON-MON,29,42,28,1219,27,1874,26,947,25,20,31,2077,32,876,33,2708,37,1888,46,105,30.0
2026-04-18 02:34:52 AM,KXWTACHALLENGERMATCH-26APR18CHWMON-MON,29,42,28,1219,27,1874,26,947,25,20,31,2077,32,876,33,842,37,1888,46,105,30.0
2026-04-18 02:34:52 AM,KXWTACHALLENGERMATCH-26APR18CHWMON-MON,29,42,28,1219,27,1874,26,947,25,20,31,2077,32,876,33,2708,37,1888,46,105,30.0
2026-04-18 02:36:32 AM,KXWTACHALLENGERMATCH-26APR18CHWMON-MON,29,42,28,1219,27,1874,26,947,25,20,31,2077,32,876,33,842,37,1888,46,105,30.0
2026-04-18 02:36:32 AM,KXWTACHALLENGERMATCH-26APR18CHWMON-MON,29,42,28,1219,27,1874,26,947,25,20,31,2077,32,876,33,2708,37,1888,46,105,30.0
2026-04-18 02:38:16 AM,KXWTACHALLENGERMATCH-26APR18CHWMON-MON,29,42,28,1219,27,1874,26,947,25,20,31,2077,32,876,33,842,37,1888,46,105,30.0
2026-04-18 02:38:16 AM,KXWTACHALLENGERMATCH-26APR18CHWMON-MON,29,42,28,1219,27,1874,26,947,25,20,31,2077,32,876,33,2708,37,1888,46,105,30.0
2026-04-18 02:39:24 AM,KXWTACHALLENGERMATCH-26APR18CHWMON-MON,29,42,28,1219,27,1874,26,947,25,20,31,2077,32,876,33,2708,37,2188,46,105,30.0
2026-04-18 02:40:11 AM,KXWTACHALLENGERMATCH-26APR18CHWMON-MON,29,42,28,1219,27,1874,26,947,25,20,31,2077,32,876,33,4574,37,2188,46,105,30.0
2026-04-18 02:40:11 AM,KXWTACHALLENGERMATCH-26APR18CHWMON-MON,29,42,28,1219,27,1874,26,947,25,20,31,2077,32,876,33,2708,37,2188,46,105,30.0
2026-04-18 02:42:15 AM,KXWTACHALLENGERMATCH-26APR18CHWMON-MON,29,42,28,1219,27,1874,26,947,25,20,31,2077,32,876,33,842,37,2188,46,105,30.0
2026-04-18 02:42:15 AM,KXWTACHALLENGERMATCH-26APR18CHWMON-MON,29,42,28,1219,27,1874,26,947,25,20,31,2077,32,876,33,2708,37,2188,46,105,30.0
2026-04-18 02:43:52 AM,KXWTACHALLENGERMATCH-26APR18CHWMON-MON,29,42,28,1219,27,2482,26,947,25,20,31,2077,32,876,33,2708,37,2188,46,105,30.0
2026-04-18 02:43:52 AM,KXWTACHALLENGERMATCH-26APR18CHWMON-MON,29,42,28,1219,27,2482,26,947,25,20,31,2077,32,876,33,2708,35,252,37,2188,30.0
2026-04-18 02:43:52 AM,KXWTACHALLENGERMATCH-26APR18CHWMON-MON,29,42,28,1219,27,2482,26,1578,25,20,31,2077,32,876,33,2708,35,252,37,2188,30.0
2026-04-18 02:43:52 AM,KXWTACHALLENGERMATCH-26APR18CHWMON-MON,29,42,28,1219,27,2482,26,1578,25,20,31,2077,32,876,33,2708,35,252,36,256,30.0
2026-04-18 02:44:05 AM,KXWTACHALLENGERMATCH-26APR18CHWMON-MON,29,42,28,1219,27,2482,26,1578,25,20,31,2077,32,876,33,842,35,252,36,256,30.0
2026-04-18 02:44:05 AM,KXWTACHALLENGERMATCH-26APR18CHWMON-MON,29,42,28,1219,27,2482,26,1578,25,20,31,2077,32,876,33,2708,35,252,36,256,30.0
2026-04-18 02:46:03 AM,KXWTACHALLENGERMATCH-26APR18CHWMON-MON,29,42,28,1219,27,2482,26,1578,25,20,31,2077,32,876,33,842,35,252,36,256,30.0
2026-04-18 02:46:03 AM,KXWTACHALLENGERMATCH-26APR18CHWMON-MON,29,42,28,1219,27,2482,26,1578,25,20,31,2077,32,876,33,2708,35,252,36,256,30.0
2026-04-18 02:47:37 AM,KXWTACHALLENGERMATCH-26APR18CHWMON-MON,29,42,28,1219,27,2482,26,1578,25,20,31,2077,32,876,33,842,35,252,36,256,30.0
2026-04-18 02:47:37 AM,KXWTACHALLENGERMATCH-26APR18CHWMON-MON,29,42,28,1219,27,2482,26,1578,25,20,31,2077,32,876,33,2708,35,252,36,256,30.0
2026-04-18 02:49:42 AM,KXWTACHALLENGERMATCH-26APR18CHWMON-MON,29,42,28,1219,27,2482,26,1578,25,20,31,2077,32,876,33,842,35,252,36,256,30.0
2026-04-18 02:49:42 AM,KXWTACHALLENGERMATCH-26APR18CHWMON-MON,29,42,28,1219,27,2482,26,1578,25,20,31,2077,32,876,33,2708,35,252,36,256,30.0
2026-04-18 02:51:34 AM,KXWTACHALLENGERMATCH-26APR18CHWMON-MON,29,42,28,1219,27,2482,26,1578,25,20,31,2077,32,876,33,842,35,252,36,256,30.0
2026-04-18 02:51:34 AM,KXWTACHALLENGERMATCH-26APR18CHWMON-MON,29,42,28,1219,27,2482,26,1578,25,20,31,2077,32,876,33,2708,35,252,36,256,30.0
2026-04-18 02:54:02 AM,KXWTACHALLENGERMATCH-26APR18CHWMON-MON,29,42,28,1219,27,2482,26,1578,25,20,31,2077,32,876,33,842,35,252,36,256,30.0
2026-04-18 02:54:02 AM,KXWTACHALLENGERMATCH-26APR18CHWMON-MON,29,42,28,1219,27,2482,26,1578,25,20,31,2077,32,876,33,2708,35,252,36,256,30.0
2026-04-18 02:55:22 AM,KXWTACHALLENGERMATCH-26APR18CHWMON-MON,29,42,28,1219,27,2872,26,1578,25,20,31,2077,32,876,33,2708,35,252,36,256,30.0
2026-04-18 02:55:22 AM,KXWTACHALLENGERMATCH-26APR18CHWMON-MON,29,42,28,1219,27,2872,26,1578,25,20,31,2467,32,876,33,2708,35,252,36,256,30.0
2026-04-18 02:55:22 AM,KXWTACHALLENGERMATCH-26APR18CHWMON-MON,29,42,28,1219,27,2872,26,1578,25,20,31,2467,32,876,33,2708,35,252,36,1671,30.0
2026-04-18 02:56:30 AM,KXWTACHALLENGERMATCH-26APR18CHWMON-MON,29,42,28,1219,27,2872,26,1578,25,20,31,2467,32,876,33,842,35,252,36,1671,30.0
2026-04-18 02:56:30 AM,KXWTACHALLENGERMATCH-26APR18CHWMON-MON,29,42,28,1219,27,2872,26,1578,25,20,31,2467,32,876,33,2708,35,252,36,1671,30.0
2026-04-18 02:58:57 AM,KXWTACHALLENGERMATCH-26APR18CHWMON-MON,29,42,28,1219,27,2872,26,1578,25,20,31,2467,32,876,33,842,35,252,36,1671,30.0
2026-04-18 02:58:57 AM,KXWTACHALLENGERMATCH-26APR18CHWMON-MON,29,42,28,1219,27,2872,26,1578,25,20,31,2467,32,876,33,2708,35,252,36,1671,30.0
2026-04-18 03:00:25 AM,KXWTACHALLENGERMATCH-26APR18CHWMON-MON,29,47,28,1219,27,2872,26,1578,25,20,31,2467,32,876,33,2708,35,252,36,1671,30.0
2026-04-18 03:00:40 AM,KXWTACHALLENGERMATCH-26APR18CHWMON-MON,29,47,28,1219,27,2872,26,1578,25,20,31,2467,32,876,33,842,35,252,36,1671,30.0
2026-04-18 03:00:40 AM,KXWTACHALLENGERMATCH-26APR18CHWMON-MON,29,47,28,1219,27,2872,26,1578,25,20,31,2467,32,876,33,2708,35,252,36,1671,30.0
2026-04-18 03:00:52 AM,KXWTACHALLENGERMATCH-26APR18CHWMON-MON,29,47,28,1219,27,2872,26,1578,25,20,31,2467,32,876,33,842,35,252,36,1671,30.0
2026-04-18 03:00:52 AM,KXWTACHALLENGERMATCH-26APR18CHWMON-MON,29,47,28,1219,27,2872,26,1578,25,20,31,2467,32,876,33,2708,35,252,36,1671,30.0
2026-04-18 03:01:01 AM,KXWTACHALLENGERMATCH-26APR18CHWMON-MON,29,47,28,1219,27,2872,26,1578,25,20,31,2467,32,2162,33,2708,35,252,36,1671,30.0
2026-04-18 03:01:01 AM,KXWTACHALLENGERMATCH-26APR18CHWMON-MON,29,47,28,1219,27,2872,26,1578,25,20,31,1571,32,2162,33,2708,35,252,36,1671,30.0
2026-04-18 03:01:01 AM,KXWTACHALLENGERMATCH-26APR18CHWMON-MON,29,47,28,1219,27,2872,26,1578,25,20,31,1181,32,2162,33,2708,35,252,36,1671,30.0
2026-04-18 03:01:01 AM,KXWTACHALLENGERMATCH-26APR18CHWMON-MON,29,47,28,1219,27,2872,26,1578,25,20,31,1181,32,2162,33,2708,35,252,36,256,30.0
2026-04-18 03:01:09 AM,KXWTACHALLENGERMATCH-26APR18CHWMON-MON,29,47,28,1219,27,2872,26,1578,25,20,31,2467,32,2162,33,2708,35,252,36,256,30.0
2026-04-18 03:01:09 AM,KXWTACHALLENGERMATCH-26APR18CHWMON-MON,29,47,28,1219,27,2872,26,1578,25,20,31,2467,32,2162,33,2708,35,252,36,1671,30.0
2026-04-18 03:01:09 AM,KXWTACHALLENGERMATCH-26APR18CHWMON-MON,29,47,28,1219,27,2872,26,1578,25,20,31,2467,32,876,33,2708,35,252,36,1671,30.0
2026-04-18 03:01:19 AM,KXWTACHALLENGERMATCH-26APR18CHWMON-MON,29,47,28,1219,27,2872,26,1578,25,20,31,2467,32,876,33,842,35,252,36,1671,30.0
2026-04-18 03:01:19 AM,KXWTACHALLENGERMATCH-26APR18CHWMON-MON,29,47,28,1219,27,2872,26,1578,25,20,31,2467,32,876,33,2708,35,252,36,1671,30.0
2026-04-18 03:03:02 AM,KXWTACHALLENGERMATCH-26APR18CHWMON-MON,29,47,28,1219,27,2872,26,1578,25,20,31,2467,32,876,33,842,35,252,36,1671,30.0
2026-04-18 03:03:02 AM,KXWTACHALLENGERMATCH-26APR18CHWMON-MON,29,47,28,1219,27,2872,26,1578,25,20,31,2467,32,876,33,2708,35,252,36,1671,30.0
2026-04-18 03:03:25 AM,KXWTACHALLENGERMATCH-26APR18CHWMON-MON,29,47,28,1219,27,2872,26,1578,25,20,31,2467,32,2170,33,2708,35,252,36,1671,30.0
2026-04-18 03:03:25 AM,KXWTACHALLENGERMATCH-26APR18CHWMON-MON,29,47,28,1219,27,2872,26,1578,25,20,31,1181,32,2170,33,2708,35,252,36,1671,30.0
2026-04-18 03:03:25 AM,KXWTACHALLENGERMATCH-26APR18CHWMON-MON,29,47,28,2513,27,2872,26,1578,25,20,31,1181,32,2170,33,2708,35,252,36,1671,30.0
2026-04-18 03:03:25 AM,KXWTACHALLENGERMATCH-26APR18CHWMON-MON,29,47,28,2513,27,2872,26,1578,25,20,31,1181,32,2170,33,2708,35,252,36,256,30.0
2026-04-18 03:03:25 AM,KXWTACHALLENGERMATCH-26APR18CHWMON-MON,29,47,28,2513,27,2482,26,1578,25,20,31,1181,32,2170,33,2708,35,252,36,256,30.0
2026-04-18 03:03:25 AM,KXWTACHALLENGERMATCH-26APR18CHWMON-MON,29,47,28,2513,27,1586,26,1578,25,20,31,1181,32,2170,33,2708,35,252,36,256,30.0
2026-04-18 03:03:26 AM,KXWTACHALLENGERMATCH-26APR18CHWMON-MON,29,47,28,1219,27,1586,26,1578,25,20,31,1181,32,2170,33,2708,35,252,36,256,30.0
2026-04-18 03:03:35 AM,KXWTACHALLENGERMATCH-26APR18CHWMON-MON,29,47,28,1219,27,2880,26,1578,25,20,31,1181,32,2170,33,2708,35,252,36,256,30.0
2026-04-18 03:04:23 AM,KXWTACHALLENGERMATCH-26APR18CHWMON-MON,29,47,28,1219,27,2880,26,1578,25,20,31,1181,32,2170,33,2698,35,252,36,256,30.0
2026-04-18 03:04:23 AM,KXWTACHALLENGERMATCH-26APR18CHWMON-MON,29,47,28,1219,27,2880,26,1578,25,20,31,1181,32,2170,33,2688,35,252,36,256,30.0
2026-04-18 03:04:23 AM,KXWTACHALLENGERMATCH-26APR18CHWMON-MON,29,47,28,1219,27,2880,26,1578,25,20,31,1181,32,2180,33,2688,35,252,36,256,30.0
2026-04-18 03:04:23 AM,KXWTACHALLENGERMATCH-26APR18CHWMON-MON,29,47,28,1219,27,2880,26,1578,25,20,31,1181,32,2190,33,2688,35,252,36,256,30.0
2026-04-18 03:04:24 AM,KXWTACHALLENGERMATCH-26APR18CHWMON-MON,29,47,28,1219,27,2880,26,1578,25,20,31,1181,32,2190,33,2688,35,252,36,764,30.0
2026-04-18 03:04:54 AM,KXWTACHALLENGERMATCH-26APR18CHWMON-MON,29,47,28,1219,27,2880,26,1578,25,20,31,1181,32,2190,33,822,35,252,36,764,30.0
2026-04-18 03:04:54 AM,KXWTACHALLENGERMATCH-26APR18CHWMON-MON,29,47,28,1219,27,2880,26,1578,25,20,31,1181,32,2190,33,2688,35,252,36,764,30.0
2026-04-18 03:05:59 AM,KXWTACHALLENGERMATCH-26APR18CHWMON-MON,29,47,28,2513,27,2880,26,1578,25,20,31,1181,32,2190,33,2688,35,252,36,764,30.0
2026-04-18 03:06:00 AM,KXWTACHALLENGERMATCH-26APR18CHWMON-MON,29,47,28,2513,27,1586,26,1578,25,20,31,1181,32,2190,33,2688,35,252,36,764,30.0
2026-04-18 03:06:25 AM,KXWTACHALLENGERMATCH-26APR18CHWMON-MON,29,47,28,2513,27,1586,26,1578,25,20,31,1181,32,2190,33,822,35,252,36,764,30.0
2026-04-18 03:06:25 AM,KXWTACHALLENGERMATCH-26APR18CHWMON-MON,29,47,28,2513,27,1586,26,1578,25,20,31,1181,32,2190,33,2688,35,252,36,764,30.0
2026-04-18 03:06:51 AM,KXWTACHALLENGERMATCH-26APR18CHWMON-MON,29,22,28,2513,27,1586,26,1578,25,20,31,1181,32,2190,33,2688,35,252,36,764,30.0
2026-04-18 03:06:51 AM,KXWTACHALLENGERMATCH-26APR18CHWMON-MON,29,22,28,2513,27,1586,26,1578,25,20,31,1181,32,2190,33,2657,35,252,36,764,30.0
2026-04-18 03:06:51 AM,KXWTACHALLENGERMATCH-26APR18CHWMON-MON,29,22,28,2513,27,1617,26,1578,25,20,31,1181,32,2190,33,2657,35,252,36,764,30.0
2026-04-18 03:06:51 AM,KXWTACHALLENGERMATCH-26APR18CHWMON-MON,29,22,28,2513,27,1617,26,1578,25,20,31,1206,32,2190,33,2657,35,252,36,764,30.0
2026-04-18 03:08:17 AM,KXWTACHALLENGERMATCH-26APR18CHWMON-MON,29,22,28,2513,27,1617,26,1578,25,20,31,1206,32,2190,33,791,35,252,36,764,30.0
2026-04-18 03:08:17 AM,KXWTACHALLENGERMATCH-26APR18CHWMON-MON,29,22,28,2513,27,1617,26,1578,25,20,31,1206,32,2190,33,2657,35,252,36,764,30.0
2026-04-18 03:09:56 AM,KXWTACHALLENGERMATCH-26APR18CHWMON-MON,29,22,28,2513,27,1617,26,1578,25,20,31,1206,32,2190,33,791,35,252,36,764,30.0
2026-04-18 03:09:56 AM,KXWTACHALLENGERMATCH-26APR18CHWMON-MON,29,22,28,2513,27,1617,26,1578,25,20,31,1206,32,2190,33,2657,35,252,36,764,30.0
2026-04-18 03:12:01 AM,KXWTACHALLENGERMATCH-26APR18CHWMON-MON,29,22,28,2513,27,1617,26,1578,25,20,31,1206,32,2190,33,791,35,252,36,764,30.0
2026-04-18 03:12:01 AM,KXWTACHALLENGERMATCH-26APR18CHWMON-MON,29,22,28,2513,27,1617,26,1578,25,20,31,1206,32,2190,33,2657,35,252,36,764,30.0
2026-04-18 03:13:55 AM,KXWTACHALLENGERMATCH-26APR18CHWMON-MON,29,22,28,2513,27,1617,26,1578,25,20,31,1206,32,2190,33,791,35,252,36,764,30.0
2026-04-18 03:13:55 AM,KXWTACHALLENGERMATCH-26APR18CHWMON-MON,29,22,28,2513,27,1617,26,1578,25,20,31,1206,32,2190,33,2657,35,252,36,764,30.0
2026-04-18 03:15:46 AM,KXWTACHALLENGERMATCH-26APR18CHWMON-MON,29,22,28,2513,27,1617,26,1578,25,20,31,1206,32,2190,33,791,35,252,36,764,30.0
2026-04-18 03:15:46 AM,KXWTACHALLENGERMATCH-26APR18CHWMON-MON,29,22,28,2513,27,1617,26,1578,25,20,31,1206,32,2190,33,2657,35,252,36,764,30.0
2026-04-18 03:17:24 AM,KXWTACHALLENGERMATCH-26APR18CHWMON-MON,29,22,28,2513,27,1617,26,1578,25,20,31,1206,32,2190,33,791,35,252,36,764,30.0
2026-04-18 03:17:24 AM,KXWTACHALLENGERMATCH-26APR18CHWMON-MON,29,22,28,2513,27,1617,26,1578,25,20,31,1206,32,2190,33,2657,35,252,36,764,30.0
2026-04-18 03:19:05 AM,KXWTACHALLENGERMATCH-26APR18CHWMON-MON,29,22,28,2513,27,1617,26,1578,25,20,31,1206,32,2190,33,791,35,252,36,764,30.0
2026-04-18 03:19:05 AM,KXWTACHALLENGERMATCH-26APR18CHWMON-MON,29,22,28,2513,27,1617,26,1578,25,20,31,1206,32,2190,33,2657,35,252,36,764,30.0
2026-04-18 03:19:15 AM,KXWTACHALLENGERMATCH-26APR18CHWMON-MON,29,22,28,2513,27,1617,26,1578,25,20,31,1206,32,2190,33,2657,35,252,36,256,30.0
2026-04-18 03:20:05 AM,KXWTACHALLENGERMATCH-26APR18CHWMON-MON,30,90,29,22,28,2513,27,1617,26,1578,31,1206,32,2190,33,2657,35,252,36,256,30.5
2026-04-18 03:20:05 AM,KXWTACHALLENGERMATCH-26APR18CHWMON-MON,30,90,29,22,28,2513,27,1617,26,1578,31,1181,32,2190,33,2657,35,252,36,256,30.5
2026-04-18 03:20:05 AM,KXWTACHALLENGERMATCH-26APR18CHWMON-MON,30,90,29,22,28,2513,27,1617,26,1578,31,1181,32,2190,33,2688,35,252,36,256,30.5
2026-04-18 03:21:11 AM,KXWTACHALLENGERMATCH-26APR18CHWMON-MON,30,90,29,22,28,2513,27,1617,26,1578,31,1181,32,2190,33,822,35,252,36,256,30.5
2026-04-18 03:21:11 AM,KXWTACHALLENGERMATCH-26APR18CHWMON-MON,30,90,29,22,28,2513,27,1617,26,1578,31,1181,32,2190,33,2688,35,252,36,256,30.5
2026-04-18 03:22:50 AM,KXWTACHALLENGERMATCH-26APR18CHWMON-MON,30,90,29,22,28,2513,27,1617,26,1578,31,1181,32,2190,33,822,35,252,36,256,30.5
2026-04-18 03:22:50 AM,KXWTACHALLENGERMATCH-26APR18CHWMON-MON,30,90,29,22,28,2513,27,1617,26,1578,31,1181,32,2190,33,2688,35,252,36,256,30.5
2026-04-18 03:24:44 AM,KXWTACHALLENGERMATCH-26APR18CHWMON-MON,30,90,29,22,28,2513,27,1617,26,1578,31,1181,32,2190,33,822,35,252,36,256,30.5
2026-04-18 03:24:44 AM,KXWTACHALLENGERMATCH-26APR18CHWMON-MON,30,90,29,22,28,2513,27,1617,26,1578,31,1181,32,2190,33,2688,35,252,36,256,30.5
2026-04-18 03:25:36 AM,KXWTACHALLENGERMATCH-26APR18CHWMON-MON,30,90,29,22,28,2513,27,1617,26,1578,31,1181,32,2190,33,2688,35,252,36,856,30.5
2026-04-18 03:26:54 AM,KXWTACHALLENGERMATCH-26APR18CHWMON-MON,30,90,29,22,28,2513,27,1617,26,1578,31,1181,32,2190,33,822,35,252,36,856,30.5
2026-04-18 03:26:54 AM,KXWTACHALLENGERMATCH-26APR18CHWMON-MON,30,90,29,22,28,2513,27,1617,26,1578,31,1181,32,2190,33,2688,35,252,36,856,30.5
2026-04-18 03:29:14 AM,KXWTACHALLENGERMATCH-26APR18CHWMON-MON,30,90,29,22,28,2513,27,1617,26,1578,31,1181,32,2190,33,822,35,252,36,856,30.5
2026-04-18 03:29:14 AM,KXWTACHALLENGERMATCH-26APR18CHWMON-MON,30,90,29,22,28,2513,27,1617,26,1578,31,1181,32,2190,33,2688,35,252,36,856,30.5
2026-04-18 03:30:53 AM,KXWTACHALLENGERMATCH-26APR18CHWMON-MON,30,90,29,22,28,2513,27,1617,26,1578,31,1181,32,2190,33,822,35,252,36,856,30.5
2026-04-18 03:30:53 AM,KXWTACHALLENGERMATCH-26APR18CHWMON-MON,30,90,29,22,28,2513,27,1617,26,1578,31,1181,32,2190,33,2688,35,252,36,856,30.5
2026-04-18 03:32:37 AM,KXWTACHALLENGERMATCH-26APR18CHWMON-MON,30,90,29,22,28,2513,27,1617,26,1578,31,1181,32,2190,33,822,35,252,36,856,30.5
2026-04-18 03:32:37 AM,KXWTACHALLENGERMATCH-26APR18CHWMON-MON,30,90,29,22,28,2513,27,1617,26,1578,31,1181,32,2190,33,2688,35,252,36,856,30.5
2026-04-18 03:34:58 AM,KXWTACHALLENGERMATCH-26APR18CHWMON-MON,30,90,29,22,28,2513,27,1617,26,1578,31,1181,32,2190,33,822,35,252,36,856,30.5
2026-04-18 03:34:58 AM,KXWTACHALLENGERMATCH-26APR18CHWMON-MON,30,90,29,22,28,2513,27,1617,26,1578,31,1181,32,2190,33,2688,35,252,36,856,30.5
2026-04-18 03:36:28 AM,KXWTACHALLENGERMATCH-26APR18CHWMON-MON,30,90,29,22,28,2513,27,1617,26,1578,31,1181,32,2190,33,822,35,252,36,856,30.5
2026-04-18 03:36:28 AM,KXWTACHALLENGERMATCH-26APR18CHWMON-MON,30,90,29,22,28,2513,27,1617,26,1578,31,1181,32,2190,33,2688,35,252,36,856,30.5
2026-04-18 03:38:18 AM,KXWTACHALLENGERMATCH-26APR18CHWMON-MON,30,90,29,22,28,2513,27,1617,26,1578,31,1181,32,2190,33,822,35,252,36,856,30.5
2026-04-18 03:38:18 AM,KXWTACHALLENGERMATCH-26APR18CHWMON-MON,30,90,29,22,28,2513,27,1617,26,1578,31,1181,32,2190,33,2688,35,252,36,856,30.5
2026-04-18 03:39:34 AM,KXWTACHALLENGERMATCH-26APR18CHWMON-MON,30,90,29,22,28,1219,27,1617,26,1578,31,1181,32,2190,33,2688,35,252,36,856,30.5
2026-04-18 03:39:34 AM,KXWTACHALLENGERMATCH-26APR18CHWMON-MON,30,90,29,22,28,1219,27,2904,26,1578,31,1181,32,2190,33,2688,35,252,36,856,30.5
2026-04-18 03:39:46 AM,KXWTACHALLENGERMATCH-26APR18CHWMON-MON,30,90,29,22,28,2506,27,2904,26,1578,31,1181,32,2190,33,2688,35,252,36,856,30.5
2026-04-18 03:39:47 AM,KXWTACHALLENGERMATCH-26APR18CHWMON-MON,30,90,29,22,28,2506,27,1617,26,1578,31,1181,32,2190,33,2688,35,252,36,856,30.5
2026-04-18 03:40:05 AM,KXWTACHALLENGERMATCH-26APR18CHWMON-MON,30,90,29,22,28,2506,27,1617,26,1578,31,1181,32,2190,33,822,35,252,36,856,30.5
2026-04-18 03:40:05 AM,KXWTACHALLENGERMATCH-26APR18CHWMON-MON,30,90,29,22,28,2506,27,1617,26,1578,31,1181,32,2190,33,2688,35,252,36,856,30.5
2026-04-18 03:40:40 AM,KXWTACHALLENGERMATCH-26APR18CHWMON-MON,30,90,29,22,28,2506,27,1617,26,1578,31,1181,32,2190,33,2688,35,252,36,1381,30.5
2026-04-18 03:42:11 AM,KXWTACHALLENGERMATCH-26APR18CHWMON-MON,30,90,29,22,28,2506,27,1617,26,1578,31,1181,32,2190,33,822,35,252,36,1381,30.5
2026-04-18 03:42:11 AM,KXWTACHALLENGERMATCH-26APR18CHWMON-MON,30,90,29,22,28,2506,27,1617,26,1578,31,1181,32,2190,33,2688,35,252,36,1381,30.5
2026-04-18 03:42:45 AM,KXWTACHALLENGERMATCH-26APR18CHWMON-MON,30,90,29,22,28,4078,27,1617,26,1578,31,1181,32,2190,33,2688,35,252,36,1381,30.5
2026-04-18 03:42:45 AM,KXWTACHALLENGERMATCH-26APR18CHWMON-MON,30,90,29,22,28,4078,27,1617,26,1578,31,1181,32,3755,33,2688,35,252,36,1381,30.5
2026-04-18 03:43:43 AM,KXWTACHALLENGERMATCH-26APR18CHWMON-MON,30,90,29,22,28,4078,27,1617,26,1578,31,1181,32,3755,33,822,35,252,36,1381,30.5
2026-04-18 03:43:43 AM,KXWTACHALLENGERMATCH-26APR18CHWMON-MON,30,90,29,22,28,4078,27,1617,26,1578,31,1181,32,3755,33,2688,35,252,36,1381,30.5
2026-04-18 03:45:23 AM,KXWTACHALLENGERMATCH-26APR18CHWMON-MON,30,90,29,22,28,4078,27,1617,26,1578,31,1181,32,3755,33,4554,35,252,36,1381,30.5
2026-04-18 03:45:23 AM,KXWTACHALLENGERMATCH-26APR18CHWMON-MON,30,90,29,22,28,4078,27,1617,26,1578,31,1181,32,3755,33,2688,35,252,36,1381,30.5
2026-04-18 03:46:42 AM,KXWTACHALLENGERMATCH-26APR18CHWMON-MON,30,90,29,22,28,2506,27,1617,26,1578,31,1181,32,3755,33,2688,35,252,36,1381,30.5
2026-04-18 03:46:42 AM,KXWTACHALLENGERMATCH-26APR18CHWMON-MON,30,90,29,22,28,2506,27,1617,26,1578,31,1181,32,2190,33,2688,35,252,36,1381,30.5
2026-04-18 03:47:30 AM,KXWTACHALLENGERMATCH-26APR18CHWMON-MON,30,90,29,22,28,2506,27,1617,26,1578,31,1181,32,2190,33,822,35,252,36,1381,30.5
2026-04-18 03:47:30 AM,KXWTACHALLENGERMATCH-26APR18CHWMON-MON,30,90,29,22,28,2506,27,1617,26,1578,31,1181,32,2190,33,2688,35,252,36,1381,30.5
2026-04-18 03:49:31 AM,KXWTACHALLENGERMATCH-26APR18CHWMON-MON,30,90,29,22,28,2506,27,1617,26,1578,31,1181,32,2190,33,822,35,252,36,1381,30.5
2026-04-18 03:49:31 AM,KXWTACHALLENGERMATCH-26APR18CHWMON-MON,30,90,29,22,28,2506,27,1617,26,1578,31,1181,32,2190,33,2688,35,252,36,1381,30.5
2026-04-18 03:51:49 AM,KXWTACHALLENGERMATCH-26APR18CHWMON-MON,30,90,29,22,28,2506,27,1617,26,1578,31,1181,32,2190,33,4554,35,252,36,1381,30.5
2026-04-18 03:51:49 AM,KXWTACHALLENGERMATCH-26APR18CHWMON-MON,30,90,29,22,28,2506,27,1617,26,1578,31,1181,32,2190,33,2688,35,252,36,1381,30.5
2026-04-18 03:53:37 AM,KXWTACHALLENGERMATCH-26APR18CHWMON-MON,30,90,29,22,28,2506,27,1617,26,1578,31,1181,32,2190,33,822,35,252,36,1381,30.5
2026-04-18 03:53:37 AM,KXWTACHALLENGERMATCH-26APR18CHWMON-MON,30,90,29,22,28,2506,27,1617,26,1578,31,1181,32,2190,33,2688,35,252,36,1381,30.5
2026-04-18 03:55:11 AM,KXWTACHALLENGERMATCH-26APR18CHWMON-MON,30,90,29,22,28,2506,27,1617,26,1578,31,1181,32,2190,33,822,35,252,36,1381,30.5
2026-04-18 03:55:11 AM,KXWTACHALLENGERMATCH-26APR18CHWMON-MON,30,90,29,22,28,2506,27,1617,26,1578,31,1181,32,2190,33,2688,35,252,36,1381,30.5
2026-04-18 03:57:06 AM,KXWTACHALLENGERMATCH-26APR18CHWMON-MON,30,90,29,22,28,2506,27,1617,26,1578,31,1181,32,2190,33,822,35,252,36,1381,30.5
2026-04-18 03:57:06 AM,KXWTACHALLENGERMATCH-26APR18CHWMON-MON,30,90,29,22,28,2506,27,1617,26,1578,31,1181,32,2190,33,2688,35,252,36,1381,30.5
2026-04-18 03:59:34 AM,KXWTACHALLENGERMATCH-26APR18CHWMON-MON,30,90,29,22,28,2506,27,1617,26,1578,31,1181,32,2190,33,822,35,252,36,1381,30.5
2026-04-18 03:59:34 AM,KXWTACHALLENGERMATCH-26APR18CHWMON-MON,30,90,29,22,28,2506,27,1617,26,1578,31,1181,32,2190,33,2688,35,252,36,1381,30.5
2026-04-18 04:01:15 AM,KXWTACHALLENGERMATCH-26APR18CHWMON-MON,30,90,29,22,28,2506,27,1617,26,1578,31,1181,32,2190,33,822,35,252,36,1381,30.5
2026-04-18 04:01:15 AM,KXWTACHALLENGERMATCH-26APR18CHWMON-MON,30,90,29,22,28,2506,27,1617,26,1578,31,1181,32,2190,33,2688,35,252,36,1381,30.5
2026-04-18 04:02:33 AM,KXWTACHALLENGERMATCH-26APR18CHWMON-MON,30,90,29,22,28,2506,27,1617,26,1578,31,1181,32,2190,33,2688,35,252,36,1125,30.5
2026-04-18 04:02:33 AM,KXWTACHALLENGERMATCH-26APR18CHWMON-MON,30,90,29,22,28,2506,27,1617,26,947,31,1181,32,2190,33,2688,35,252,36,1125,30.5
2026-04-18 04:02:33 AM,KXWTACHALLENGERMATCH-26APR18CHWMON-MON,30,90,29,22,28,2506,27,1617,26,947,31,1181,32,2190,33,2688,36,1125,37,300,30.5
2026-04-18 04:02:33 AM,KXWTACHALLENGERMATCH-26APR18CHWMON-MON,30,90,29,22,28,2506,27,1009,26,947,31,1181,32,2190,33,2688,36,1125,37,300,30.5
2026-04-18 04:03:34 AM,KXWTACHALLENGERMATCH-26APR18CHWMON-MON,30,90,29,22,28,2506,27,1009,26,947,31,1181,32,2190,33,822,36,1125,37,300,30.5
2026-04-18 04:03:34 AM,KXWTACHALLENGERMATCH-26APR18CHWMON-MON,30,90,29,22,28,2506,27,1009,26,947,31,1181,32,2190,33,2688,36,1125,37,300,30.5
2026-04-18 04:05:55 AM,KXWTACHALLENGERMATCH-26APR18CHWMON-MON,30,90,29,22,28,2506,27,1009,26,947,31,1181,32,2190,33,822,36,1125,37,300,30.5
2026-04-18 04:05:55 AM,KXWTACHALLENGERMATCH-26APR18CHWMON-MON,30,90,29,22,28,2506,27,1009,26,947,31,1181,32,2190,33,2688,36,1125,37,300,30.5
2026-04-18 04:06:06 AM,KXWTACHALLENGERMATCH-26APR18CHWMON-MON,30,90,29,22,28,2481,27,1009,26,947,31,1181,32,2190,33,2688,36,1125,37,300,30.5
2026-04-18 04:06:08 AM,KXWTACHALLENGERMATCH-26APR18CHWMON-MON,30,90,29,22,28,2481,27,1009,26,978,31,1181,32,2190,33,2688,36,1125,37,300,30.5
2026-04-18 04:07:49 AM,KXWTACHALLENGERMATCH-26APR18CHWMON-MON,30,90,29,22,28,2481,27,1009,26,978,31,1181,32,2190,33,822,36,1125,37,300,30.5
2026-04-18 04:07:49 AM,KXWTACHALLENGERMATCH-26APR18CHWMON-MON,30,90,29,22,28,2481,27,1009,26,978,31,1181,32,2190,33,2688,36,1125,37,300,30.5
2026-04-18 04:09:31 AM,KXWTACHALLENGERMATCH-26APR18CHWMON-MON,30,90,29,22,28,2481,27,1009,26,978,31,1181,32,2190,33,822,36,1125,37,300,30.5
2026-04-18 04:09:31 AM,KXWTACHALLENGERMATCH-26APR18CHWMON-MON,30,90,29,22,28,2481,27,1009,26,978,31,1181,32,2190,33,2688,36,1125,37,300,30.5
2026-04-18 04:12:00 AM,KXWTACHALLENGERMATCH-26APR18CHWMON-MON,30,90,29,22,28,2481,27,1009,26,978,31,1181,32,2190,33,822,36,1125,37,300,30.5
2026-04-18 04:12:00 AM,KXWTACHALLENGERMATCH-26APR18CHWMON-MON,30,90,29,22,28,2481,27,1009,26,978,31,1181,32,2190,33,2688,36,1125,37,300,30.5
2026-04-18 04:13:25 AM,KXWTACHALLENGERMATCH-26APR18CHWMON-MON,30,90,29,22,28,2506,27,1009,26,978,31,1181,32,2190,33,2688,36,1125,37,300,30.5
2026-04-18 04:13:25 AM,KXWTACHALLENGERMATCH-26APR18CHWMON-MON,30,90,29,22,28,2506,27,1009,26,947,31,1181,32,2190,33,2688,36,1125,37,300,30.5
2026-04-18 04:13:34 AM,KXWTACHALLENGERMATCH-26APR18CHWMON-MON,30,90,29,22,28,2506,27,1009,26,947,31,1181,32,2190,33,822,36,1125,37,300,30.5
2026-04-18 04:13:34 AM,KXWTACHALLENGERMATCH-26APR18CHWMON-MON,30,90,29,22,28,2506,27,1009,26,947,31,1181,32,2190,33,2688,36,1125,37,300,30.5
2026-04-18 04:14:04 AM,KXWTACHALLENGERMATCH-26APR18CHWMON-MON,30,90,29,22,28,2506,27,1009,26,947,31,1181,32,2190,33,2657,36,1125,37,300,30.5
2026-04-18 04:14:04 AM,KXWTACHALLENGERMATCH-26APR18CHWMON-MON,30,90,29,22,28,2506,27,1009,26,947,31,1206,32,2190,33,2657,36,1125,37,300,30.5
2026-04-18 04:14:09 AM,KXWTACHALLENGERMATCH-26APR18CHWMON-MON,30,90,29,47,28,2506,27,1009,26,947,31,1206,32,2190,33,2657,36,1125,37,300,30.5
2026-04-18 04:14:09 AM,KXWTACHALLENGERMATCH-26APR18CHWMON-MON,30,90,29,47,28,2506,27,1009,26,947,31,1206,32,2190,33,2687,36,1125,37,300,30.5
2026-04-18 04:14:09 AM,KXWTACHALLENGERMATCH-26APR18CHWMON-MON,30,90,29,47,28,2506,27,978,26,947,31,1206,32,2190,33,2687,36,1125,37,300,30.5
2026-04-18 04:14:09 AM,KXWTACHALLENGERMATCH-26APR18CHWMON-MON,30,90,29,47,28,2506,27,978,26,947,31,1181,32,2190,33,2687,36,1125,37,300,30.5
2026-04-18 04:14:10 AM,KXWTACHALLENGERMATCH-26APR18CHWMON-MON,30,90,29,47,28,2506,27,1009,26,947,31,1181,32,2190,33,2687,36,1125,37,300,30.5
2026-04-18 04:14:10 AM,KXWTACHALLENGERMATCH-26APR18CHWMON-MON,30,90,29,47,28,2506,27,1009,26,947,31,1206,32,2190,33,2687,36,1125,37,300,30.5
2026-04-18 04:14:10 AM,KXWTACHALLENGERMATCH-26APR18CHWMON-MON,30,90,29,22,28,2506,27,1009,26,947,31,1206,32,2190,33,2687,36,1125,37,300,30.5
2026-04-18 04:14:10 AM,KXWTACHALLENGERMATCH-26APR18CHWMON-MON,30,90,29,22,28,2506,27,1009,26,947,31,1206,32,2190,33,2657,36,1125,37,300,30.5
2026-04-18 04:14:20 AM,KXWTACHALLENGERMATCH-26APR18CHWMON-MON,30,90,29,22,28,2506,27,1009,26,947,31,1206,32,2190,33,2688,36,1125,37,300,30.5
2026-04-18 04:14:20 AM,KXWTACHALLENGERMATCH-26APR18CHWMON-MON,30,90,29,22,28,2506,27,1009,26,947,31,1181,32,2190,33,2688,36,1125,37,300,30.5
2026-04-18 04:15:17 AM,KXWTACHALLENGERMATCH-26APR18CHWMON-MON,30,90,29,22,28,2506,27,1009,26,947,31,1181,32,2190,33,822,36,1125,37,300,30.5
2026-04-18 04:15:17 AM,KXWTACHALLENGERMATCH-26APR18CHWMON-MON,30,90,29,22,28,2506,27,1009,26,947,31,1181,32,2190,33,2688,36,1125,37,300,30.5
2026-04-18 04:17:28 AM,KXWTACHALLENGERMATCH-26APR18CHWMON-MON,30,90,29,22,28,2506,27,1009,26,947,31,954,32,2190,33,2688,36,1125,37,300,30.5
2026-04-18 04:17:37 AM,KXWTACHALLENGERMATCH-26APR18CHWMON-MON,30,90,29,22,28,2506,27,1009,26,947,31,954,32,2190,33,822,36,1125,37,300,30.5
2026-04-18 04:17:37 AM,KXWTACHALLENGERMATCH-26APR18CHWMON-MON,30,90,29,22,28,2506,27,1009,26,947,31,954,32,2190,33,2688,36,1125,37,300,30.5
2026-04-18 04:19:15 AM,KXWTACHALLENGERMATCH-26APR18CHWMON-MON,30,90,29,22,28,2506,27,1009,26,947,31,954,32,2190,33,822,36,1125,37,300,30.5
2026-04-18 04:19:15 AM,KXWTACHALLENGERMATCH-26APR18CHWMON-MON,30,90,29,22,28,2506,27,1009,26,947,31,954,32,2190,33,2688,36,1125,37,300,30.5
2026-04-18 04:20:49 AM,KXWTACHALLENGERMATCH-26APR18CHWMON-MON,30,90,29,22,28,2506,27,1009,26,947,31,954,32,2190,33,2688,36,525,37,300,30.5
2026-04-18 04:21:06 AM,KXWTACHALLENGERMATCH-26APR18CHWMON-MON,30,90,29,22,28,2506,27,1009,26,947,31,954,32,2190,33,822,36,525,37,300,30.5
2026-04-18 04:21:06 AM,KXWTACHALLENGERMATCH-26APR18CHWMON-MON,30,90,29,22,28,2506,27,1009,26,947,31,954,32,2190,33,2688,36,525,37,300,30.5
2026-04-18 04:21:51 AM,KXWTACHALLENGERMATCH-26APR18CHWMON-MON,30,90,29,47,28,2506,27,1009,26,947,31,954,32,2190,33,2688,36,525,37,300,30.5
2026-04-18 04:21:51 AM,KXWTACHALLENGERMATCH-26APR18CHWMON-MON,30,90,29,47,28,2506,27,978,26,947,31,954,32,2190,33,2688,36,525,37,300,30.5
2026-04-18 04:21:52 AM,KXWTACHALLENGERMATCH-26APR18CHWMON-MON,30,90,29,22,28,2506,27,978,26,947,31,954,32,2190,33,2688,36,525,37,300,30.5
2026-04-18 04:21:52 AM,KXWTACHALLENGERMATCH-26APR18CHWMON-MON,30,90,29,22,28,2506,27,1009,26,947,31,954,32,2190,33,2688,36,525,37,300,30.5
2026-04-18 04:23:08 AM,KXWTACHALLENGERMATCH-26APR18CHWMON-MON,30,90,29,22,28,2506,27,1009,26,947,31,954,32,2190,33,822,36,525,37,300,30.5
2026-04-18 04:23:08 AM,KXWTACHALLENGERMATCH-26APR18CHWMON-MON,30,90,29,22,28,2506,27,1009,26,947,31,954,32,2190,33,2688,36,525,37,300,30.5
2026-04-18 04:25:37 AM,KXWTACHALLENGERMATCH-26APR18CHWMON-MON,30,90,29,22,28,2506,27,1009,26,947,31,954,32,2190,33,822,36,525,37,300,30.5
2026-04-18 04:25:37 AM,KXWTACHALLENGERMATCH-26APR18CHWMON-MON,30,90,29,22,28,2506,27,1009,26,947,31,954,32,2190,33,2688,36,525,37,300,30.5
2026-04-18 04:27:38 AM,KXWTACHALLENGERMATCH-26APR18CHWMON-MON,30,90,29,22,28,2506,27,1009,26,947,31,954,32,2190,33,822,36,525,37,300,30.5
2026-04-18 04:27:38 AM,KXWTACHALLENGERMATCH-26APR18CHWMON-MON,30,90,29,22,28,2506,27,1009,26,947,31,954,32,2190,33,2688,36,525,37,300,30.5
2026-04-18 04:28:03 AM,KXWTACHALLENGERMATCH-26APR18CHWMON-MON,30,90,29,22,28,2506,27,978,26,947,31,954,32,2190,33,2688,36,525,37,300,30.5
2026-04-18 04:28:03 AM,KXWTACHALLENGERMATCH-26APR18CHWMON-MON,30,90,29,47,28,2506,27,978,26,947,31,954,32,2190,33,2688,36,525,37,300,30.5
2026-04-18 04:28:03 AM,KXWTACHALLENGERMATCH-26APR18CHWMON-MON,30,90,29,47,28,2506,27,1009,26,947,31,954,32,2190,33,2688,36,525,37,300,30.5
